3292 5167
584 283 601 326 ,
644 264 724 309 ns
770 262 1200 321 occUPA'riONss,
1249 260 1617 312 accessionis
1665 265 1743 311 n
1790 264 2157 312 mammons
2580 247 2712 316 227

174 381 273 430 nou
307 371 561 445 possunt
596 365 901 444 separari,
933 372 1133 427 totum
1165 364 1520 444 pertinebit
1546 365 1625 428 ad
1657 364 1988 429 dominum
2024 366 2114 428 rei
2155 365 2557 448 principalis,
2605 385 2706 431 so·

176 447 277 510 luto
311 445 504 524 pretio
551 461 768 508 rerum
811 445 1259 525 adiunctarum
1290 444 1345 507 ¹.

292 525 338 589 2
379 523 772 605 specificatio
832 536 930 590 est
991 524 1247 610 quando
1291 541 1453 590 nova
1508 526 1758 605 species
1800 524 2145 588 conficitur
2207 544 2288 592 ex
2355 545 2427 591 re
2473 529 2716 605 aliena,

182 623 226 668 v.
253 623 310 686 g..
343 607 391 667 si
434 608 581 685 quis
624 623 702 670 ex
745 604 890 669 lana
932 605 1084 669 Titii
1129 605 1252 670 sibi
1297 607 1598 670 conficiat
1640 621 1966 686 pannum3
2011 605 2113 670 vel
2177 623 2257 670 ex
2303 623 2511 672 massa
2561 611 2708 674 auri

185 685 303 829 2⁰⁰⁶
338 685 481 750 Titii
526 687 857 767 proprium
901 696 1022 761 est,
1068 686 1191 749 sibi
1235 687 1537 752 conficiat
1579 685 1934 761 annulum3
1995 685 2096 747 vel
2155 686 2413 751 demum
2458 706 2537 752 ex
2585 706 2706 753 uva

221 766 285 830 itii
319 766 429 828 sibi
473 769 780 830 conficiat
822 771 1085 838 vinum;
1150 768 1273 832 iste
1315 768 1554 832 dicitur
1615 767 1999 848 specificans.
2061 765 2264 846 Igitur
2328 768 2582 832 vel‘res
2628 770 2706 833 ad

186 846 664 928 specificationem
695 846 978 911 adbibita
1007 847 1192 911 valde
1236 857 1578 929 superatur
1622 864 1657 910 a
1705 847 1923 912 labore
1970 850 2260 928 impenso
2294 848 2359 911 in
2398 851 2530 929 ipsa
2565 867 2595 912 s
2645 869 2707 914 e·

184 927 508 1004 effication03
553 928 658 991 vel
703 944 852 991 non.
895 926 962 990 Si
1008 929 1073 1006 1,
1113 927 1433 992 industria
1478 928 1823 992 habebitur
1870 935 1938 991 ut
1999 928 2401 1009 principalis,
2444 941 2510 992 et
2563 929 2579 991 i
2631 947 2705 994 eo

182 1007 355 1069 artifex
393 1010 633 1086 poterit
677 1024 818 1071 eam
861 1008 982 1072 sibi
1029 1011 1319 1073 retinere
1382 1006 1691 1072 solvendo
1735 1008 1995 1072 domino
2052 1008 2337 1072 valorem
2382 1012 2711 1074 materias:

182 1097 303 1151 met
336 1087 382 1150 si
431 1090 642 1167 pictor
686 1089 1087 1153 adhibuisset
1134 1090 1211 1153 ad
1261 1088 1659 1169 pingendum
1704 1088 1954 1152 colores
1996 1104 2127 1152 non
2176 1106 2344 1153 suos.
2380 1088 2445 1151 Si
2489 1090 2551 1166 2,
2600 1089 2709 1153 do·

178 1170 340 1231 minus
378 1172 617 1248 poterit
660 1185 892 1234 novam
935 1170 1212 1250 speciem
1257 1171 1592 1234 vindicare
1635 1170 1795 1246 sibi;
1842 1169 1993 1234 licet
2026 1186 2131 1233 res
2161 1170 2238 1234 ad
2274 1171 2553 1250 primum
2583 1186 2708 1234 sta·

179 1259 271 1311 tum
308 1249 516 1311 reduci
565 1254 786 1330 possit,
829 1250 1018 1313 modo
1062 1249 1270 1314 solvat
1312 1252 1591 1331 pretium
1632 1251 2031 1330 specificanti
2101 1267 2215 1331 pro
2284 1250 2424 1334 ejus
2471 1250 2713 1328 labore,

175 1329 314 1408 vulgo
351 1347 530 1392 mano
572 1331 847 1414 d'opera.
891 1330 1068 1404 Quod
1113 1332 1167 1394 si
1210 1332 1457 1411 species
1502 1331 1701 1395 fuerit
1730 1329 2021 1394 confecta
2048 1333 2286 1473 partim
2332 1348 2410 1394 ex
2448 1333 2711 1412 propria

175 1412 351 1488 partim
391 1427 467 1472 ex
503 1409 717 1473 aliena
785 1412 1074 1487 materia,
1117 1429 1172 1475 si
1216 1414 1501 1492 separari
1574 1426 1700 1473 non
1748 1420 1947 1491 possit
2007 1429 2038 1473 a
2090 1428 2246 1491 sque
2292 1410 2713 1487 detrimento,

172 1506 331 1570 neque
371 1493 593 1570 primas
639 1496 930 1556 materias
973 1494 1106 1554 sint
1156 1508 1271 1571 per
1335 1493 1663 1572 integrum
1734 1493 2103 1569 destructas,
2165 1508 2325 1572 opus
2368 1506 2709 1556 commune

174 1572 288 1639 erit.
323 1571 517 1649 quoad
578 1588 781 1635 unum
825 1580 1083 1636 ratione
1124 1574 1434 1649 materiae,
1476 1572 1682 1652 quoad
1731 1572 1928 1637 alium
1980 1575 2231 1635 ratione
2277 1580 2410 1636 tum
2477 1571 2713 1635 laboris

170 1650 396 1791 ilpopere
417 1652 846 1796 cchnssegendo,
876 1660 1009 1716 tum
1038 1670 1173 1717 suas
1204 1657 1529 1717 materiae:
1562 1652 1733 1717 unde
1767 1669 1869 1716 res
1895 1654 2023 1716 erit
2067 1668 2144 1716 eo
2176 1652 2240 1715 in
2272 1668 2424 1716 casu
2455 1652 2705 1733 publica

210 1742 312 1793 asta
344 1748 459 1795 ven
512 1749 595 1795 en
650 1748 706 1796 a.
1379 1753 1389 1763 ·

284 1810 333 1874 3.
376 1812 678 1893 Confusio
720 1814 859 1877 sive
903 1812 1262 1876 commixtio
1305 1822 1424 1889 est,
1467 1811 1725 1895 quando
1770 1811 2046 1877 diversas
2089 1815 2379 1877 materias
2414 1811 2492 1876 ad
2539 1828 2706 1875 com·

168 1888 337 1970 plures
374 1893 676 1957 dominos
721 1895 1123 1974 pertinentes
1166 1894 1358 1957 simul
1403 1893 1895 1957 contunduntur
1928 1910 2042 1956 seu
2085 1896 2611 1958 commiscentur.
2642 1893 2708 1957 ld

170 1976 430 2052 contingit
492 1973 600 2037 vel
664 1975 729 2037 in
794 1973 1173 2054 corporibus
1217 1973 1480 2054 liquidis
1544 1981 1655 2037 aut
1728 1973 2120 2053 liquefactis,
2161 1989 2218 2037 ν.
2265 1991 2345 2054 g.‚
2387 1975 2438 2037 si
2487 1975 2706 2037 vinum

171 2051 384 2117 duorum
425 2054 627 2118 simul
672 2053 1055 2118 infundatur
1100 2056 1165 2117 in
1231 2071 1430 2119 unum
1475 2071 1625 2128 vas3
1669 2053 1772 2116 vel
1818 2056 2010 2117 etiam
2072 2058 2138 2117 in
2185 2055 2563 2134 corporibus
2608 2070 2707 2116 so-

176 2130 308 2209 lidis,
336 2151 385 2196 v.
426 2152 507 2215 g„
560 2137 616 2198 si
665 2138 907 2200 nummi
945 2134 1094 2198 Titii
1124 2150 1269 2198 cum
1314 2152 1594 2200 nummis
1633 2133 1996 2214 Sempronii
2043 2136 2550 2211 immisceamur,
2585 2132 2711 2198 fru-

178 2221 401 2276 mentum
446 2232 597 2278 cum
657 2214 1005 2279 frumento.
1049 2214 1182 2289 Quo
1228 2218 1454 2295 posito,
1497 2232 1577 2278 en
1622 2215 1969 2279 resolutio:
2038 2217 2101 2296 i)
2166 2215 2425 2296 quando
2471 2231 2709 2278 novum

174 2308 349 2373 corpus
403 2295 775 2359 confectum
840 2295 964 2360 fuit
1006 2313 1087 2359 ex
1128 2297 1584 2360 commixtione
1630 2295 2032 2359 diversarum
2102 2296 2521 2360 materiarum
2567 2312 2707 2375 spe-

171 2376 419 2437 ctantium
465 2375 546 2439 ad
617 2376 838 2456 plures
880 2376 1197 2450 dominos,
1239 2392 1510 2457 quarum
1557 2388 1785 2440 neutra
1831 2386 2041 2456 potest
2105 2376 2328 2440 haberi
2405 2384 2709 2455 tanquam

172 2454 507 2535 principalis,
572 2459 628 2520 si
677 2460 964 2521 materiae
1025 2456 1239 2519 adbuc
1282 2458 1568 2537 separari
1615 2457 1891 2534 valeant,
1939 2457 2050 2519 ille
2114 2473 2240 2537 quo
2287 2458 2494 2520 inscio
2539 2471 2710 2519 com·

170 2537 336 2598 mixtae
375 2548 545 2614 sunt,
616 2553 760 2601 eam
823 2535 1293 2619 separationem
1361 2547 1579 2618 petere
1624 2545 1851 2618 potest.
1896 2535 2068 2611 Quod
2138 2539 2191 2600 si
2247 2537 2532 2618 separari
2601 2552 2709 2599 ne-

169 2625 362 2693 queunt
398 2616 644 2698 absque
688 2617 1097 2692 detriment0,
1136 2632 1369 2681 novum
1416 2634 1647 2698 corpus
1693 2618 1766 2681 fit
1799 2633 2137 2680 commune
2184 2633 2299 2698 pro
2343 2626 2479 2680 rata
2514 2634 2709 2698 quan·

171 2695 348 2775 utatis,
385 2698 722 2776 qualitatis
764 2708 831 2761 et
871 2697 1193 2772 materiae3
1245 2698 1311 2779 2)
1354 2702 1407 2761 si
1452 2701 1741 2761 materiae
1787 2701 1977 2761 unius
2022 2700 2437 2778 proprietarii
2507 2715 2706 2778 quan-

170 2777 310 2840 titate
348 2786 410 2840 et
450 2780 666 2858 pretio
711 2779 902 2858 longe
945 2778 1215 2842 alteram
1258 2785 1618 2859 superaret,
1652 2778 1952 2843 dominus
1987 2779 2277 2842 materiae
2303 2780 2706 2859 pretiosioris

167 2854 257 2919 sibi
291 2858 623 2923 vindicare
667 2869 876 2939 potest
917 2874 1148 2939 corpus
1193 2867 1414 2934 totum,
1456 2858 1799 2922 tribuendo
1858 2858 2047 2922 alteri
2093 2861 2374 2938 pretium
2420 2871 2711 2923 materias

168 2934 223 2997 ad
255 2936 418 3001 illum
455 2942 849 3020 spectantis;
881 2939 947 3020 3)
993 2937 1249 3019 quando
1294 2956 1529 3003 novum
1576 2955 1806 3018 corpus
1851 2940 1923 3001 fit
1965 2954 2303 3003 commune
2352 2939 2526 3002 inter
2556 2956 2701 3020 pro·

167 3017 476 3095 prietarios,
541 3037 623 3084 ex
668 3036 940 3099 quorum
989 3019 1279 3083 materiis
1328 3020 1487 3083 illud
1557 3021 1817 3097 coaluit,
1861 3020 2095 3083 incitari
2143 3019 2336 3083 debet
2380 3035 2494 3098 pro
2539 3036 2708 3082 com·

167 3101 304 3161 muni
344 3099 646 3165 utilitate.
690 3101 806 3164 Hic
848 3100 1200 3165 notandum
1251 3116 1332 3164 ex
1374 3102 1539 3180 Lege
1582 3100 1803 3163 civili:
1852 3099 2066 3164 Colore
2095 3099 2204 3163 clte
2246 3100 2456 3163 hanno
2492 3101 2710 3181 adope-

168 3183 272 3240 rote
304 3182 560 3243 materie
624 3184 931 3261 spectanti
999 3183 1080 3245 ad
1121 3181 1304 3256 altri,
1342 3200 1373 3246 e
1446 3199 1636 3244 senza
1703 3180 2201 3244 l’assentimento
2270 3182 2372 3244 dei
2425 3183 2708 3262 proprie·

168 3259 300 3334 tari,
337 3278 598 3340 pos-sono
639 3279 798 3342 pare
841 3279 1043 3325 essere
1084 3262 1474 3327 condannati
1514 3261 1582 3325 a!
1622 3263 2070 3325 risarcimento
2122 3261 2222 3324 dei
2262 3262 2481 3338 danai,
2538 3262 2713 3325 salvo

168 3334 468 3484 Fssgcizio
495 3342 887 3504 >affatione
942 3342 1165 3423 penate
1227 3344 1476 3423 quando
1535 3343 1636 3406 sia
1681 3343 1731 3404 il
1772 3358 1917 3405 caso
1961 3343 2086 3416 (uti
2130 3344 2182 3405 si
2242 3341 2413 3405 furto
2461 3359 2563 3405 res
2600 3343 2709 3406 illa

164 3433 187 3479 s
310 3428 364 3486 ta
404 3424 493 3486 sit
579 3468 599 3486 .

228 3575 418 3642 883.
471 3579 544 3657 Q.
596 3578 657 3643 6.
709 3576 873 3658 Quid
916 3588 1002 3643 est
1045 3596 1260 3643 reram
1299 3576 1575 3660 traditio,
1622 3587 1680 3643 et
1725 3576 2109 3663 quotuplex?

229 3680 289 3747 R.
331 3682 622 3750 Traditio
671 3700 895 3751 rerum
943 3681 1288 3751 definitur:
1322 3682 1662 3750 translatio
1688 3682 2099 3770 possessionis
2129 3682 2202 3747 de
2233 3701 2430 3748 manu
2477 3682 2548 3749 in
2584 3701 2718 3747 ma-

164 3802 297 3870 πειηι,
337 3790 392 3856 si
435 3809 538 3857 res
583 3791 826 3857 mobilis
870 3791 993 3869 sit,·
1039 3790 1140 3859 vel
1188 3791 1491 3858 immissio
1538 3789 1608 3856 in
1647 3789 2118 3877 possessionem,
2168 3790 2225 3857 si
2271 3789 2625 3856 immobilis.

229 3892 349 3961 Alia
395 3903 499 3967 est
539 3898 826 3984 propria,
879 3914 1030 3983 quae
1079 3897 1387 3966 consistit
1434 3897 1499 3963 in
1551 3896 1752 3965 rebus
1802 3895 2262 3982 corporalibus
2312 3895 2449 3962 sive
2497 3892 2716 3959 mobi-

170 3995 302 4069 libus
343 4002 481 4072 sive
529 4004 1007 4074 immobilibus.
1055 4004 1195 4073 Alia
1266 4003 1635 4092 impropria,
1687 4021 1836 4088 quae
1911 4003 2111 4072 rebus
2184 3999 2713 4086 incorporalibus

173 4110 450 4177 convenit.
498 4110 638 4179 Alia
686 4113 830 4198 ficta
875 4128 1025 4197 quae
1074 4110 1313 4195 triplex
1377 4117 1499 4193 est,
1571 4108 1791 4177 brevis
1864 4126 2119 4190 manus,
2191 4106 2407 4192 longae
2480 4123 2715 4174 manus

214 4335 230 4375 ¹
258 4340 494 4392 Habenda
525 4343 627 4394 erit
659 4342 732 4392 uti
768 4353 851 4392 res
884 4340 1193 4405 principalis
1226 4341 1334 4402 illa,
1371 4341 1457 4391 cui
1492 4351 1578 4390 res
1610 4340 1778 4390 altera
1810 4337 2063 4399 adjuncta
2115 4339 2196 4389 est
2252 4337 2511 4401 tauquam
2565 4348 2718 4389 orna-

164 4405 367 4452 mentum
400 4405 479 4455 vel
513 4417 645 4454 usus
679 4406 758 4454 vei
791 4403 1267 4466 complementum:
1303 4405 1381 4453 sic
1414 4412 1623 4474 gemma
1656 4401 1959 4463 adjungitur
1991 4401 2211 4459 aunum,
2246 4404 2300 4451 et
2351 4411 2586 4463 purpura
2634 4412 2714 4451 ve·

165 4462 236 4530 sti.
265 4462 310 4514 Si
342 4476 466 4516 vero
498 4466 785 4526 dubitetur,
822 4465 1103 4517 habebitur
1135 4466 1209 4516 uti
1245 4477 1328 4516 res
1363 4464 1672 4527 principalis
1704 4475 1825 4527 quae
1859 4464 2076 4526 praestat
2108 4462 2290 4512 valore
2324 4467 2377 4514 et
2410 4465 2610 4525 pretio:
2665 4463 2716 4513 et

166 4531 203 4571 si
226 4528 360 4577 valor
389 4531 442 4579 et
471 4529 699 4591 pretium
729 4531 835 4578 sint
866 4528 1028 4579 terme
1060 4528 1304 4591 sequana,
1342 4524 1616 4589 praetertur
1647 4539 1766 4589 quae
1802 4528 2018 4588 praestat
2047 4525 2353 4576 volumine:
2385 4527 2486 4575 art.
2516 4527 2627 4576 465.
2652 4550 2715 4561 —

168 4584 290 4636 (LA.
322 4590 441 4642 ut:
472 4615 535 4626 —
568 4592 623 4641 G.
660 4591 719 4639 G.
753 4593 966 4652 5663—
999 4590 1380 4649 c.s.491;—
1417 4589 1469 4640 G.
1506 4590 1566 4638 P.
1600 4592 1726 4649 5963
1762 4614 1825 4625 —
1859 4588 1913 4639 C.
1950 4588 2019 4638 M.
2055 4591 2186 4648 662;
2218 4613 2283 4625 —
2317 4589 2366 4639 G.
2409 4589 2463 4637 T.
2501 4589 2613 4639 302.

214 4646 239 4685 ²
266 4652 368 4712 Art,
399 4653 515 4713 ⁴743
551 4677 614 4689 -
647 4652 702 4702 G.
736 4654 793 4702 G.
826 4655 949 4713 57ss
986 4677 1051 4689 —
1084 4655 1138 4703 G.
1173 4655 1219 4702 S.
1256 4653 1388 4713 494;
1417 4675 1482 4688 —
1517 4653 1570 4701 G.
1605 4654 1665 4702 P.
1700 4654 1824 4714 5993
1856 4675 1921 4688 —
1955 4651 2008 4701 C.
2048 4651 2116 4702 M.
2153 4653 2275 4713 6653
2315 4674 2380 4687 —
2414 4652 2467 4702 C.
2510 4651 2565 4699 T.
2603 4650 2712 4699 301.

164 4730 218 4745 -·
250 4710 301 4760 V.
334 4712 557 4777 Lignum,
592 4715 683 4777 Op.
718 4716 865 4776 Mor„
899 4714 933 4766 l.
968 4728 1041 4778 ιιι,
1078 4726 1171 4765 nu.
1202 4716 1295 4766 493
1328 4717 1381 4767 et
1409 4725 1557 4779 seqq.
