3292 5167
1151 257 1231 303 nn
1278 257 1678 304 nAEnssmTATss
2588 235 2718 303 239

224 357 286 424 R.
324 356 387 420 Si
421 359 483 420 in
527 354 768 420 familia
816 354 1036 420 adsint
1077 355 1222 430 filii,
1274 359 1382 437 qui
1429 358 1508 420 de
1552 375 1625 421 ea
1692 367 1756 421 et
1819 356 1898 421 de
1995 356 2329 421 arentibus
2374 357 2529 437 ipsis
2573 374 2715 437 spe-

159 441 379 506 cialiter
418 452 545 516 prae
590 435 736 499 aliis
775 435 1085 500 tratribus
1150 439 1281 500 sint
1345 438 1755 514 benemeriti,
1817 375 1994 501 mhi?
2026 439 2315 517 impedit,
2378 440 2720 519 quominus

162 525 217 587 in
254 526 616 584 testamento
682 527 982 596 parentes
1024 535 1133 581 eos
1197 521 1435 582 ceteris
1477 519 1829 598 praeferant
1870 517 2083 598 aliqua
2151 536 2231 581 ex
2294 529 2496 598 parte,
2539 519 2714 581 salva

166 617 376 680 semper
416 598 722 678 legitima.
764 597 950 661 Ratio
1006 598 1209 662 dictat
1256 599 1412 677 -plus
1478 600 1878 662 merentibus
1923 597 2065 679 plus
2121 598 2377 662 deberi:
2435 601 2562 662 imo
2606 616 2719 678 per

174 701 227 747 se
256 681 306 745 id
350 681 537 741 licere
573 678 854 755 videtur,
893 682 1188 759 quamvis
1223 680 1340 741 filii
1383 679 1532 743 talia
1569 680 1796 744 merita
1846 696 1972 743 non
2018 680 2341 755 habeant3
2383 697 2527 741 nam
2564 696 2720 741 sem·

178 779 264 845 per
306 770 595 840 parentes
658 759 903 821 domini
970 769 1137 823 sunt.
1184 759 1361 834 Quod
1428 764 1631 841 magis
1698 761 1908 823 locum
1955 759 2165 835 habet,
2236 764 2288 824 si
2354 760 2548 839 aliqui
2599 760 2716 821 filii

179 845 329 922 magis
364 850 617 918 egeant,
661 840 879 920 pusilli
925 842 1075 918 sint,
1115 841 1219 904 vel
1267 842 1679 920 primogeniti
1719 857 1989 921 quorum
2025 844 2315 918 interest,
2349 849 2422 902 ut
2453 840 2719 903 familiae

178 925 322 987 decus
362 929 683 984 tueantur.
725 920 1017 984 Attamen
1063 931 1334 985 caveant
1379 939 1458 984 ne
1507 922 1650 985 ideo
1695 921 2191 983 concitentodia
2224 931 2288 984 et
2322 921 2717 983 discordias:

179 1004 493 1068 meminisse
529 1009 715 1080 Juvat
756 1001 1015 1080 Josephi
1065 1003 1423 1065 historiam.

224 1082 406 1144 Mo.
450 1080 518 1155 Q.
560 1082 616 1144 4.
664 1080 734 1142 Si
776 1090 1043 1147 testator
1085 1082 1317 1146 habeat
1359 1090 1610 1146 tantum
1651 1082 1893 1162 fratres
1927 1087 2046 1143 aut
2085 1098 2350 1158 sorores,
2394 1087 2719 1144 teneturne

170 1182 241 1227 m
272 1180 478 1226 vocare
522 1161 791 1225 haeredes
828 1179 945 1242 pro
988 1165 1428 1226 conscientia?

224 1243 279 1306 ll.
315 1241 377 1305 Si
419 1243 653 1306 fratres
695 1253 762 1305 et
804 1259 1058 1306 sorores
1104 1261 1230 1306 non
1276 1248 1408 1307 sint
1451 1260 1790 1323 pauperes,
1840 1249 2106 1306 testator
2140 1257 2267 1303 non
2304 1249 2560 1304 tenetur
2606 1256 2717 1303 eos

171 1341 351 1387 vocare
394 1324 726 1397 liaeredes3
768 1338 913 1386 cum
959 1341 1087 1385 non
1133 1327 1263 1387 sint
1308 1326 1678 1388 necessarii.
1727 1324 1854 1386 lmo
1926 1338 2131 1401 neque
2196 1327 2248 1383 si
2295 1324 2575 1400 graviter
2621 1323 2712 1383 in-

169 1406 415 1484 digeant3
484 1405 594 1467 sed
643 1404 800 1466 satis
842 1411 939 1466 est
985 1404 1112 1466 illis
1158 1406 1531 1484 relinquere
1575 1415 1889 1485 quantum
1933 1403 2167 1466 sufficit
2230 1402 2306 1464 ad
2377 1401 2715 1464 levandam

166 1501 344 1549 eorum
406 1484 873 1563 indigentiam:
922 1484 1111 1564 idque
1155 1503 1235 1547 ex
1282 1493 1598 1565 praecepto
1646 1494 1778 1547 tum
1826 1484 2160 1546 charitatis
2224 1482 2536 1560 generali,
2584 1493 2715 1545 tum

168 1565 381 1644 speciali
426 1567 683 1643 pietatis
726 1580 916 1645 quam
976 1566 1214 1629 habere
1258 1567 1566 1640 debemus
1609 1582 1762 1645 erga
1808 1565 1986 1626 illos:
2056 1574 2315 1643 propter
2373 1563 2539 1641 quod
2588 1580 2716 1624 cer-

171 1655 271 1709 tum
308 1654 513 1706 estex
558 1647 903 1720 communi,
964 1646 1156 1708 talem
1202 1647 1533 1710 laesionem
1582 1647 1820 1708 babere
1878 1644 2219 1725 specialem
2289 1644 2600 1705 malitiam
2649 1647 2726 1705 in·

169 1725 533 1788 Conse-ssione
577 1727 1012 1806 aperiendam.
1076 1726 1270 1790 Addit
1313 1727 1685 1807 Roncaglia,
1749 1727 1914 1805 quod
1964 1727 2014 1787 si
2082 1725 2314 1787 fratres
2359 1733 2422 1786 et
2464 1741 2715 1785 sorores

169 1809 271 1868 sint
305 1823 623 1885 paupereS‚
668 1808 788 1869 etsi
825 1808 1111 1885 graviter
1157 1825 1287 1870 non
1332 1809 1693 1892 indigeant,
1716 1809 1923 1870 adbuc
1968 1817 2138 1868 esset
2184 1805 2412 1867 saltem
2457 1803 2716 1866 veniale

168 1903 283 1949 sine
317 1903 488 1949 causa
529 1904 640 1949 eos
684 1903 948 1948 omnino
995 1892 1350 1967 praeterire.

229 1966 407 2040 Quoad
453 1966 617 2030 alios
652 1969 1167 2045 consanguineos
1213 1971 1612 2044 remotiores,
1653 1967 1916 2030 tradunt
1950 1969 2379 2030 communiter
2412 1980 2547 2034 non„
2576 1980 2714 2026 esse

171 2061 269 2109 tam
304 2064 546 2125 gravem
594 2050 851 2127 pietatis
895 2048 1399 2130 obligationem3
1443 2050 1734 2130 quamvis
1783 2065 1909 2110 non
1955 2048 2250 2109 videatur
2297 2062 2479 2125 posse
2525 2062 2713 2106 excu-

170 2129 271 2189 sari
319 2146 346 2190 a
404 2130 675 2190 veniali·
711 2131 994 2207 ipsorum
1060 2133 1436 2208 praeteritiO,
1500 2133 1552 2192 si
1620 2132 1906 2208 graviter
1955 2129 2322 2207 indigeant;
2370 2141 2514 2187 cum
2561 2141 2713 2204 erga

177 2205 289 2270 illos
320 2208 469 2270 adsit
512 2225 766 2288 quoque
809 2208 1047 2288 aliqua,
1094 2210 1243 2274 licet
1289 2228 1415 2273 non
1462 2213 1549 2273 ita
1593 2214 1840 2284 stricta,
1884 2210 2190 2286 obligatio
2239 2210 2513 2287 pietatis.

237 2381 417 2447 850.
469 2384 547 2461 Q.
599 2384 665 2452 5.
717 2383 879 2462 Quid
922 2383 995 2448 si·
1025 2394 1279 2449 testator
1333 2384 1548 2449 habeat
1598 2383 1943 2467 conjugem,
2007 2380 2101 2445 vel
2141 2379 2303 2464 filios
2348 2377 2717 2445 natura-les?

238 2490 275 2554 R
333 2487 419 2554 Ad
467 2492 541 2555 1:
596 2489 853 2575 Conjux
903 2499 1244 2576 superstes
1294 2490 1438 2558 haee
1492 2491 1688 2557 habet
1728 2490 1877 2574 jnra
1926 2508 2005 2555 ex
2056 2487 2299 2555 Codice
2349 2487 2499 2554 civ.:
2548 2487 2609 2568 a)
2657 2483 2717 2549 It

172 2596 371 2681 conjuge
413 2609 627 2662 contro
674 2597 775 2663 cui
820 2618 947 2664 non
991 2599 1256 2666 sues-ista
1300 2611 1593 2666 sentenza
1640 2599 1705 2663 cti
1750 2596 2157 2682 separazione
2186 2583 2531 2686 personale,
2569 2611 2716 2678 pas-

172 2715 275 2768 suta
316 2705 375 2769 in
411 2704 749 2789 madiraco,
801 2707 884 2770 ha
953 2707 1193 2772 diritto'
1234 2707 1630 2773 sull’ereditc'i
1664 2739 1670 2772 ς
1701 2706 2021 2771 detl’altro
2069 2706 2360 2790 conjuge,
2426 2702 2528 2767 nel
2570 2718 2714 2766 caso

172 2811 250 2875 che
282 2812 457 2895 questi
503 2813 657 2878 lasci
700 2813 835 2897 fiqli
876 2813 1161 2898 leqittimi
1184 2833 1217 2879 ο
1253 2815 1383 2880 loro
1424 2814 1823 2896 discendenti,
1857 2814 2295 2897 all'ususrutto
2342 2812 2537 2876 d'una
2565 2821 2714 2904 pot·-

96 2935 102 2944 ·
176 2920 307 2985 zione
351 2905 567 3004 novule
614 2940 656 2985 a
701 2921 908 3005 quetta
954 2922 1061 2987 che
1106 2923 1468 3008 spetterebbe
1512 2942 1553 2989 a
1609 2923 1863 2988 ciascun
1907 2922 2078 3008 fiylio
2127 2941 2166 2987 α
2214 2921 2386 2989 titolo
2434 2919 2498 2982 dt
2546 2916 2716 3000 leqit-

175 3027 304 3107 timu,
345 3027 821 3112 comprendendo
870 3030 969 3094 nel
1000 3049 1258 3095 numero
1292 3030 1390 3095 dei
1432 3031 1566 3115 fieti
1611 3030 1887 3096 anchei!
1932 3030 2191 3115 conj-aye
2238 3029 2392 3113 (art.
2440 3027 2599 3104 812)
2650 3024 2713 3108 ¹13

178 3130 229 3214 h)
263 3134 320 3198 Se
358 3134 403 3198 it
450 3144 736 3200 testatore
782 3152 908 3201 non
972 3136 1166 3201 tescia
1216 3136 1621 3217 discendenti,
1673 3156 1707 3202 o
1754 3136 2142 3216 ascendenti,
2196 3136 2259 3200 la
2296 3115 2481 3220 parte
2516 3131 2712 3196 riser-

180 3251 284 3303 tuta
308 3240 379 3305 al
418 3243 676 3326 conjuge
720 3241 752 3307 e
810 3241 858 3308 il
889 3256 1126 3326 ,qua-rto
1174 3245 1240 3309 in
1309 3244 1622 3329 usufrutto
1688 3244 1837 3327 (art.
1909 3233 2126 3327 813);'
2170 3242 2231 3327 c)
2293 3242 2355 3306 la
2416 3249 2606 3326 quota
2652 3235 2717 3302 cti

179 3346 430 3429 mussiaco
474 3346 572 3412 del
617 3350 877 3434 eonjaqe
922 3350 954 3415 e
999 3350 1049 3416 it
1092 3361 1291 3433 terzo,
1340 3349 1588 3434 quando
1635 3350 1684 3416 il
1744 3362 2030 3416 testatore
2073 3370 2203 3416 non
2252 3347 2448 3414 lascia
2491 3345 2570 3411 ne
2615 3344 2714 3410 di-

176 3453 425 3518 scendenti
464 3454 540 3520 ne
585 3455 940 3522 ascendenti
984 3458 1190 3523 aven-ti
1237 3458 1438 3523 diritti
1483 3477 1525 3523 a
1575 3458 1877 3542 leqittima
1927 3459 2074 3542 (art.
2124 3458 2306 3542 814).

241 3561 371 3626 Haec
412 3568 562 3627 sunt
610 3561 913 3647 conjugis
963 3564 1345 3649 superstitis
1389 3565 1559 3650 jura,
1613 3564 1857 3649 quibus
1911 3564 2230 3650 expoliari
2283 3562 2534 3649 nequit.
2588 3563 2713 3627 Ce-

182 3669 345 3732 terum
387 3667 621 3751 poterit
658 3673 936 3736 testator
970 3687 1121 3737 oum
1154 3672 1516 3755 superstite
1551 3672 1834 3756 conjuge
1869 3671 2075 3754 magis
2110 3669 2447 3738 abundare
2493 3665 2715 3753 quoad

182 3777 378 3851 partem
418 3771 921 3858 disponibilem3
971 3793 1123 3843 cum
1172 3778 1292 3845 hac
1342 3786 1560 3846 tamen
1632 3776 2060 3859 advertentia,
2112 3778 2169 3844 si
2232 3776 2359 3862 ipsi
2411 3774 2710 3842 testatori

180 3880 452 3964 supersint
508 3882 623 3949 filii
673 3900 752 3950 ex
817 3883 945 3952 alio
1018 3886 1472 3955 matrimonio:
1543 3887 1603 3953 It
1665 3887 1891 3953 binubo
1955 3906 2082 3953 non
2139 3883 2266 3971 pud
2340 3883 2605 3951 lasciare
2650 3879 2717 3944 al

184 4002 330 4052 novo
369 3990 616 4074 conjnqe
658 4009 793 4057 una
853 3992 1160 4077 porzione
1203 3994 1528 4078 maqqiore
1572 3994 1638 4059 di
1697 3993 1904 4078 quella
1950 3995 2056 4059 che
2101 3991 2286 4059 abbia
2351 3989 2611 4057 lasciato
2649 3985 2717 4050 al

184 4108 308 4158 meno
345 4095 600 4179 Ῑαυοήιο
647 4096 745 4163 dei
787 4097 924 4185 styli
968 4097 1066 4163 del
1101 4098 1461 4185 precedente
1494 4100 1900 4166 matrimonio
1948 4098 2097 4185 (art.
2151 4099 2312 4182 770)
2362 4095 2414 4162 ².

227 4369 245 4412 ¹
270 4392 285 4414 ·
305 4375 391 4427 Per
417 4359 660 4451 exempto:
696 4376 844 4429 Tizio
873 4379 1039 4433 laseia
1061 4381 1135 4432 sei
1159 4351 1262 4495 {ltili
1284 4380 1347 4433 ed
1372 4380 1407 4432 ll
1442 4382 1685 4444 conjuge.
1722 4384 1795 4432 La
1827 4383 2082 4445 legittima
2103 4380 2156 4433 dl
2180 4383 2404 4434 ciascun
2424 4379 2564 4444 nglio
2590 4380 2714 4455 sara

182 4433 524 4564 ἓὲἕίξοξὲιῐῐιῃθα
566 4440 1567 4559 θῗῖἑοῧὲξέἑῖὧοῗξιωῦξῗῐωῡίἰὲοξιῇοηε
1598 4443 1804 4495 dovuta
1831 4447 1880 4496 al
1916 4445 2137 4508 conjuge
2170 4446 2295 4496 sara
2332 4447 2388 4496 la.
2419 4443 2710 4509 quattordi-

228 4553 248 4598 ἱ
280 4583 292 4602 ι
314 4563 396 4613 Per
419 4566 667 4627 exempto:
702 4539 848 4628 ca‘jo,
882 4563 1199 4633 Sempronio
1231 4581 1260 4619 e
1296 4545 1465 4619 Mevio
1498 4577 1633 4618 sono
1668 4565 1772 4632 fl‘gli
1807 4567 1860 4619 dl
1897 4569 2068 4631 primo
2098 4568 2242 4622 letto.
2274 4569 2319 4621 A
2344 4568 2473 4631 Calo
2524 4567 2560 4619 il
2614 4578 2713 4617 suo

186 4620 309 4693 pulte
331 4623 477 4677 lascio
510 4629 590 4699 lo,
627 4635 659 4675 a
688 4624 807 4676 Sem
848 4632 1114 4693 ronio‘io,
1149 4645 1180 4684 a
1213 4631 1381 4686 Mevio
1413 4632 1494 4681 30.
1531 4631 1572 4680 Il
1607 4631 1839 4684 secondo
1874 4630 2097 4696 coniuge
2134 4645 2243 4685 uon
2274 4630 2532 4696 potrebbe
2584 4642 2712 4680 con·

186 4689 344 4744 segmre
364 4687 443 4751 piu
474 4688 528 4738 di
564 4692 637 4740 ιο.
678 4706 699 4731 ι
740 4689 805 4739 (lo
843 4729 855 4742 .
886 4694 1040 4757 spica.
