3292 5167
540 225 631 316 ‘10
1282 244 1397 289 mn.
1446 245 1508 289 11.
1557 245 1766 291 rnAcr.
1817 248 1870 292 v.
1921 248 2071 294 nise.
2120 249 2159 293 ι.
2209 249 2340 295 οΑι».
2390 250 2433 294 1.

543 351 923 426 dit-amente,
959 347 1079 410 che
1121 345 1222 410 voi
1270 356 1605 426 procurate
1650 347 1722 411 dt
1763 348 2113 426 meditare,
2157 351 2272 414 che
2315 354 2416 414 voi
2468 362 2764 415 vorreste
2814 353 3120 433 piuttosto

540 433 783 494 morire
826 431 942 492 che
985 442 1210 507 peccar
1253 427 1751 505 mortalmente‚
1800 429 1916 492 che
1959 433 2060 492 voi
2105 432 2315 495 volete
2369 433 2781 514 frequentare
2831 435 2848 496 i
2894 431 3116 497 Sacra·

539 513 766 582 menti,
808 510 1064 587 seguire
1111 509 1128 569 i
1174 507 1446 587 consigli
1476 509 1556 574 ,di
1603 509 1770 573 colui
1817 510 1934 573 che
1977 512 2038 572 vi
2092 513 2302 591 guida.
2349 538 2369 566 ι

619 591 685 653 Si
729 591 789 665 2,
841 602 990 653 tunc
1033 588 1084 651 si
1118 586 1248 650 illae
1279 590 1755 658 exterioritates
1793 589 2211 669 particulares
2245 602 2310 655 et
2339 592 2872 656 extraordinariae
2912 595 2977 656 in
3009 610 3117 673 pu·

540 671 707 734 blico
752 673 1175 749 contingunt,
1217 668 1594 748 plerumque
1639 671 2055 750 prohibendae
2099 682 2280 745 sunt3
2326 681 2456 735 tum
2502 674 2647 753 quia
2694 674 2975 737 animam
3019 690 3116 736 ex·

538 760 790 832 ponunt
832 749 1117 830 periculo
1159 751 1464 812 vanitatis
1509 753 1815 830 propriae;
1863 760 1994 814 tum
2036 755 2529 832 quia=spiritum
2577 754 2828 816 Domini
2875 756 2990 818 abs
3035 769 3114 816 ue

537 831 668 895 ulla
713 847 898 895 causa
946 829 1298 908 subjiciunt
1344 828 1762 908 profanorum
1814 832 2241 895 irrisionibus,
2305 834 2451 896 Haec
2514 846 2664 898 sunt
2732 851 2926 914 opera
2987 834 3119 911 ila,
3169 845 3174 858 ⁴

537 912 619 975 de
662 912 891 992 quibus
935 911 1100 973 dixit
1141 908 1463 972 Christus:
1509 914 1754 973 nesciat
1781 914 2053 975 sinistra
2085 921 2196 975 tua
2231 915 2382 993 quid
2412 914 2616 994 faciat
2648 917 2911 978 dextera
2944 921 3117 978 tua...

534 993 714 1056 intra
759 994 826 1054 in
869 990 1228 1055 cubiculum
1273 997 1483 1066 tuum,·
1509 998 1589 1067 et,
1632 993 1848 1055 clauso
1888 995 2072 1068 ostio,
2119 1011 2232 1056 ora
2275 995 2529 1058 Patrem
2563 1002 2736 1059 tuum
2765 997 2834 1060 in
2864 994 3120 1060 abscon·

502 1074 665 1137 'dito
710 1072 754 1135 ¹.
813 1072 876 1135 Si
934 1088 1085 1137 vero
1140 1073 1518 1151 contingant
1578 1075 1640 1134 in
1692 1075 1960 1152 privato,
1995 1090 2202 1153 neque
2232 1084 2505 1139 noceant
2540 1078 2829 1157 eorporis
2863 1077 3121 1140 sanitati

535 1170 656 1217 nec
699 1155 924 1216 officiis
971 1153 1247 1231 propriis
1290 1151 1486 1231 (quod
1533 1153 1807 1215 maxime
1850 1154 2363 1236 attendendum),
2409 1157 2571 1218 nihil
2619 1158 2917 1237 prohibet
2958 1174 3111 1237 quo·

532 1236 748 1297 minus
791 1233 1226 1296 concedantur
1270 1231 1345 1293 ad
1394 1232 1801 1295 devotionem
1850 1234 2207 1298 fovendam.
2243 1236 2324 1299 At
2358 1238 2409 1298 si
2453 1245 2705 1314 nocent,
2740 1247 2810 1300 ut
2840 1239 2890 1300 si
2925 1245 3115 1317 caput

534 1323 905 1395 aggravent,
948 1312 1273 1392 prohiberi
1321 1312 1591 1388 debent3
1631 1314 1948 1393 siquidem
1987 1318 2197 1379 anima
2243 1316 2431 1379 fieret
2464 1319 2676 1382 minus
2719 1327 2864 1397 apta
2908 1318 2985 1381 ad
3019 1334 3120 1380 or·

533 1394 781 1459 dinaria
830 1394 1087 1474 pietatis
1131 1409 1202 1455 ac
1245 1401 1446 1456 status
1489 1396 1815 1457 exercitia.
2514 1409 2520 1416 ·

621 1553 765 1616 Ιθ.
818 1548 889 1627 Q.
939 1550 998 1613 [ι.
1052 1527 1216 1627 Ωἱιίἀ
1258 1557 1345 1611 esc
1390 1546 1639 1622 oratio?

576 1657 691 1746 ‘R
743 1654 966 1720 Oratio
1017 1652 1145 1720 late
1192 1660 1454 1736 sumpta
1505 1659 1606 1719 est
1664 1651 1942 1721 elevatio
2015 1654 2254 1721 mentis
2303 1654 2382 1723 ad
2429 1658 2641 1724 Deum
2671 1709 2687 1738 ‚
2739 1674 2855 1724 seu
2906 1655 3119 1742 quivis

460 1799 469 1802 -
530 1761 680 1848 pius
734 1761 929 1827 animi
981 1760 1253 1827 affectus
1301 1758 1366 1826 in
1416 1760 1648 1827 Deum.
1699 1760 1773 1830 Iu
1846 1778 2045 1828 sensu
2116 1779 2270 1829 vero
2335 1764 2567 1832 stricto
2638 1772 2739 1832 est
2809 1764 3118 1849 quoddam

527 1869 717 1936 veluti
760 1867 983 1935 mentis
1029 1878 1257 1934 nostroe
1302 1867 1675 1951 colloquium
1720 1886 1862 1934 cum
1892 1871 2039 1951 Deo,
2088 1869 2157 1936 in
2194 1889 2311 1954 quo
2341 1871 2437 1935 rei
2466 1871 2735 1957 alicujus
2783 1871 3124 1938 obtinendae

527 1974 900 2043 desiderium
944 1975 1137 2040 eidem
1173 1973 1591 2060 patefacimus
1635 1992 1892 2060 eamque
1933 1976 2309 2062 flayitamus.
3203 2059 3208 2062 Α

619 2082 1076 2149 communiter
1122 2087 1344 2147 autem
1394 2080 1604 2148 oratio
1671 2099 1821 2150 cum
1892 2083 2299 2151 Damascene
2348 2082 2520 2152 solet
2567 2081 2856 2151 definiri:
2907 2082 3122 2170 petitio

526 2189 867 2255 decentium
913 2208 959 2258 a
998 2190 1144 2254 Deo.
1193 2185 1476 2256 Dicitur:
1531 2187 1596 2272 l)
1650 2188 1865 2274 petitio
1935 2188 2314 2272 decentium,
2386 2183 2452 2255 id
2515 2195 2616 2257 est
2664 2206 2894 2257 eorum
2958 2206 3110 2275 quae

527 2295 803 2363 honesta
853 2302 1051 2376 sunt,
1108 2311 1393 2379 quaeque
1442 2312 1573 2361 non
1623 2292 1898 2362 dedecet
1949 2313 2163 2379 neque
2214 2296 2514 2364 homines
2577 2314 2610 2363 a
2659 2298 2798 2365 Deo
2853 2304 3118 2382 petere,

527 2418 743 2504 newe
789 2403 1001 2495 Deum
1051 2400 1431 2468 hominibus
1477 2400 1774 2485 elargiri3
1822 2402 1894 2478 2)
1945 2421 1987 2468 a
2037 2405 2177 2483 Dec,
2215 2409 2352 2469 tum
2387 2408 2460 2470 ut
2494 2410 2710 2488 pateat
2749 2403 3119 2472 orationem

525 2525 750 2575 verum
801 2525 947 2575 esse
993 2506 1348 2590 Religionis
1383 2513 1628 2587 actum,
1683 2511 2020 2592 qu'atenus
2070 2509 2269 2577 homo
2321 2528 2439 2595 per
2477 2527 2617 2577 eam
2669 2513 2792 2578 Deo
2839 2531 3119 2585 reveren-

524 2618 680 2683 tiam
725 2616 984 2698 exhibet,
1037 2617 1106 2681 in
1150 2627 1457 2700 quantum
1502 2616 1732 2683 scilicet
1778 2616 1834 2682 ei
1879 2637 1943 2682 se
1986 2617 2260 2703 subjt‘cit,
2309 2629 2364 2685 et
2403 2598 2731 2706 profitetur.
2773 2619 3009 2708 orando
3055 2641 3120 2688 se

524 2745 592 2796 eo
639 2725 914 2808 indiqere
958 2726 1115 2792 sicul
1160 2737 1414 2791 auctore
1458 2742 1716 2789 suorum
1766 2723 2064 2790 bonorum
2099 2728 2166 2806 23
2217 2732 2357 2792 tum
2409 2733 2481 2793 ut
2533 2725 2926 2794 ostendatur
2978 2745 3156 2815 ora-⁸

528 2834 797 2912 tionem,
850 2831 1114 2916 proprie
1163 2827 1496 2916 loquendo
1528 2883 1543 2912 ,
1595 2829 1718 2897 soli
1758 2831 1898 2898 Deo
1948 2828 2306 2898 faciendam
2359 2849 2545 2899 esse:
2596 2833 2891 2917 quamvis
2942 2834 3119 2901 enim

526 2958 600 3008 ea
650 2937 966 3024 dirigatur
994 2938 1191 3006 etiam
1229 2936 1308 3003 ad
1350 2938 1653 3018 SanctOS‚
1689 2954 1958 3021 semper
1990 2943 2208 3005 tamen
2249 2936 2497 3005 directe
2533 2938 2742 3007 tendit
2782 2938 2848 3006 in
2883 2942 3117 3022 Deum,

527 3065 561 3114 a
610 3064 742 3132 quo
792 3045 932 3112 solo
976 3043 1154 3139 quod
1204 3062 1321 3129 per
1370 3045 1648 3111 Sanctos
1685 3044 1802 3110 Dei
1836 3044 2082 3110 amicos
2121 3042 2427 3129 petimuS,
2466 3055 2956 3113 consecuturos
2992 3063 3119 3116 nos

526 3172 676 3223 esse
725 3170 1090 3239 speramus.
1638 3201 1643 3206 -
1883 3167 1888 3172 ·
2172 3226 2176 3230 ,
2221 3224 2225 3228 ,
2361 3226 2386 3242 η,

616 3264 734 3329 ΙΙ.
787 3262 858 3340 Q.
911 3262 972 3326 5.
1022 3262 1121 3326 An
1166 3258 1365 3326 oratio
1410 3258 1491 3323 sit
1536 3257 1891 3324 necessaria
1933 3255 2018 3322 ad
2059 3257 2363 3325 salutem?
2581 3333 2589 3340 ,

613 3373 684 3452 R,
734 3367 999 3434 Nullum
1049 3372 1150 3434 est
1198 3364 1491 3445 dubium,
1546 3364 1703 3450 quin
1757 3364 1968 3430 oratio
2018 3363 2258 3432 adultis
2309 3364 2395 3432 sit
2444 3366 2810 3432 necessaria
2845 3366 2925 3435 de
2956 3371 3118 3438 Jure

527 3478 746 3547 divino
796 3473 875 3541 ad
924 3473 1238 3542 salutem:
1291 3470 1451 3538 illud
1499 3471 1674 3538 enim
1725 3468 1804 3536 de
1850 3473 2006 3537 Jure
2063 3468 2282 3537 divino
2349 3469 2594 3538 adultis
2667 3476 3118 3543 necessarium

526 3594 628 3656 est
676 3584 755 3651 ad
803 3582 1103 3662 salutem,
1158 3577 1336 3664 quod
1385 3577 1450 3644 in
1501 3577 1863 3661 Scripturis
1898 3584 2039 3643 tum
2086 3594 2118 3642 a
2170 3577 2432 3644 Christo
2476 3579 2740 3668 tumab
2774 3581 3119 3667 Apostolis

525 3694 620 3761 uti
672 3691 798 3759 tale
839 3686 1254 3775 praecipitum
1306 3684 1482 3770 atqui
1537 3684 1620 3750 ita
1673 3691 1776 3751 est
1824 3681 1903 3750 de
1952 3683 2275 3750 oratione.
2330 3685 2580 3772 Oportet
2641 3707 2885 3775 semper
2929 3708 3121 3758 orare

523 3812 577 3867 et
622 3813 944 3882 nunquam
989 3792 1272 3879 deficere:
1320 3791 1570 3876 viqilace
1615 3801 1670 3855 et
1719 3802 1890 3855 orate
1916 3844 1932 3870 ,
1986 3801 2053 3856 uc
2097 3808 2223 3856 non
2271 3791 2514 3859 intretis
2560 3795 2629 3860 in
2689 3796 3123 3882 tentationem,

527 3908 615 3973 ait
663 3881 963 3973 Christus
999 3894 1046 3966 ³.
1082 3900 1224 3967 Sine
1254 3898 1721 3964 intermissione
1767 3908 1969 3963 orate:
2006 3897 2143 3964 volo
2175 3899 2345 3965 viros
2381 3918 2565 3966 orare
2606 3901 2675 3967 in
2707 3903 2879 3969 omni
2917 3903 3121 3972 loco...

524 4014 811 4081 similiter
856 4023 908 4076 et
958 4008 1283 4088 mulieres,
1334 4005 1423 4071 ait
1470 4004 1828 4088 Apostolus
1866 3999 1914 4069 ⁴.
1970 4002 2147 4072 Adde
2198 4006 2600 4091 populorum
2676 4025 3121 4079 consensum:

527 4118 627 4196 vel
675 4116 848 4203 apud
897 4114 1224 4183 idolorum
1274 4110 1564 4179 cultores
1636 4109 1861 4194 opinio
1936 4127 2199 4198 semper
2275 4114 2436 4195 fuit,
2492 4113 2912 4184 Divinitatem
2962 4137 3121 4189 esse

527 4223 955 4294 invocandam
1002 4229 1143 4288 tum
1189 4218 1273 4286 ad
1318 4218 1487 4286 mala
1533 4217 2002 4304 propulsanda,
2057 4227 2195 4286 tum
2245 4220 2323 4286 ad
2373 4220 2628 4288 felicem
2693 4241 2914 4293 rerum
2963 4244 3119 4296 suc-

586 4453 609 4493 1
642 4452 818 4504 Matth.
854 4461 923 4502 vt.
956 4473 1018 4487 --
1057 4449 1115 4500 V.
1150 4448 1515 4509 castelvetere,
1549 4445 1754 4509 Πίνακι,
1789 4457 1843 4497 n.
1877 4446 1993 4519 3,·1.
2027 4455 2099 4508 xi,
2135 4459 2181 4498 c.
2216 4451 2308 4512 273
2345 4475 2403 4486 -
2441 4450 2671 4515 Lignori‚
2707 4454 2870 4504 Homo
2909 4448 3128 4523 apost„

524 4516 747 4621 apqpend.
780 4528 816 4575 1,
850 4524 907 4565 n.
939 4515 1020 4565 27.
1052 4536 1116 4549 —
1146 4510 1313 4570 SaleS,
1348 4511 1544 4561 Filotea
1573 4520 1684 4564 ecc.
1718 4534 1781 4548 -—
1811 4499 1996 4569 boum,
2033 4511 2103 4560 De
2133 4511 2258 4562 Jure
2289 4514 2636 4578 Reyulart'um,
2671 4525 2797 4579 pars
2831 4517 2904 4566 ι’.

642 4578 693 4628 S.
730 4578 981 4635 Thomas»,
1016 4576 1064 4635 2,
1100 4577 1146 4633 2,
1182 4585 1232 4637 q.
1261 4573 1428 4634 83,¹,²a.
1463 4574 1511 4623 3.

586 4644 609 4684 ⁸
644 4643 766 4693 Luc.
803 4651 933 4690 xviu
966 4639 1022 4689 et
1049 4647 1200 4688 xxiv,

588 4706 610 4746 ⁴
645 4718 678 4766 l,
716 4705 859 4754 Tess.
892 4712 961 4763 v;
996 4700 1048 4750 et
1081 4711 1116 4760 ι,
1154 4698 1291 4748 Tim.
1326 4709 1381 4747 u.
1415 4720 1479 4733 —
1512 4695 1767 4754 Ferrarls;
1809 4695 1868 4744 V.
1909 4693 2107 4745 Oratio.
