3292 5167
1046 225 1126 272 nu
1173 225 1610 273 nusrtrurion'u
1660 222 1723 293 tN
1769 227 2009 274 canens
2722 205 2855 273 443

344 329 418 396 R.
467 325 564 395 Ad
611 329 716 393 2z·
767 327 1036 396 Tributa
1099 326 1444 416 imponere
1509 336 1792 416 possunt
1868 329 2232 415 generatim
2295 347 2547 413 omneS,
2611 331 2856 418 quibus

249 437 525 522 publica
574 455 796 505 rerum
846 436 1328 506 administratio
1377 438 1733 508 commissa
1782 447 1918 520 est3
1969 457 2122 507 cum
2158 439 2218 507 id
2262 440 2721 509 necessarium
2769 441 2858 509 sit

245 542 341 610 ad
369 542 756 612 sustinenda
791 561 992 613 onera
1020 544 1412 612 communia.
1451 545 1615 613 Hinc
1654 552 1970 632 possunt:
2012 546 2078 629 1)
2112 548 2574 633 ImperatoreS,
2607 544 2860 632 Respu-

251 649 455 723 blicae
525 657 592 719 et
662 650 1026 737 Principes·
1085 648 1463 738 supremam
1529 653 1852 721 habentes
1916 657 2350 737 potestatem3
2413 654 2483 740 2)
2551 653 2860 722 Pontifex

247 755 460 825 etiam
510 756 730 843 quoad
777 757 1082 826 subditos
1154 757 1297 826 aliis
1345 757 1756 845 principibus
1807 758 2144 844 subjectos
2194 777 2274 827 ex
2321 765 2652 844 potestate
2695 759 2852 839 indi·

257 874 444 932 recta
493 863 889 949 disponendi
938 863 1020 931 de
1068 865 1567 950 temporalibus,
1620 865 1673 933 si
1725 864 1789 931 id
1837 883 2003 951 opus
2066 870 2167 932 est
2215 863 2297 931 ad
2362 865 2657 951 regimen
2720 866 2859 953 spi-

255 969 499 1039 rituale
516 999 536 1054 ;
585 970 830 1057 potiori
879 979 1102 1039 autem
1149 971 1458 1040 facultate
1507 972 1713 1059 pollet
1762 971 2147 1058 imponendi
2198 971 2448 1041 tributa
2485 973 2572 1042 ob
2618 971 2863 1042 dictam

247 1096 531 1146 causam
579 1079 643 1147 in
696 1080 870 1146 bona
916 1077 1363 1148 Ecclesiarum
1412 1079 1492 1148 de
1542 1080 1785 1167 quibus
1822 1079 2019 1148 habet
2056 1086 2131 1146 ut
2171 1079 2424 1148 directe
2463 1080 2774 1165 disponat
2810 1077 2860 1150 ¹.

255 1187 429 1254 Item
484 1186 876 1272 Episcopus,
929 1204 1081 1255 cum
1118 1204 1450 1257 consensu
1503 1188 1812 1276 Capituli,
1864 1189 1927 1256 in
1979 1206 2096 1257 sua
2146 1188 2439 1277 Dioecesi
2486 1195 2707 1274 potest
2741 1186 2862 1254 ali·

259 1312 471 1380 quam
521 1293 864 1363 collectam
915 1295 1256 1380 imponere
1297 1294 1379 1362 ad
1412 1296 1630 1365 cultus
1668 1296 2131 1365 necessitatem
2146 1321 2167 1375 ;
2202 1302 2303 1364 est
2339 1295 2515 1363 enim
2555 1295 2864 1381 princeps

257 1418 608 1468 sacrorum
657 1400 722 1467 in
775 1401 1038 1487 propria
1089 1402 1369 1470 Dioecesi
1421 1409 1471 1483 ’ς
1514 1403 1732 1487 3).illi,
1775 1402 2017 1488 quibus
2053 1402 2403 1488 Principes
2454 1399 2864 1486 gubernandi

257 1515 665 1594 potestatem
716 1509 1123 1593 elargiuntur
1172 1528 1322 1577 cum
1372 1528 1683 1596 expressa
1734 1511 2041 1579 facultate
2091 1528 2164 1578 ea
2209 1509 2624 1595 imponendi,
2674 1508 2727 1577 si
2779 1508 2868 1575 ita
2948 1574 2968 1596 ,

265 1615 697 1695 censuerint3
732 1615 801 1700 4)
837 1614 1145 1684 Civitates
1180 1622 1246 1684 et
1293 1618 1815 1699 communitates
1849 1617 2047 1686 etiam
2085 1615 2395 1697 subditae,
2432 1616 2549 1690 sed
2582 1615 2635 1682 si
2680 1614 2865 1682 Prin-

259 1739 437 1807 ceps
490 1739 617 1788 non
668 1721 1110 1813 contradicat3
1161 1739 1311 1790 nam
1363 1724 1765 1791 tributorum
1814 1722 2155 1808 impositio
2207 1729 2310 1790 est
2365 1729 2550 1789 actus
2625 1721 2871 1805 prima—

261 1827 386 1896 riae
438 1833 692 1895 tantum
737 1828 1246 1913 Jurisdictiouis,
1295 1848 1413 1898 seu
1480 1848 1713 1899 eorum
1790 1830 1899 1917 qui
1942 1827 2238 1898 interris
2277 1828 2417 1897 suis
2458 1828 2872 1914 superiorem

260 1953 405 2004 non
480 1936 746 2003 habent.

360 2046 573 2109 656.
626 2046 695 2125 Q.
747 2046 807 2109 2.
856 2046 956 2112 An
1001 2046 1238 2112 tributa
1281 2045 1576 2111 solvenda
1618 2045 1745 2112 sint
1791 2045 1860 2111 in
1906 2044 2328 2111 conscientia?
2859 2103 2869 2109 .

367 2153 437 2220 R.
491 2154 559 2217 l:
613 2151 883 2220 Tributa
934 2152 1152 2235 realia,
1204 2172 1352 2239 quae
1404 2171 1605 2238 super
1658 2160 1886 2227 ‚terras
1955 2159 2020 2219 et
2067 2170 2258 2236 agros
2328 2149 2636 2236 imposita
2698 2155 2874 2231 sunt,

265 2276 408 2327 {ion
457 2257 715 2327 videtur
761 2259 1197 2328 dubitandum
1247 2260 1311 2328 in
1356 2261 1670 2341 omnium⁴
1703 2259 2028 2328 sententIa
2062 2258 2374 2327 solvenda
2414 2276 2563 2326 esse
2610 2256 2672 2324 in
2711 2274 2873 2324 con-

267 2364 546 2432 scientia
597 2372 751 2431 ante
793 2363 1038 2450 judicis
1090 2365 1514 2446 sententiam,
1553 2384 1673 2434 seu
1711 2372 1863 2433 ante
1912 2363 2239 2433 exactoris
2298 2363 2872 2448 compulsionem

271 2476 445 2539 ratio
477 2471 655 2557 ‘quia
702 2470 1035 2541 debentur
1082 2471 1280 2540 modo
1332 2471 1514 2540 valde
1563 2473 1844 2540 naturali
1896 2480 1960 2541 et
2009 2471 2368 2554 ordinario,
2420 2477 2486 2538 et
2537 2471 2691 2556 quia
2755 2488 2874 2555 pro

268 2579 425 2648 istis
475 2596 610 2646 non
666 2578 974 2646 videntur
1023 2574 1304 2647 militare
1354 2581 1644 2649 rationes
1680 2598 1829 2666 quae
1873 2599 1994 2667 pro
2030 2577 2324 2664 neganda
2369 2577 2777 2662 obligatione
2811 2576 2877 2642 in

272 2685 688 2759 conscientia
736 2685 956 2771 quoad
1007 2685 1193 2772 plura
1242 2686 1364 2753 alia
1415 2687 1681 2768 tributa,
1714 2706 1748 2753 a
1800 2687 2100 2772 pluribus
2150 2685 2594 2754 adducuntur.
2632 2686 2764 2751 Nec
2797 2681 2878 2749 de

271 2792 382 2862 bis
428 2791 773 2861 consuevit
824 2792 962 2861 fieri
1015 2793 1301 2877 quaestio
1353 2793 1526 2861 inter
1590 2793 1988 2878 Theologos,
2040 2792 2192 2862 dato
2228 2789 2411 2878 quod
2478 2791 2656 2857 inter
2718 2807 2876 2876 pru-

269 2900 515 2969 dentes
550 2898 797 2966 limites
838 2899 1259 2967 contineatur
1297 2900 1645 2982 tributum,
1685 2919 1808 2969 nec
1840 2900 1972 2967 ulla
2009 2917 2302 2986 unquam
2340 2895 2692 2988 invaluerit
2726 2913 2881 2963 con-

273 3007 585 3090 suetude,
642 3025 792 3094 quae
843 3008 1036 3075 aliter
1086 3008 1562 3093 interpretetur
1609 3008 1776 3075 hanc
1825 3007 2301 3092 obligationem
2340 2992 2427 3073 ⁸.‘
2960 2988 2977 2999 ’

369 3116 440 3183 R.
488 3117 568 3181 2:
621 3114 848 3195 Quoad
899 3115 1022 3182 alia
1075 3115 1317 3183 tributa
1367 3115 1508 3184 sive
1556 3115 1802 3182 directa
1855 3115 1991 3182 sive
2041 3113 2383 3194 indirecta,
2436 3128 2516 3178 an
2569 3111 2703 3178 sint
2752 3108 2884 3177 sol-

278 3221 488 3291 venda
518 3222 582 3289 in
614 3222 1019 3290 conscientia
1039 3229 1191 3291 ante
1221 3240 1690 3310 quamcunque
1707 3220 2123 3308 auctoritatis
2158 3219 2710 3306 compulsionem,
2747 3234 2881 3284 non

291 3346 424 3397 una
477 3336 577 3397 est
627 3329 1119 3415 Theologorum
1169 3328 1416 3416 opinio.

376 3436 592 3504 Prima
643 3437 996 3523 sententia,
1047 3444 1111 3505 et
1161 3454 1360 3523 quam
1409 3455 1529 3505 nos
1580 3436 1861 3505 suadere
1897 3435 2172 3504 omnino
2209 3434 2552 3516 debemuS,
2599 3447 2884 3518 quaeque

275 3543 825 3612 communissima
877 3550 979 3612 est
1017 3550 1081 3612 et
1121 3543 1314 3612 nobis
1366 3544 1796 3629 probabilior,
1851 3541 2046 3611 docet
2097 3541 2345 3610 tributa
2398 3539 2620 3609 omnia
2687 3556 2882 3622 regu-

281 3649 514 3717 lariter
560 3658 911 3734 antequam
964 3656 1295 3735 petantur,
1347 3650 1401 3717 si
1444 3651 1623 3736 justa
1665 3639 1820 3731 sint,
1859 3648 1923 3716 in
1961 3647 2369 3717 conscientia
2413 3653 2479 3714 et
2515 3665 2594 3714 ex
2624 3641 2885 3729 justitia

277 3774 437 3825 esse
474 3754 805 3824 solvenda.
857 3756 932 3823 Id
982 3756 1286 3823 innititur
1335 3757 1464 3824 illis
1515 3755 1761 3825 Christi
1814 3757 2066 3824 verbis:
2106 3755 2354 3822 Reddite
2393 3773 2539 3839 erqo
2570 3771 2708 3837 quoe
2743 3759 2889 3814 sunt

279 3864 558 3931 Coesaris
606 3862 846 3931 Coesari
879 3861 928 3928 ⁴.
978 3864 1059 3929 Et
1108 3861 1237 3931 illis
1287 3864 1623 3950 Apostoli:
1671 3863 1816 3931 Ideo
1862 3862 2224 3931 necessitate
2269 3860 2498 3927 subditi
2528 3866 2728 3938 estote,
2762 3873 2890 3922 non

278 3969 489 4036 solum
528 3982 783 4057 propter
827 3970 1015 4051 iram,
1062 3969 1167 4035 sed
1211 3971 1398 4036 etiam
1438 3983 1695 4058 propter
1739 3970 2184 4037 conscientiam
2200 3993 2227 4047 ;
2274 3966 2410 4033 ideo
2457 3965 2623 4030 enim
2670 3973 2727 4030 et
2777 3961 2890 4027 tri-

275 4078 438 4155 buta
475 4077 830 4164 praestatis:
875 4076 1153 4144 ministri
1191 4077 1363 4145 enim
1416 4076 1524 4145 Dei
1568 4088 1715 4145 sunt
1746 4077 1815 4144 in
1857 4078 1968 4145 hoc
2000 4077 2209 4162 ipsum
2236 4073 2570 4140 servientes
2589 4095 2615 4148 ,·
2658 4067 2891 4134 reddite

357 4354 381 4396 ¹
423 4356 477 4408 V.
507 4356 740 4420 Liguori,
776 4357 865 4421 Op.
900 4357 1056 4418 Mor„
1091 4356 1126 4407 l.
1160 4367 1236 4417 ui,
1262 4366 1316 4406 n.
1348 4358 1476 4419 estu
1508 4380 1574 4396 -·
1604 4357 1819 4420 suarez,
1853 4358 1922 4409 De
1954 4357 2180 4421 ιεσὶῠαε,
2213 4367 2257 4407 c.
2292 4355 2368 4407 14.

357 4418 383 4459 ¹
423 4420 481 4468 V.
518 4420 708 4480 Βουίκ,
747 4419 817 4469 De
850 4420 1117 4482 Episcopo,
1153 4430 1203 4481 p.
1237 4421 1321 4479 5⁸3
1351 4442 1414 4456 -
1447 4418 1667 4470 Billuart
1718 4421 1787 4470 De
1816 4421 2046 4480 Iustitia,
2079 4419 2206 4470 diss».
2242 4420 2313 4470 9³.

359 4482 383 4522 ⁸
418 4484 685 4533 Hactenus
716 4481 905 4533 doctus
937 4482 991 4532 et
1022 4492 1205 4533 recens
1238 4482 1426 4531 auctor
1456 4457 1699 4544 opusculi
1723 4483 1793 4532 De
1811 4482 2114 4546 obtractione
2135 4479 2450 4553 tributuram
2470 4478 2525 4528 in
2545 4477 2893 4549 commotio,-

285 4545 501 4604 fftomae,
535 4547 653 4596 1867
713 4543 853 4608 typis
885 4544 1129 4596 Mariettt.
1179 4544 1373 4595 Verum
1410 4544 1586 4604 bodie,
1621 4544 1767 4595 nulla
1798 4546 1936 4596 tacta
1967 4544 2310 4595 distinctione
2333 4541 2671 4598 tributorum,
2706 4541 2888 4603 plures

285 4606 380 4657 vel
416 4606 607 4666 negant
639 4579 704 4657 de
740 4604 1009 4667 omnibus,
1043 4606 1126 4656 vel
1159 4602 1225 4678 de
1251 4603 1502 4656 omnibus
1535 4606 1807 4658 affirmant
1837 4607 2221 4670 obligationem
2253 4606 2307 4656 in
2341 4603 2699 4656 conscientia.

251 4692 256 4701 ,
357 4667 381 4708 ⁴
417 4668 597 4719 uattb.
634 4679 773 4719 xxii.
808 4692 871 4706 -
909 4669 966 4719 V.
1003 4670 1270 4730 Ferraris;
1299 4667 1360 4719 V.
1400 4669 1627 4721 Gabene.
