3292 5167
571 207 700 273 626
1265 222 1381 270 un.
1430 222 1495 270 ιι.
1543 206 1754 270 vitaer.
1804 221 1930 269 νιιι.
1972 222 2124 270 nise.
2173 221 2213 269 1.
2259 225 2386 270 cai».
2434 222 2520 269 ιιι.

518 326 526 333 ’
571 345 710 396 ram
757 328 1112 415 Episcopo,
1161 326 1262 395 vel
1310 326 1454 413 ejus
1501 327 1762 395 vicario
1811 327 2097 411 generali
2146 335 2260 395 aut
2330 327 2752 396 Officialij-z
2784 329 2854 412 2)
2907 327 3157 396 Provisi

568 435 649 504 de
698 434 1103 503 canonicatu
1153 433 1252 502 vel
1291 434 1623 519 Dignitate
1670 433 2180 518 incathedrali,
2230 435 2391 503 item
2430 451 2655 503 coram
2688 434 3031 521 Episcopo
3058 435 3157 503 vel

568 541 1003 628 ejusssvicario
1030 567 1050 623 ς
1090 558 1287 628 quam
1339 540 1608 626 quidem
1655 540 2145 627 professionem
2192 541 2499 609 emittere
2549 539 2791 609 debent
2839 541 3046 608 etiam
3094 541 3154 607 in

570 648 920 734 Capitulo:
972 648 1194 717 addita
1243 667 1509 736 semper
1577 665 1814 734 poena,
1861 648 2041 733 quod
2087 647 2379 733 alioquin
2431 666 2563 715 non
2624 647 2863 715 faciant
2910 647 3163 715 fructus

567 773 748 838 suos,
799 773 920 824 nec
969 756 1101 824 illis
1151 756 1489 842 possessio
1539 756 1938 841 suffragetur
1981 752 2052 824 ¹.
2085 791 2174 803 ——
2207 756 2279 841 3)
2326 754 2768 837 Patriarchae,
2818 755 3162 836 Primates,

565 861 1065 948 Archiepiscopi
1115 868 1182 930 et
1227 862 1541 948 Episcopi
1577 870 1728 930 ante
1763 863 1987 931 literas
2022 863 2312 951 propriae
2352 861 2753 949 provisionis
2792 860 3159 948 expeditas.

570 971 730 1050 Quae
801 970 1073 1055 insuper
1120 955 1199 1039 ab
1249 971 1411 1055 ipsis
1462 970 1821 1039 emittenda
1864 978 1966 1039 est
2014 970 2079 1038 in
2146 972 2353 1056 prima
2419 968 2812 1038 Provinciali
2895 969 3161 1054 Synodo

569 1093 854 1144 unacum
893 1076 1272 1162 juramento
1324 1076 1784 1146 Tridentinum
1821 1077 2212 1147 observandi
2250 1074 2316 1159 ²3
2347 1114 2437 1127 —
2464 1080 2534 1163 4)
2569 1077 2726 1145 Pius
2760 1078 2845 1144 IV
2883 1074 3160 1144 Constit.

567 1188 927 1273 Injzmctum
960 1195 1025 1255 et
1055 1190 1137 1254 In
1166 1201 1584 1255 sacrosancta·
1616 1188 1782 1255 hanc
1817 1187 2292 1273 obligationem
2328 1186 2626 1256 extendit
2659 1186 2740 1253 ad
2779 1184 3161 1271 superiores

568 1294 983 1379 Religionum
1051 1296 1246 1363 etiam
1299 1294 1703 1363 militarium.
1762 1297 2061 1381 Itemque
2110 1294 2190 1362 ad
2262 1312 2495 1363 omnes
2554 1292 3052 1379 promovendos
3098 1291 3157 1358 in

568 1402 936 1484 Doctores,
985 1401 1336 1485 Magistros
1366 1453 1385 1482 ,
1436 1404 1784 1485 Regent'es,
1835 1400 2257 1469 Professores
2322 1400 2612 1487 cujusvis
2659 1398 2957 1468 scientiae
3007 1398 3160 1466 libe·

570 1507 745 1589 raliS‚
794 1507 1011 1576 addita
1061 1509 1745 1589 excommunicatione
1782 1510 1931 1577 latae
1959 1509 2312 1578 sententiae
2348 1516 2413 1577 et
2449 1508 2817 1594 privatione
2865 1506 3157 1575 omnium

570 1614 1007 1700 dignitatum,
1057 1614 1538 1683 beneficiorum
1588 1623 1655 1683 et
1704 1615 2076 1685 officiorum
2126 1615 2194 1684 in
2249 1633 2410 1698 eos,
2482 1615 2593 1700 qui
2644 1620 3039 1701 promovent
3083 1611 3157 1679 ad

571 1721 734 1790 tales
784 1720 1029 1807 gradus
1078 1722 1221 1789 sine
1269 1720 1445 1790 dicta
1486 1721 1643 1789 'fidei
1699 1722 2137 1808 professione,
2187 1722 2349 1791 etin
2386 1723 2756 1807 Episcopos
2806 1719 3153 1788 interdictu

572 1830 653 1906 ab
708 1828 1011 1915 ingressu
1061 1828 1373 1897 Ecclesiae
1425 1835 1495 1910 ⁸3
1529 1867 1616 1878 -
1650 1830 1720 1913 5)
1761 1830 2025 1913 OmneS,
2076 1830 2186 1916 qui
2237 1829 2301 1897 in
2338 1829 2674 1914 Synodum
2710 1829 3158 1896 Dioecesanam

572 1938 924 2007 convenire
973 1937 1216 2006 debent
1250 1935 1298 2004 ⁴.
1339 1974 1429 1986 —
1466 1940 1538 2022 6)
1596 1938 1909 2005 Haeretici
1960 1937 2041 2035 ad
2089 1937 2450 2006 Ecclesiam
2501 1936 2875 2018 redeuntes,
2925 1935 3037 2020 qui
3073 1944 3158 2003 te-

571 2048 813 2113 nentur
857 2051 923 2113 et
972 2045 1281 2113 haeresim
1328 2045 1631 2131 abjurare
1681 2051 1745 2113 et
1794 2062 2177 2130 expressam
2225 2044 2376 2114 fidei
2430 2044 2918 2131 professionem
2972 2042 3152 2110 emit-

571 2160 731 2236 tere,
775 2159 848 2221 ut
899 2153 1142 2239 passim
1192 2153 1308 2234 fit,
1358 2152 1525 2220 ratio
1576 2151 1810 2246 suadet
1860 2160 1925 2220 et
1964 2153 2077 2239 jus
2125 2152 2360 2221 firmat.

750 2262 810 2328 3.
856 2260 1009 2328 Iure
1053 2261 1455 2327 ecclesiastico
1510 2261 1895 2346 particulari
1949 2280 2068 2329 seu
2104 2248 2500 2343 dioecesano,
2538 2242 2905 2346 'generatim
2939 2267 3157 2329 tenen-

571 2375 708 2436 tur:
755 2405 845 2445 ε-
895 2368 959 2448 l)
1011 2367 1253 2454 provisi
1305 2366 1386 2436 de
1431 2348 2123 2457 Beneficio-simplici,
2173 2368 2270 2436 vel
2307 2368 2733 2440 canonicatu.
2783 2366 2881 2434 vel
2930 2367 3151 2452 Digni·

570 2481 706 2543 tate
753 2476 952 2542 etiam
1002 2474 1068 2543 in
1118 2472 1514 2557 Collegiata3
1561 2511 1653 2522 —
1698 2476 1770 2560 2)
1819 2475 1968 2543 novi
2021 2474 2408 2544 confessarii
2460 2481 2526 2541 et
2565 2474 3074 2561 concionatores
3109 2477 3153 2541 ⁵.

657 2582 842 2648 911.
896 2584 967 2662 Q.
1015 2584 1075 2648 2.
1134 2582 1297 2662 Quid
1332 2582 1617 2668 prohibet
1658 2595 2039 2670 proeceptum
2084 2584 2597 2670 fidei‚·quatenus
2642 2584 3049 2668 negativum?

660 2692 730 2757 R.
782 2688 928 2775 Tria
976 2688 1261 2756 maxime
1311 2688 1622 2776 prohibet
1670 2696 2083 2775 praeceptum
2133 2689 2286 2758 fidei
2336 2688 2748 2775 negativum:
2798 2687 3000 2757 fidem
3047 2707 3157 2758 ne-

574 2813 754 2881 gare,
805 2795 1036 2864 falsam
1084 2795 1490 2881 Religionem
1541 2796 1838 2882 profiteri
1888 2803 1953 2865 et
1998 2796 2230 2864 falsam
2276 2795 2684 2882 Religionem
2729 2794 3066 2883 simulare.

754 2903 811 2971 l.
859 2904 1075 2971 Fidem
1109 2924 1354 2990 neqare.
1394 2906 1511 2971 Est
1553 2911 1782 2972 contra
1818 2903 2274 2986 BasilidianoS,
2328 2903 2855 2991 priscillianistas
2904 2910 2971 2971 et
3004 2903 3157 2971 Dul-

575 3013 823 3094 cinum,
872 3011 987 3097 qui
1035 3009 1345 3080 dixerunt
1393 3011 1645 3080 saeculo
1697 3012 1775 3092 ΙΙ,
1824 3013 1908 3079 IV
1955 3019 2020 3079 et
2066 3012 2209 3081 XIV
2260 3010 2458 3080 fidem
2505 3011 2647 3079 sine
2696 3011 2891 3097 culpa
2942 3012 3157 3096 negari

576 3134 773 3201 posse
823 3135 1047 3185 coram
1087 3117 1496 3186 hominibus.
1548 3117 1741 3198 Quod
1810 3117 2199 3186 adversatur
2271 3118 2510 3186 Christi
2582 3118 2827 3186 verbis:
2881 3120 3159 3187 Omnis...

571 3225 677 3308 qui
722 3226 1103 3310 confitebitur
1145 3247 1240 3292 me
1285 3226 1914 3309 coram'hominibus,
1963 3226 2290 3314 confitebor
2335 3238 2391 3293 et
2435 3242 2545 3311 eqo
2592 3245 2732 3293 eum
2777 3245 2999 3293 coram
3050 3229 3160 3292 Pa-

569 3344 663 3399 tre
707 3353 860 3416 meo,
904 3335 1011 3418 qui
1056 3335 1124 3400 in
1169 3335 1335 3401 coelis
1380 3347 1503 3413 θείς
1548 3335 1657 3420 qui
1704 3346 1912 3401 autem
1956 3334 2275 3421 negaverit
2341 3354 2438 3402 me
2503 3352 2717 3401 coram
2786 3334 3158 3415 homiuibus,

571 3434 809 3525 negabo
854 3460 963 3526 eqo
1008 3461 1147 3508 eum
1192 3460 1406 3508 coram
1453 3444 1641 3509 Patre
1699 3462 1850 3510 meo,
1896 3444 2106 3522 Quare
2152 3441 2549 3527 Apostolus:
2599 3441 2664 3509 Si
2706 3443 3159 3527 negaverimus,

572 3558 627 3614 et
672 3548 776 3614 ille
818 3548 1063 3634 negabit
1094 3567 1208 3616 nos
1253 3553 1304 3615 ⁶.
1337 3550 1419 3616 Et
1464 3550 1907 3634 Augustinus:
1947 3551 2197 3630 Quanta
2227 3562 2314 3617 est
2344 3552 2474 3616 vita
2504 3547 2780 3634 confiteri
2816 3549 3150 3628 Christum,

571 3667 963 3751 matamors
1008 3668 1094 3722 est
1140 3675 1368 3741 neqare
1430 3658 1764 3726 Christum.
1835 3655 2104 3725 Accedit
2177 3658 2384 3726 ratio:
2458 3655 2558 3724 vel
2627 3655 2804 3724 enim
2874 3656 3163 3724 exterior

572 3762 724 3832 fidei
776 3762 1037 3849 negatio
1095 3764 1576 3850 correspondet
1612 3764 1929 3846 internae;
1968 3764 2067 3834 vel
2105 3783 2257 3833 non.
2298 3764 2364 3831 Si
2403 3762 2900 3849 correspondet,
2938 3773 3042 3833 est
3077 3766 3165 3832 in·

572 3867 878 3952 fidelitaS,
929 3886 1079 3956 quae
1131 3878 1367 3956 suapte
1406 3878 1634 3938 natura
1674 3870 1841 3938 mala
1878 3878 2014 3939 est:
2051 3872 2105 3939 si
2141 3890 2274 3941 non
2307 3869 2805 3957 correspondet,
2842 3878 2949 3939 est
2978 3889 3162 3939 men-

575 3976 836 4046 dacium
882 3978 947 4045 in
998 3997 1070 4048 re
1119 3979 1502 4065 gravissima
1554 3985 1619 4047 et
1667 3995 1871 4063 sacra,
1923 3987 2121 4066 prout
2170 3987 2270 4048 est
2317 3974 2675 4065 Religionis
2725 3981 3094 4064 negotium.

635 4276 656 4316 ¹
693 4276 1079 4339 Tridentinum,
1116 4288 1249 4330 sess.
1287 4291 1440 4341 xxiv,
1475 4292 1522 4332 c.
1555 4292 1628 4331 xii
1662 4283 1722 4331 dc
1756 4282 1815 4332 R.

634 4339 659 4377 ²
694 4341 831 4391 Sess.
868 4352 995 4399 xxv,
1035 4355 1080 4390 c.
1117 4344 1147 4392 2
1179 4341 1241 4393 de
1276 4344 1335 4393 R.

636 4403 658 4443 ⁸
691 4403 885 4453 Verum
921 4402 1025 4453 hoc
1055 4403 1324 4466 aliquibus
1356 4405 1409 4455 ln
1442 4405 1592 4465 locis,
1627 4406 1838 4465 notant,
1875 4414 1983 4454 non
2018 4403 2351 4456 observatur.

635 4465 658 4506 ⁴
692 4462 1082 4515 Tridentinum.
1114 4490 1178 4503 ·-
1208 4467 1268 4516 In
1301 4465 1516 4530 synodo
1547 4468 1859 4518 Dioecesana
1931 4467 2136 4517 uamvls
2169 4468 2315 4518 nulla
2347 4466 2417 4516 sit
2441 4466 2692 4530 obligatio
2714 4469 2774 4519 ut
2796 4466 3161 4530 juramentum

574 4528 786 4590 praestet
814 4526 1113 4589 Episcopus
1133 4538 1149 4588 ;
1182 4528 1232 4579 id
1271 4531 1448 4580 tamen
1483 4529 1536 4580 ln
1569 4540 1673 4580 usu
1705 4532 1785 4581 cst
1818 4529 1872 4579 in
1952 4529 2126 4591 limosi
2161 4528 2499 4591 Novariensi,
2536 4540 2652 4595 pag.
2688 4532 2765 4583 20.

634 4590 658 4631 ⁸
695 4589 775 4641 Ita
804 4586 1053 4652 synodus
1085 4590 1447 4663 Novariensis,
1484 4593 1720 4704 pagam.

636 4654 660 4694 ⁸
693 4648 874 4703 matth.
909 4661 976 4713 x;
1011 4652 1064 4703 et
1091 4663 1148 4713 ιι,
1185 4654 1323 4704 Tim.
1355 4665 1411 4706 ιι.
1446 4677 1509 4692 -
1592 4690 1606 4706 .
1640 4653 1874 4718 Lignori,
1913 4654 2050 4717 Opus
2079 4652 2237 4716 uon,
2268 4652 2306 4705 l.
2340 4665 2397 4716 ιι,
2432 4663 2487 4704 ιι.
2523 4655 2603 4705 ¹2.
