3292 5167
522 231 656 298 270
1260 244 1375 290 un.
1423 244 1487 289 11.
1535 243 1748 289 macr.
1797 243 1879 289 vi.
1931 243 2081 290 mss.
2132 244 2210 288 iv.
2262 243 2392 289 car.
2442 244 2483 290 1.

525 372 755 425 servus
801 368 989 419 meus
1036 346 1425 440 vestimenta
1475 346 1592 414 tibi
1642 346 1891 433 pollet,
1943 355 2017 414 ut
2063 346 2181 416 des
2229 344 2606 416 mercedem
2663 345 2814 416 ideo
2864 347 3120 416 consti—

524 457 835 529 tuendam
850 483 867 538 ;
914 455 1080 543 facio
1126 466 1193 521 ut
1238 455 1460 541 facias,
1505 453 1674 523 facio
1711 471 1832 540 pro
1884 460 1948 522 te
1996 451 2125 521 iter
2173 472 2390 540 usque
2424 455 2717 536 Romam,
2752 461 2825 522 ut
2859 461 2928 522 tu
2964 453 3124 521 ami-

525 585 671 636 cum
726 582 946 634 meum
978 563 1307 631 subleves,

701 673 762 738 2.
809 674 884 739 In
926 689 1161 759 purum
1208 676 1274 736 et
1319 688 1448 735 non
1485 686 1742 755 purum.
1795 669 2035 750 PuruS,
2076 666 2186 752 qui
2223 668 2526 736 absolute
2566 666 2680 736 fit:
2717 687 2772 735 v.
2815 686 2875 754 g.
2909 665 3123 736 vendo

523 779 645 848 tibi
694 796 962 865 equum.
1009 763 1154 846 Non
1205 794 1431 861 puruS‚
1483 773 1588 842 cui
1632 774 2014 860 adiungitur
2045 774 2314 860 aliquid,
2360 781 2518 861 puta
2551 775 2767 861 aliqua
2804 774 3128 858 conditio,

529 891 598 953 ut
648 885 963 971 promitto
1015 882 1131 950 tibi
1186 884 1314 949 loo
1362 900 1644 962 aureOS,
1695 880 1749 948 si
1801 880 2094 950 lauream
2143 881 2600 968 consequeris.
2650 884 2910 950 Primus
2957 881 3124 950 dici-

524 1003 635 1062 tur
683 993 880 1061 etiam
927 992 1215 1078 simplex,-
1266 989 1432 1058 alter
1477 990 1896 1075 qualificatus.
2224 986 2233 996 '

706 1101 766 1167 3.
816 1102 889 1166 In
929 1099 1259 1184 formalem
1295 1104 1358 1165 et
1397 1097 1750 1163 virtualem.
1784 1096 1903 1164 Ille
1937 1094 2264 1164 adnexum
2297 1097 2497 1167 habet
2536 1114 2925 1183 expressum
2961 1115 3121 1165 con-

530 1206 939 1292 trahentium
991 1221 1421 1272 consensum:
1471 1211 1545 1270 ut
1593 1203 2013 1287 sirexpresse
2053 1202 2184 1271 duo
2225 1205 2618 1272 contrahant
2655 1203 2735 1272 de
2769 1203 2986 1291 aliqua
3033 1222 3123 1272 re.

528 1317 660 1383 Iste
710 1312 977 1380 nonnisi
1030 1312 1304 1379 tacitum
1354 1329 1756 1380 consensum
1807 1311 2006 1379 habet
2057 1310 2410 1395 adnexum3
2451 1332 2570 1380 seu
2604 1321 2704 1380 est
2744 1317 3132 1380 contractus

531 1424 596 1489 in
647 1439 778 1506 quo
829 1419 1144 1504 implicite
1194 1419 1559 1504 suscipitur
1607 1418 1928 1503 obligatio
1957 1419 2235 1505 justitiae
2272 1439 2351 1487 ex
2387 1419 2812 1506 susceptione
2846 1419 3134 1505 alicujus

531 1546 773 1595 munus
823 1525 1174 1612 diligenter
1213 1525 1523 1614 obeundi,
1575 1532 1639 1593 et
1690 1525 1794 1593 hic
1843 1524 2087 1593 dicitur
2130 1528 2724 1613 quasi-contractus.

525 1641 531 1650 ⁴
716 1637 780 1701 4.
830 1635 901 1700 ln
951 1633 1332 1700 bilatere-lem
1380 1639 1445 1700 et
1486 1631 1923 1699 unitateralem
1960 1640 2005 1700 ¹.
2060 1632 2429 1701 Bilateralis
2478 1639 2597 1715 est,
2648 1634 2712 1701 in
2761 1651 2895 1721 quo
2945 1642 3130 1700 uter-

535 1759 664 1826 que
698 1739 1229 1809 contrahentium
1273 1738 1717 1806 essentialiter
1749 1739 2145 1823 obligantur,
2183 1748 2253 1808 ut
2289 1742 2355 1807 in
2406 1741 2782 1810 venditione
2797 1767 2816 1823 ;
2852 1740 3128 1807 unilate-

536 1849 711 1932 ralis,
764 1848 831 1916 in
882 1866 1012 1934 quo
1051 1867 1222 1914 unus
1273 1854 1528 1914 tantum
1569 1847 2026 1933 obstringitur,
2061 1855 2132 1915 ut
2181 1848 2243 1914 in
2297 1847 2677 1916 donatione.
2713 1849 2979 1916 Primus
3015 1865 3134 1915 vo—

534 1963 720 2024 catur
768 1956 964 2022 etiam
1012 1974 1310 2021 onerosus
1358 1955 1430 2038 (a
1476 1955 1646 2023 titolo
1695 1957 1979 2038 oneroso)
2000 1982 2025 2033 ,·
2077 1955 2228 2040 quia
2262 1973 2432 2022 onus
2479 1957 2793 2041 importat
2828 1975 2909 2024 ex
2947 1963 3132 2041 parte

538 2062 903 2147 utriusque.
952 2060 1132 2128 Alter
1176 2062 1509 2148 mamitus,
1558 2062 1854 2147 beneficus
1892 2080 2010 2128 seu
2061 2062 2403 2129 lucrativus
2459 2061 2530 2146 (a
2562 2062 2735 2129 titolo
2771 2064 3124 2145 metuito),-

531 2168 686 2253 quia
734 2168 939 2252 vergit
989 2169 1053 2234 in
1104 2167 1455 2234 utilitatem
1504 2167 1701 2235 unius
1751 2174 2047 2250 tantum,
2098 2168 2258 2254 quin
2325 2168 2431 2235 hic
2504 2187 2658 2254 erga
2706 2170 2995 2236 alterum
3048 2165 3127 2235 ad

538 2274 787 2361 aliquid
836 2294 1028 2359 grave
1076 2275 1428 2360 obligetur.
1475 2274 1742 2344 Addunt
1791 2276 1893 2343 alii
1950 2284 2362 2345 contractum
2394 2278 2684 2360 mia-tum,
2727 2277 2840 2364 qui
2888 2294 3136 2362 nempe

534 2382 620 2450 sit
666 2399 745 2447 ex
795 2388 978 2466 parte
1028 2380 1352 2464 gratuitus
1402 2389 1467 2447 et
1514 2400 1595 2448 ex
1644 2388 1828 2467 parte
1880 2399 2227 2463 onerosus,
2280 2389 2350 2449 ut
2399 2382 2454 2448 si
2503 2382 2774 2450 donatio
2821 2381 2933 2448 fiat
2967 2381 3118 2448 boni

537 2488 865 2568 notabilis,
893 2488 1017 2555 sub
1053 2490 1269 2573 aliqua
1320 2489 1701 2584 cond-itione
1737 2488 1881 2556 levi.
1919 2491 2077 2569 Quae
2115 2487 2350 2556 divisio
2388 2488 2535 2557 ideo
2573 2498 2676 2557 est
2710 2488 3126 2570 attendenda,

536 2598 687 2682 quia
736 2594 1087 2681 aliquando
1138 2596 1243 2664 lex
1291 2595 1487 2664 alicui
1539 2595 1867 2685 permittit
1905 2602 2318 2664 contractum
2368 2613 2758 2674 onerosum,
2807 2615 2942 2665 non
2980 2615 3130 2664 vero

535 2701 928 2787 gratuitum3
979 2695 1111 2786 {Juo
1160 2702 1227 2768 in
1277 2720 1433 2769 casu
1482 2702 1540 2769 si
1587 2702 1701 2768 fiat
1749 2702 2050 2785 mixtum,
2079 2701 2319 2770 valebit
2366 2708 2625 2771 tantum
2671 2722 2752 2771 ex
2801 2720 2878 2770 ea
2929 2709 3128 2789 parte,

534 2827 662 2894 qua
696 2828 1021 2876 onerosus
1079 2815 1199 2876 est.
2103 2819 2108 2824 ’

713 2918 773 2982 5.
825 2917 894 2982 ln
934 2915 1356 3002 principalem
1403 2921 1468 2983 et
1514 2904 1967 2983 accessorium.-
2016 2916 2399 3001 principalis
2449 2916 2559 2984 ille
2606 2924 2728 3001 est,
2779 2920 2892 3003 qui
2945 2916 3127 2984 inde·

537 3022 900 3107 pendenter
930 3022 1022 3114 ⁹ab
1073 3020 1196 3088 alia
1241 3022 1701 3103 conventione,
1753 3029 1817 3090 et
1865 3021 2015 3090 ideo
2066 3021 2147 3090 de
2194 3040 2267 3090 se
2315 3023 2643 3105 subsistit,
2698 3031 2770 3090 ut
2803 3023 3093 3091 venditio
3111 3051 3128 3104 3

536 3129 947 3202 accessorius
997 3128 1108 3214 qui
1159 3129 1239 3197 ab
1290 3128 1412 3195 alia
1462 3127 2196 3214 pendet'conventione
2244 3137 2357 3197 aut
2428 3149 2571 3198 eam
2646 3132 3012 3217 supponit,
3059 3139 3128 3196 ut

534 3234 893 3321 fidejussio.
940 3237 1097 3302 Haec
1145 3233 1377 3303 divisio
1421 3253 1540 3302 sua
1576 3234 1774 3314 habet
1812 3237 2221 3303 consectaria
2257 3257 2336 3305 ex
2372 3236 2519 3305 illo:
2585 3243 2911 3305 corruente
2944 3239 3126 3325 prin-

534 3342 742 3429 cipali,
791 3342 1026 3408 corruit
1075 3353 1129 3408 et
1175 3342 1606 3409 accessorium.
2229 3393 2264 3432 .·

714 3450 775 3514 6.
825 3450 897 3514 Iu
945 3447 1292 3530 solemnem,
1329 3447 1410 3514 ad
1458 3448 1645 3533 cujus
1696 3447 1982 3516 valorem
2030 3448 2392 3533 requiritur
2429 3456 2607 3518 certa
2640 3449 3004 3517 formalitas
3051 3468 3128 3516 ex

538 3553 679 3639 lege
729 3552 1154 3638 praescripta,
1213 3573 1264 3620 v.
1316 3574 1418 3640 g.,
1470 3555 1800 3641 scriptura
1850 3554 2130 3641 publica,
2195 3554 2666 3641 homologatio.
2718 3560 2798 3624 Et
2847 3577 2975 3623 non
3024 3577 3124 3624 so·

539 3663 836 3740 lemnam,
885 3660 995 3745 qui
1054 3661 1405 3747 subjicitur
1453 3670 1709 3732 tantum
1758 3662 2311 3749 dispositionibus
2361 3665 2806 3750 generalibus.
2868 3663 3128 3732 Primus

535 3768 777 3837 dicitur
823 3767 1020 3835 etiam
1066 3769 1338 3852 vestitus,
1388 3768 1723 3838 secundus
1770 3770 1996 3837 nudus.

714 3878 774 3943 7.
822 3876 895 3942 In
941 3875 1175 3941 realem
1223 3883 1286 3943 et
1334 3869 1834 3972 consensualem:
1884 3877 2077 3945 realis
2127 3885 2228 3946 est
2276 3879 2387 3964 qui
2442 3878 2504 3945 iu
2557 3896 2672 3945 sua
2722 3878 2949 3962 specie
2997 3898 3128 3946 non

537 3982 882 4070 perficitur
931 3981 1052 4049 nisi
1104 4000 1222 4068 per
1267 3984 1383 4064 rei,
1431 3983 1513 4053 de
1562 4003 1693 4072 qua
1741 3984 2174 4067 convenitur,
2229 3985 2685 4054 traditionem:
2738 3985 2832 4052 uti
2886 3992 2989 4055 est
3034 3987 3128 4073 pi-

535 4109 724 4176 gnuS,
775 4088 1288 4171 commodatum,
1343 4099 1670 4176 mutuum,
1720 4090 2124 4179 depositum.
2175 4093 2646 4161 consensualis
2694 4100 2797 4161 est
2833 4094 2948 4179 qui
2983 4094 3128 4162 solo

534 4198 1062 4350 contebentium
1115 4215 1445 4268 consensu
1496 4199 1621 4268 rite
1668 4200 1966 4269 exhibito
2018 4200 2410 4286 completur,
2462 4201 2555 4268 uti
2607 4207 2708 4269 est
2785 4201 3026 4271 locatio
3077 4199 3126 4270 ².

592 4377 615 4417 1
647 4347 938 4429 Bil'aleralis
973 4377 1165 4429 dicitur
1195 4376 1354 4430 etiam
1387 4379 1860 4442 synallaomaticus‚
1896 4391 2087 4444 nempe
2106 4391 2341 4441 &graeco
2373 4390 2469 4442 syn
2505 4391 2616 4431 una
2648 4380 2828 4442 simul,
2847 4382 2902 4432 et
2935 4381 3125 4432 anasse

534 4440 1066 4551 coptlrtaiffleimmm
1097 4500 1241 4552 bonae
1269 4502 1408 4564 fidei,
1438 4506 1490 4552 et
1535 4504 1700 4556 aricii
1721 4505 1866 4568 juris
1896 4503 2032 4555 solet
2061 4504 2222 4555 'eliani
2257 4503 2422 4555 dividi
2472 4504 2799 4556 contractus.
2837 4506 2936 4556 Hic
2983 4505 3124 4558 bona

531 4562 662 4614 tides
694 4564 925 4612 sumitur
949 4573 1054 4634 Pto
1087 4561 1230 4614 bono
1263 4564 1316 4615 et
1345 4575 1530 4637 aequo3
1566 4566 1710 4616 unde
1742 4567 2046 4618 contractus
2080 4567 2234 4617 bonae
2267 4563 2388 4617 fidei
2422 4568 2501 4617 est
2533 4568 2622 4631 qui
2674 4578 2782 4618 non
2831 4579 2901 4619 ex
2953 4566 3125 4632 rigore

532 4625 1125 4739 Xgffiglfflssggoe'mmr'
1160 4623 1256 4676 sed
1290 4637 1357 4676 ex
1387 4624 1618 4689 benigna
1650 4628 2115 4692 interpretatione:
2152 4631 2210 4681 ut
2242 4629 2443 4689 evenit,
2479 4640 2532 4679 v.
2565 4640 2615 4691 g.
2652 4627 2708 4680 in
2753 4626 3017 4695 deposito,
3070 4631 3120 4682 in
