3292 5167
1010 165 1023 194 Ι

1190 225 1651 271 ΑυκοϊΑἰῚοΝιιε
2588 211 2715 280 189
2771 243 2786 264 a

236 329 414 396 m.
448 329 639 396 Reale
668 330 1073 418 sacrilegium
1105 339 1206 391 est
1236 328 1594 407 profanatio
1626 344 1924 392 vasorum
1963 338 2028 392 et
2057 329 2588 398 istrumen-torum
2622 352 2724 399 sa·

178 426 408 487 crorum,
437 426 494 472 v,
526 428 608 490 g.,
642 412 696 474 si
728 413 868 491 quis
913 410 1108 474 calice
1154 417 1371 474 utatur
1404 411 1470 474 in
1507 410 1822 486 convivio,
1854 421 2231 475 ornamenta
2270 413 2585 480 Altarium
2622 418 2721 480 vel

178 491 534 556 sacerdotum
563 490 641 555 ad
674 508 828 558 usus
869 489 1169 570 profanos
1212 488 1508 570 applicet,
1552 490 1846 570 intellige
1890 489 1969 553 de
2016 492 2115 569 iis,
2159 510 2301 572 quaa
2343 500 2726 562 consecrari

182 572 252 638 vel
303 571 515 635 saltem
581 572 875 637 benedici
938 571 1184 646 solent;
1250 586 1397 632 nam
1441 569 1519 634 ad
1586 574 1885 650 nuptias,
1933 571 2037 633 vel
2082 587 2486 638 communem
2540 593 2728 642 usum

188 653 435 718 adhibere
498 661 707 733 tapeta
736 701 752 728 ,
821 651 1202 716 candelabra
1228 698 1246 726 ‚
1282 650 1518 731 pelvim
1545 697 1561 727 ,
1605 653 1733 713 imo
1769 661 1834 715 et
1877 657 2352 735 manutergium
2397 664 2463 718 et
2506 668 2728 724 cetera

188 750 282 815 quae
331 732 603 796 mediate
649 742 897 797 tantum
965 735 1259 796 serviunt
1341 733 1704 793 ministerio
1778 749 1999 809 sacro,
2047 749 2175 795 non
2219 744 2317 798 est
2361 748 2719 816 peccatum,

189 822 321 893 prout
350 813 530 876 docet
595 814 992 889 Tamburini,
1061 814 1184 875 nisi
1243 813 1356 878 fiat
1399 827 1480 874 ex
1523 813 1737 892 aliquo
1792 822 2166 893 contemptu
2235 817 2464 878 saltem
2514 819 2731 900 impli-

188 899 284 970 cito,
318 902 384 957 ut
418 896 472 956 si
517 910 772 974 semper
817 903 880 957 et
938 893 1392 958 indifferenter
1433 895 1526 954 sic
1571 895 1774 956 utaris
1819 894 2228 974 supradictis,
2293 896 2501 977 Atque
2547 899 2721 964 idem

186 974 402 1037 affirmat
443 975 521 1037 de
566 975 881 1049 candeliS,
936 975 1151 1049 ramis,
1194 990 1378 1053 aqua,
1428 974 1694 1036 incenso
1739 984 1802 1037 et
1845 973 2163 1037 similibus
2208 977 2595 1055 benedictis,
2643 998 2719 1043 eo

241 1056 299 1118 od
340 1057 399 1117 in
443 1057 716 1118 modicis
766 1057 906 1119 istis
951 1053 1508 1117 benedictionibus
1546 1071 1673 1118 non
1719 1064 1945 1134 agatur
1990 1072 2131 1118 cum
2173 1065 2348 1120 tanto
2405 1061 2619 1136 rigore
2650 1062 2728 1124 ab

268 1136 420 1212 lesia,
466 1138 557 1200 uti
606 1144 782 1216 patet
825 1137 890 1197 in
927 1150 1109 1213 pane,
1142 1137 1338 1214 ligno,
1382 1134 1786 1211 carbonibus,
1830 1145 1972 1212 etc.,
2015 1137 2397 1203 benedictis,

234 1216 345 1279 Non
385 1226 479 1280 est
521 1217 935 1295 sacrilegium
983 1232 1110 1277 nou
1156 1218 1479 1294 suscipere
1523 1215 1931 1278 Sacramenta
1971 1225 2257 1298 tempore
2348 1222 2721 1302 raescript03

183 1296 256 1359 sed
307 1297 695 1376 probabilius
739 1307 836 1361 est
882 1305 1131 1359 tantum
1178 1304 1401 1359 contra
1458 1296 1899 1360 obedientiam
1943 1296 2245 1361 Ecclesiae
2337 1295 2596 1365 eliitam.
2646 1338 2724 1349 —

179 1378 244 1438 An
277 1381 349 1439 sit
386 1378 798 1458 sacrilegium
842 1377 1135 1441 detinere
1189 1377 1396 1457 legata
1443 1377 1669 1440 relicta
1727 1378 2034 1440 Ecclesiae
2091 1396 2206 1460 pro
2258 1380 2397 1459 ejus
2442 1382 2727 1460 serviti0‚

179 1456 258 1519 alii
293 1459 619 1535 affirmant,
653 1459 810 1539 ‚quia
857 1460 1106 1522 ratione
1151 1457 1605 1520 destinationis
1648 1468 1801 1521 sunt
1855 1472 2073 1533 sacra3
2111 1460 2226 1523 alii
2275 1472 2536 1541 negant,
2578 1465 2724 1544 quia

178 1539 405 1617 quandiu
459 1555 588 1602 non
637 1539 1049 1620 possidentur
1092 1538 1170 1602 ab
1215 1538 1523 1613 Ecclesia,
1572 1555 1751 1601 sacra
1798 1542 2060 1619 proprie
2093 1556 2220 1601 non
2270 1553 2437 1604 sunt.
2488 1577 2563 1588 -—
2607 1543 2716 1606 Sa-

182 1620 403 1697 crilegus
445 1637 600 1682 vero
637 1622 871 1699 estqui
905 1620 1354 1683 irreverenter
1391 1627 1620 1682 tractat
1651 1635 1866 1681 sacras
1903 1620 2235 1695 imagines,
2267 1623 2365 1684 vel
2412 1623 2722 1687 indecore

180 1701 325 1764 nimis
362 1716 459 1762 eas
496 1700 794 1780 depingit
840 1700 936 1762 vel
981 1701 1234 1779 sculpit.
1277 1699 1553 1780 Liquori,
1598 1699 1968 1780 Roncaqlia,
2020 1699 2297 1764 Gousset.

235 1779 416 1842 28⁰.
461 1780 529 1841 ln
580 1781 956 1843 definiendo
1020 1782 1288 1859 gradum
1332 1779 1598 1842 malitiae
1654 1781 1980 1860 sacrilegii
2047 1782 2243 1844 realis
2310 1783 2726 1848 considerare

182 1868 399 1939 oportet,
427 1877 505 1924 an
542 1863 991 1924 committatur
1037 1864 1101 1923 in
1146 1878 1250 1924 res
1295 1860 1685 1936 benedictaS,
1719 1870 1789 1924 ut
1817 1863 1949 1924 sint
1991 1865 2255 1924 materia
2290 1860 2723 1941 Sacramenti‚
2829 1869 2832 1876 ‘

180 1939 259 2000 vel
296 1949 352 2003 ut
405 1943 701 2020 proxime
759 1942 1144 2019 ordinentur
1210 1940 1288 2004 ad
1347 1940 1766 2018 Sacrificium,
1827 1958 1885 2004 v.
1948 1958 2026 2021 g.,
2124 1954 2415 2005 sanctum
2479 1942 2725 2018 Oleum,

187 2019 431 2097 Cbrisma,
474 2022 714 2099 altare,
764 2023 1051 2099 calicem,
1093 2031 1304 2085 vestes
1350 2022 1818 2098 sacerdotales3
1862 2039 1940 2086 an
2013 2029 2449 2114 committatur
2515 2027 2580 2086 in
2626 2041 2728 2088 res

194 2116 304 2179 quae
335 2099 677 2165 benedictae
706 2110 857 2165 sunt
901 2111 1174 2178 tantum,
1207 2112 1275 2164 ut
1307 2103 1381 2164 ad
1432 2106 1602 2181 pium
1635 2120 1819 2166 usum
1868 2102 2162 2166 fidelibus
2198 2106 2576 2182 inserviant,
2609 2121 2730 2168 nec

192 2180 250 2241 ad
285 2180 443 2245 Deum
486 2187 788 2264 proxime
832 2183 1254 2258 referrentur,
1302 2193 1372 2245 ut
1400 2192 1551 2244 sunt
1588 2182 1835 2262 palmae,
1881 2184 2155 2261 cineres,
2188 2186 2396 2264 panis,
2439 2202 2598 2265 aqua
2631 2186 2724 2249 lu·

192 2260 372 2325 stralis.
410 2263 476 2325 ln
522 2266 736 2344 priori
800 2280 950 2327 casu
992 2262 1401 2342 sacrilegium
1450 2279 1710 2342 gravem
1766 2266 2259 2328 irreverentiam
2326 2266 2619 2344 includit,
2665 2274 2731 2330 et

196 2350 267 2403 est
297 2358 513 2421 genere
561 2362 680 2408 suo
727 2343 1016 2420 mortale,
1058 2345 1111 2406 si
1150 2344 1260 2407 fiat
1302 2344 1740 2418 advertenter,
1781 2346 1899 2424 etsi
1948 2345 2319 2424 profanator
2365 2361 2467 2409 res
2512 2364 2728 2410 sacras

188 2437 281 2484 nou
316 2424 459 2488 velit
499 2424 753 2489 directa
800 2427 1163 2487 intentione
1208 2424 1618 2486 inhonorare.
1699 2423 1776 2486 In
1832 2424 2114 2487 secundo
2179 2442 2329 2488 casu
2375 2443 2526 2489 vero
2599 2443 2727 2489 non

180 2502 382 2566 videtur
423 2522 533 2584 per
585 2521 654 2568 se
698 2521 836 2568 esse
884 2513 1208 2588 peccatum
1253 2522 1332 2568 ex
1372 2522 1615 2583 genere
1661 2521 1774 2567 suo
1821 2505 2110 2570 mortale.
2145 2540 2224 2552 —
2261 2505 2330 2568 V.
2377 2507 2725 2571 Proelectio·

180 2599 257 2644 nes
289 2583 448 2648 Iuris
492 2587 792 2649 canonici
827 2588 895 2648 in
938 2584 1165 2650 Semin.
1204 2583 1265 2652 S.
1311 2584 1595 2668 Sulpicii,
1638 2597 1680 2648 t.
1728 2602 1822 2648 111.

1148 2807 1304 2888 ναι)
1348 2808 1501 2888 paq.
1547 2807 1682 2870 107.

227 3027 392 3091 281.
435 3030 806 3094 lnauditum
849 3045 922 3092 ac
964 3045 1187 3092 recens
1230 3030 1589 3108 gravissimi
1648 3030 1943 3091 simoniae
2018 3029 2287 3093 sceleris
2354 3032 2729 3111 exemplum

174 3109 428 3174 exhibent
474 3117 924 3190 protestantes,
976 3119 1047 3173 ut
1090 3109 1292 3173 refert
1333 3110 1620 3171 Diarium
1666 3109 1754 3171 La
1801 3108 2037 3174 Civilia
2083 3109 2421 3187 Gattolica,
2464 3130 2588 3175 ser.
2633 3115 2723 3191 2·,

175 3202 217 3249 r.
246 3206 301 3265 ιι,
359 3208 494 3270 pag.
538 3191 699 3253 217:
761 3216 785 3246 ι
829 3189 910 3252 La
957 3189 1286 3254 Direzione
1328 3190 1669 3270 spirituale
1733 3189 1836 3252 del
1907 3191 2138 3268 popolo
2202 3191 2266 3252 di
2314 3190 2724 3275 Spetisburg·

175 3266 714 3348 Charton-Marshal
760 3270 828 3334 fu
858 3271 1139 3334 venduta
1170 3271 1415 3333 all’asta
1465 3270 1758 3350 pubblica
1801 3271 1902 3332 dai
1936 3271 2180 3349 signori
2215 3271 2423 3334 Smitb
2467 3290 2501 3336 e
2533 3275 2729 3356 nglio.

178 3346 210 3408 ll
244 3350 557 3417 banditore
602 3353 929 3416 annunzio
973 3353 1094 3414 che
1141 3350 1183 3412 il
1231 3351 1483 3415 titolare
1528 3351 1978 3429 ottuagenario
2039 3352 2458 3428 cagiouevole
2525 3355 2589 3418 di
2638 3373 2732 3419 sa·

177 3426 272 3492 lule
311 3434 521 3496 voleva
572 3434 853 3495 ritirarsi
898 3432 1066 3495 dalla
1095 3448 1242 3495 cura
1281 3431 1451 3495 delle
1476 3433 1713 3507 anime,
1740 3430 2141 3494 vendendola
2180 3436 2331 3512 pero
2363 3434 2423 3495 al
2463 3436 2726 3514 miglior

173 3510 452 3577 offerente.
480 3514 562 3575 La
591 3513 843 3585 rendita
871 3512 972 3575 del
1001 3513 1312 3576 benefizio
1346 3516 1380 3574 e
1404 3511 1612 3574 (11624
1643 3511 1766 3574 lire
1796 3511 2086 3574 sterline.
2120 3512 2318 3577 Messa
2352 3514 2730 3580 all'incanto

177 3588 216 3650 la
250 3595 429 3672 prima
482 3593 666 3673 grida
713 3593 783 3657 fu
825 3594 888 3655 di
933 3593 1114 3664 5000,
1179 3592 1415 3656 crebbe
1462 3588 1780 3654 bel'bello
1825 3609 1859 3653 a
1906 3595 2145 3655 misura
2192 3594 2294 3656 del
2369 3597 2545 3658 vario
2591 3595 2729 3659 zelo

176 3670 252 3734 dei
289 3675 692 3753 pretendeuti
740 3675 1051 3747 ministri,
1094 3673 1307 3736 fincbe
1352 3672 1396 3734 il
1442 3671 1883 3735 zelantissimo
1926 3674 2091 3736 ebbe
2122 3686 2488 3753 comperata
2524 3675 2580 3738 la
2618 3677 2723 3738 Di-

176 3755 382 3824 reztssone
423 3755 762 3835 spirituale
806 3755 863 3817 al
911 3769 1138 3832 prezzo
1183 3754 1247 3816 di
1291 3754 1451 3816 5550
1494 3754 1787 3829 sterline,
1831 3754 1993 3817 ossia
2036 3755 2302 3819 138.760
2363 3754 2636 3819 franchi.
2680 3758 2730 3820 E

176 3834 252 3909 poi
287 3836 473 3900 dicasi
523 3835 645 3899 che
693 3836 708 3895 i
760 3835 1137 3914 protestanti
1188 3850 1314 3895 non
1363 3833 1672 3896 bruciano
1711 3835 1774 3895 di
1821 3850 2003 3897 sacro
2058 3834 2264 3910 fuocn,
2329 3837 2498 3898 avidi
2548 3852 2729 3901 come

178 3927 299 3977 sono
334 3916 393 3979 di
458 3930 835 3995 comperare
901 3931 934 3977 a
997 3924 1174 3978 tanto
1242 3930 1469 3994 prezzo
1517 3916 1560 3976 il
1630 3899 1853 3995 campo
1899 3915 2001 3977 dei
2051 3916 2187 3977 loro
2254 3916 2583 3995 apostolici
2633 3936 2727 3981 su·

180 3991 317 4137 ῠζὶἰι
368 4022 390 4051 ι
454 3996 689 4060 Contra
758 4001 1144 4059 simoniacos
1205 3998 1299 4058 sic
1363 3996 1786 4059 veliementer
1858 3994 2176 4059 clamabat
2247 3996 2530 4060 Dantlies
2597 3998 2727 4060 Ali·

182 4087 210 4148 g
272 4078 392 4140 rius
432 4086 688 4141 noster:

531 4221 553 4248 ι
602 4192 652 4257 0
697 4192 917 4258 Simon
961 4190 1162 4271 Mago,
1211 4208 1247 4253 o
1293 4192 1515 4254 miseri
1564 4192 1841 4271 seguaci,

685 4271 814 4335 Che
859 4272 918 4334 le
962 4288 1106 4335 cose
1153 4270 1215 4335 di
1262 4271 1377 4341 Dio
1424 4275 1539 4336 clie
1586 4271 1652 4336 di
1705 4273 1965 4336 bontate

684 4352 909 4416 Denuo
946 4369 1159 4416 essere
1205 4368 1411 4431 spose,
1456 4354 1559 4413 voi
1605 4354 1822 4433 rapaci

541 4460 562 4489 ι
613 4432 731 4496 Per
774 4450 888 4495 oro
925 4447 960 4495 e
1006 4450 1116 4513 per
1159 4441 1426 4514 argento
1458 4431 1840 4495 adulterate.

684 4512 768 4576 Or
814 4516 1086 4576 convien
1132 4514 1249 4578 che
1298 4529 1410 4592 per
1446 4514 1549 4574 voi
1595 4514 1780 4576 suoni
1830 4512 1890 4576 la
1938 4511 2206 4590 tromba,

685 4592 1006 4662 Perooche
1050 4592 1220 4660 nella
1266 4608 1440 4657 terza
1487 4591 1696 4673 bolgia
1741 4601 1922 4660 state.
1970 4618 1992 4646 ι

894 4717 897 4722 -
1851 4674 2177 4755 (livraaivo,
2226 4691 2276 4738 c.
2322 4675 2483 4751 xix.)
