3292 5167
1444 221 1523 266 oa
1570 221 1739 271 nnat
1854 246 1857 251 -
2008 250 2021 265 .
2723 201 2844 268 641

180 366 188 377 ·
264 340 421 391 nam
469 324 535 391 in
583 323 727 392 foro
776 330 1051 392 externo
1100 321 1523 409 cogitationis
1571 342 1838 411 poenam
1889 343 2082 395 nemo
2151 314 2416 411 patitur.
2481 324 2564 393 At
2611 325 2854 393 sufficit

268 429 325 498 si
376 449 564 500 error
609 430 694 499 sit
744 429 964 515 aliquo
1012 428 1213 499 modo
1263 436 1647 500 extet-natus
1696 431 1833 499 sive
1870 449 2047 515 voce,
2081 432 2216 501 sive
2255 431 2527 518 scripto,
2564 431 2700 499 sive
2738 449 2883 511 nu-,

265 524 467 620 tinus,
517 535 641 606 etsi
692 535 1060 605 extet-natio
1109 535 1234 605 ista
1283 536 1370 606 sit
1417 538 1585 605 facta
1650 545 1932 620 secreto,
2004 537 2268 621 nemine
2339 543 2671 624 praesente
2743 542 2853 604 aut

265 632 554 727 sciente3
604 644 756 730 quia
803 661 1070 730 semper
1120 644 1493 714 verificatur
1538 645 1816 714 haeresis
1867 652 2163 714 externa.

355 754 430 820 R,
476 754 548 819 2:
600 751 790 832 Quod
836 756 1093 837 spectat
1141 750 1222 818 ad
1268 751 1697 838 Episcopum,
1748 760 2005 820 certum
2054 758 2154 821 est
2187 770 2265 821 ex
2292 750 2442 838 jure
2477 750 2655 837 quod
2693 750 2850 837 Epi-

262 877 510 945 scopus
560 866 624 928 et
670 858 1034 945 Inquisitor
1078 866 1362 945 possunt
1403 858 1754 928 'absolvere
1804 859 1871 929 in
1922 866 2205 944 utroque
2251 858 2397 927 foro
2447 861 2529 926 ab
2581 856 2844 940 haeresi,

265 964 421 1036 licet
469 984 543 1034 ea
591 967 680 1034 sit
727 966 1020 1063 formalis
1069 973 1134 1034 et
1184 974 1473 1049 externa,
1524 967 1577 1034 si
1628 966 1709 1034 ad
1757 984 2019 1058 eorum*
2057 965 2272 1034 forum
2336 964 2649 1051 judiciale
2680 996 2687 1007 ι
2717 965 2853 1051 jam

263 1075 364 1143 sit.
400 1073 1038 1160 quomodocunque.
1082 1071 1399 1142 deducta:
1451 1081 1523 1141 ut
1570 1075 1648 1157 si,
1699 1093 1754 1141 v.
1804 1093 1886 1160 g.,
1945 1073 2037 1142 ibi
2109 1074 2193 1143 sit
2265 1075 2542 1160 probata
2616 1071 2849 1140 saltem

263 1199 387 1268 per
433 1197 637 1249 unum
685 1185 944 1261 testem,
999 1185 1070 1247 ut
1119 1179 1301 1265 ajunt
1318 1204 1337 1259 ς
1387 1186 1497 1247 aut
1547 1181 1603 1248 si
1655 1197 1734 1249 eo
1786 1180 2142 1249 haereticus
2186 1187 2427 1266 sponte
2476 1177 2846 1259 conveniat,

266 1287 380 1373 qui
431 1287 605 1355 enim
654 1305 759 1354 res
810 1304 1213 1369 cognoscere
1262 1292 1501 1371 potest,
1552 1286 1798 1372 poterit
1848 1305 1959 1355 eas
2023 1305 2292 1373 quoque
2362 1285 2717 1354 terminare
2796 1289 2853 1348 ¹:

268 1394 435 1476 Quin
465 1394 591 1461 imo
649 1405 900 1479 uterque
936 1405 1134 1480 potest
1170 1394 1567 1479 poenitentem
1611 1395 1986 1477 haereticum,
2033 1407 2364 1483 postquam
2394 1414 2540 1460 suos
2584 1390 2854 1479 ejuravit

273 1520 542 1585 erroreS,
587 1501 674 1568 ad
715 1500 1056 1588 simplicem
1101 1502 1549 1591 confessarium
1593 1503 1901 1571 remittere
1945 1515 2012 1570 ut
2043 1503 2121 1569 ab
2152 1521 2218 1568 eo
2249 1501 2608 1569 absolvatur
2623 1524 2651 1578 ;
2681 1518 2853 1565 eam-

271 1628 391 1694 que
434 1610 897 1690 absolutionem,
948 1609 1084 1675 licet
1128 1629 1169 1674 a
1213 1609 1591 1695 confessario
1638 1610 1851 1676 datam
1897 1612 1965 1676 in
2008 1611 2146 1695 soro
2192 1608 2653 1688 sacramentali,
2697 1625 2851 1693 pro·

270 1715 440 1782 desse
487 1719 672 1781 etiam
712 1734 832 1802 pro
876 1716 1017 1800 foro
1062 1728 1341 1798 externe,
1387 1736 1429 1782 a
1473 1717 1651 1803 cujus
1681 1716 2115 1804 jurisdictione
2151 1726 2510 1802 promanat,
2556 1724 2715 1781 recte
2745 1713 2850 1779 ob-

262 1835 469 1889 servat
515 1824 860 1913 Del-Bene.-
909 1822 1105 1890 verba
1152 1830 1306 1891 sunt
1357 1822 1565 1909 ipsius
1600 1808 1951 1892 'Benedicti
2000 1825 2145 1893 XIV
2192 1821 2244 1890 ².
2530 1810 2536 1819 ’

357 1930 424 1996 Si
474 1947 628 1996 vero
677 1927 953 1995 haeresis
1002 1928 1296 1996 formalis
1345 1936 1410 1997 et
1458 1938 1730 1998 externa
1780 1948 1910 1998 non
1960 1929 2046 1998 sit
2107 1927 2389 1997 deducta
2463 1928 2539 1995 ad
2617 1943 2847 1996 eorum

264 2034 505 2118 sorum,
555 2036 771 2103 verior
816 2042 882 2103 et
932 2034 1211 2103 tenenda
1260 2036 1586 2105 sententia
1615 2054 1715 2113 ,ex
1764 2036 2123 2105 Benedicto
2155 2038 2301 2106 XIV
2331 2035 2548 2119 docet,
2581 2034 2853 2120 Episco-

262 2161 388 2230 pos
439 2161 569 2210 non
622 2160 819 2228 posse
867 2142 948 2209 ab
1000 2141 1107 2209 illa
1156 2142 1497 2211 absolvere
1515 2169 1534 2224 3
1575 2145 1671 2212 sic
1720 2144 1896 2212 enim
1948 2144 2010 2211 in
2059 2143 2246 2212 Bulla
2282 2146 2483 2212 Coenoe
2530 2149 2850 2211 statutum

263 2257 386 2320 est.
438 2251 663 2336 Neque
712 2251 932 2319 obstat
982 2249 1344 2318 Tridentini
1395 2252 1740 2320 concessio
1792 2271 1873 2321 ex
1921 2255 2135 2338 capite
2182 2253 2389 2319 Liceat
2429 2253 2495 2318 ³:
2546 2268 2697 2318 nam
2735 2266 2851 2335 per

263 2357 812 2425 dictam·Bullam
863 2356 1006 2425 haec
1053 2355 1329 2425 facultas
1376 2358 1724 2444 Episcopis
1774 2358 2084 2444 derogata
2134 2359 2280 2441 fuit,
2346 2357 2438 2424 ita
2510 2365 2583 2425 ut
2653 2354 2850 2424 hodie

263 2465 548 2551 amplius
598 2482 731 2532 non
780 2464 972 2532 liceat
1018 2464 1366 2551 Episcopis
1406 2477 1721 2552 praeteoetu
1762 2467 2128 2552 facultatum
2199 2484 2726 2552 quarumcunque,
2775 2468 2849 2531 ut

263 2573 546 2641 habetur
595 2570 658 2639 in
711 2573 853 2657 ipsa
899 2572 1107 2655 Bulla,
1161 2573 1505 2642 absolvere
1554 2574 1616 2641 in
1670 2573 1812 2642 foro
1862 2575 2121 2642 interno
2169 2574 2251 2643 ab
2297 2573 2532 2649 haeresi
2570 2572 2847 2655 occulta,

169 2762 178 2771 Ι
263 2679 390 2746 nisi
442 2686 672 2763 agatur
719 2677 800 2746 de
850 2678 1182 2764 impeditis
1230 2683 1501 2748 Romam
1550 2679 1729 2748 adire
1784 2681 1835 2748 ⁴.
1884 2683 2185 2749 Attamen
2249 2679 2461 2748 adhuc
2535 2684 2847 2765 poterunt

264 2785 608 2854 absolvere
657 2787 737 2853 ab
786 2785 1268 2872 irregularitate
1316 2788 1464 2856 ideo
1515 2788 1815 2869 incursa3
1864 2795 2019 2856 sunt
2069 2788 2242 2856 enim
2292 2787 2569 2855 diversae
2648 2785 2848 2859 facul-
2956 2781 2963 2789 “

263 2900 455 2975 tateS,
507 2890 587 2960 ad
636 2891 931 2961 diversos
979 2900 1186 2976 actus,
1235 2902 1304 2965 et
1351 2914 1480 2963 una
1527 2901 1787 2963 tantum
1836 2896 1998 2983 ipsis
2047 2895 2303 2964 sublata
2355 2901 2476 2964 est.

342 3033 554 3096 Nous
599 3033 860 3108 Quando
904 3052 935 3096 a
981 3038 1310 3114 superiore
1355 3036 1544 3100 datur
1589 3037 1885 3100 inferiori
1931 3037 2205 3100 facultas
2250 3038 2326 3099 ab
2373 3037 2604 3099 haeresi
2644 3035 2845 3099 absol-

262 3114 479 3189 vendi,
522 3114 668 3191 addi
716 3113 880 3177 solet
909 3114 976 3176 in
997 3116 1352 3196 rescripto:
1389 3119 1657 3180 servatis
1701 3118 1771 3180 de
1804 3121 1958 3196 jure
1988 3119 2345 3193 servandis,
2384 3134 2524 3197 quae
2558 3117 2848 3180 indicant

260 3196 679 3275 poenitentem
725 3211 852 3257 non
902 3203 1145 3258 tantum
1189 3213 1328 3260 esse
1372 3197 1792 3278 obligandum
1859 3197 1935 3261 ad
2003 3197 2422 3277 abjurandam
2492 3200 2793 3261 haeresim
2822 3244 2839 3272 ‚

261 3275 371 3338 sed
418 3277 610 3337 etiam
654 3275 729 3337 ad
778 3273 1116 3354 complices
1180 3277 1655 3341 denuntiandus
1700 3280 1779 3359 (si
1829 3292 1986 3357 opus
2030 3282 2184 3358 sit),
2229 3279 2426 3342 libros
2476 3280 2844 3354 haereticoS,

261 3358 363 3418 cui
411 3354 489 3418 de
527 3358 695 3434 jure,
741 3354 1105 3432 tradendos,
1149 3357 1446 3421 scandala
1494 3358 1871 3438 reparanda,
1915 3360 2142 3422 damna
2189 3359 2627 3436 resarcienda,
2664 3375 2838 3422 occa-

262 3438 479 3499 siones
541 3435 897 3515 fugiendaS,
940 3445 1057 3499 etc.
1102 3435 1287 3502 Valet
1326 3447 1569 3513 autem,
1613 3449 1864 3503 servata
1913 3441 2348 3519 proportione,
2390 3440 2444 3502 si
2508 3440 2699 3503 detur
2764 3440 2845 3503 fa-

262 3513 468 3579 cultas
506 3515 708 3596 quoad
756 3515 915 3578 alios
959 3533 1158 3580 casus.

349 3656 561 3720 ⁹211.
612 3654 685 3732 Q.
733 3653 793 3717 6.
847 3652 1008 3732 Quid
1052 3664 1138 3719 est
1183 3656 1548 3740 apostasia?

352 3762 422 3827 R.
469 3757 814 3843 Apostasia
862 3775 895 3824 a
944 3756 1073 3827 fide
1119 3771 1206 3826 est
1250 3761 1455 3828 totalis
1501 3754 1751 3847 desectio
1798 3781 1906 3829 seu
1953 3780 2226 3829 recessus
2269 3781 2312 3829 a
2354 3762 2471 3849 fide
2501 3761 2845 3829 christiana

255 3883 371 3951 per
413 3864 804 3951 Baptismum
847 3876 1131 3952 suscepta
1147 3890 1170 3944 ,·
1216 3884 1341 3935 vox
1387 3885 1421 3933 a
1470 3885 1689 3953 graeco
1738 3876 1858 3952 est,
1912 3875 1978 3937 et
2041 3866 2285 3937 indicat
2348 3880 2487 3955 post
2557 3880 2724 3935 stare
2792 3871 2840 3935 ⁵.

325 4091 344 4130 ¹
382 4091 436 4143 C.
471 4092 587 4153 ult„
619 4093 706 4143 off.
741 4094 800 4143 de
832 4094 980 4154 παθη,
1015 4094 1068 4144 in
1103 4097 1150 4147 6.
1184 4121 1249 4133 —
1287 4097 1340 4147 V.
1375 4096 1565 4159 Bouix‚
1600 4096 1669 4147 De
1703 4097 1969 4159 Episcopo,
2011 4109 2060 4159 p.
2090 4098 2163 4149 5⁸.

322 4152 350 4195 ²
380 4154 451 4204 De
484 4154 606 4216 Syn.
641 4156 814 4226 pieac..
849 4156 883 4206 l.
918 4167 997 4215 tx,
1030 4167 1075 4206 c.
1111 4157 1161 4207 4.
1908 4160 1931 4198 ⁸
1967 4158 2109 4209 Sese.
2141 4170 2290 4219 xxiv,
2327 4170 2371 4210 c.
2409 4161 2439 4210 6
2470 4158 2530 4207 de
2562 4158 2620 4209 R.

321 4215 345 4256 ⁴
380 4216 610 4281 Intellige
639 4220 703 4269 lis
733 4220 787 4269 in
820 4219 949 4269 locis
984 4217 1071 4268 ubl
1105 4218 1217 4270 haec
1248 4219 1397 4271 Bulla
1431 4221 1587 4283 viget,
1622 4222 1697 4271 uti
1734 4219 1878 4283 apud
1913 4232 2031 4271 nos.
2084 4221 2252 4271 Porro
2304 4221 2555 4284 quamvis
2607 4220 2721 4270 haec
2772 4219 2842 4274 sit

262 4279 1749 4396 ²¹¹⁰‘'Xifssffit'¹‘‘3‘135322210’021'3315512ffl3312l'1lffl2'Pastilli&
1778 4281 2312 4396 &testamenta
2343 4282 2638 4396 ἕῑῗῖῗέἔὲἳε
2689 4281 2843 4397 salt

258 4352 373 4454 333
404 4355 665 4463 obstanfe,
700 4381 890 4467 Episc'o
929 4405 944 4455 i
978 4404 1250 4456 absolvere
1284 4405 1352 4456 ab
1385 4358 1531 4459 offiin
1564 4406 1752 4458 haeresi
1785 4417 1854 4457 ex
1885 4408 2040 4459 dictis
2116 4406 2180 4457 ib.
2222 4418 2258 4467 1,
2282 4418 2334 4458 n.
2369 4357 2464 4461 8:3³4
2495 4408 2566 4457 De
2595 4381 2840 4459 censuris.

265 4465 608 4581 Γνῇανῐῖυξό
629 4468 707 4517 La
737 4469 845 4518 tuce
871 4417 962 4530 sila
993 4469 1037 4518 te
1069 4467 1290 4527 tenebre,
1324 4469 1375 4533 Β
1404 4473 1499 4521 278
1531 4471 1583 4522 et
1613 4479 1759 4534 seqq.
1795 4494 1854 4505 —
1889 4470 2116 4532 Liguori‚
2154 4470 2244 4531 Op.
2278 4469 2435 4530 Mor„
2473 4468 2602 4530 l.v1‚
2632 4481 2685 4520 n.
2719 4470 2838 4531 5633

287 4564 301 4579 ’
326 4586 351 4627 ⁸
379 4562 436 4640 c't
465 4568 666 4640 sembra
697 4590 782 4640 che
812 4591 886 4653 οιὶ
914 4593 1066 4654 erupi,
1103 4593 1118 4641 i
1149 4593 1293 4655 quate·
1318 4593 1618 4656 professano
1653 4594 1903 4646 l'ateismo
1937 4605 1965 4644 o
1998 4594 2036 4644 it
2067 4594 2278 4656 deismo,
2312 4595 2533 4646 debbano
2565 4607 2727 4646 essere
2747 4605 2839 4644 au·

259 4653 501 4704 novet-att
530 4652 620 4715 [ra
646 4653 722 4715 qti
749 4656 991 4715 apostati.
1030 4654 1274 4707 Gousset.
