<?xml version="1.0" encoding="UTF-8"?>
<!DOCTYPE html PUBLIC "-//W3C//DTD XHTML 1.0 Transitional//EN"
    "http://www.w3.org/TR/xhtml1/DTD/xhtml1-transitional.dtd">
<html xmlns="http://www.w3.org/1999/xhtml" xml:lang="en" lang="en">
 <head>
  <title>
</title>
<meta http-equiv="Content-Type" content="text/html;charset=utf-8" />
  <meta name='ocr-system' content='tesseract 3.04.00' />
  <meta name='ocr-capabilities' content='ocr_page ocr_carea ocr_par ocr_line ocrx_word'/>
</head>
<body>
  <div class='ocr_page' id='page_1' title='image "./theologiamorali04scavgoog_0754.png"; bbox 0 0 3292 5167; ppageno 0'>
   <div class='ocr_carea' id='block_1_1' title="bbox 513 221 2198 290">
    <p class='ocr_par' dir='ltr' id='par_1_1' title="bbox 513 221 2198 290">
     <span class='ocr_line' id='line_1_1' title="bbox 513 221 2198 290; baseline 0.001 -2"><span class='ocrx_word' id='word_1_1' title='bbox 513 221 642 290; x_wconf 67' lang='lat'><strong>742</strong></span> <span class='ocrx_word' id='word_1_2' title='bbox 1535 243 1651 290; x_wconf 76' lang='lat' dir='ltr'><strong>un.</strong></span> <span class='ocrx_word' id='word_1_3' title='bbox 1699 243 1761 289; x_wconf 86' lang='lat' dir='ltr'><strong>n.</strong></span> <span class='ocrx_word' id='word_1_4' title='bbox 1812 242 2024 289; x_wconf 71' lang='lat' dir='ltr'><strong>rme-r.</strong></span> <span class='ocrx_word' id='word_1_5' title='bbox 2073 242 2198 289; x_wconf 77' lang='grc' dir='ltr'><strong>νιιι.</strong></span> 
     </span>
    </p>
   </div>
   <div class='ocr_carea' id='block_1_2' title="bbox 508 342 3108 1469">
    <p class='ocr_par' dir='ltr' id='par_1_2' title="bbox 508 342 3108 582">
     <span class='ocr_line' id='line_1_2' title="bbox 516 342 3108 425; baseline 0.001 -19"><span class='ocrx_word' id='word_1_6' title='bbox 516 352 840 409; x_wconf 84' lang='lat' dir='ltr'><strong>troverete</strong></span> <span class='ocrx_word' id='word_1_7' title='bbox 892 345 957 406; x_wconf 89' lang='lat' dir='ltr'><strong>in</strong></span> <span class='ocrx_word' id='word_1_8' title='bbox 1023 344 1161 406; x_wconf 91' lang='lat' dir='ltr'><strong>loro</strong></span> <span class='ocrx_word' id='word_1_9' title='bbox 1205 344 1611 425; x_wconf 82' lang='lat' dir='ltr'><strong>compagnia,</strong></span> <span class='ocrx_word' id='word_1_10' title='bbox 1655 359 1833 406; x_wconf 90' lang='lat' dir='ltr'><strong>come</strong></span> <span class='ocrx_word' id='word_1_11' title='bbox 1879 345 1943 405; x_wconf 86' lang='lat' dir='ltr'><strong>in</strong></span> <span class='ocrx_word' id='word_1_12' title='bbox 1988 344 2241 423; x_wconf 81' lang='lat' dir='ltr'><strong>viaggio</strong></span> <span class='ocrx_word' id='word_1_13' title='bbox 2285 359 2321 405; x_wconf 94' lang='lat' dir='ltr'><strong>o</strong></span> <span class='ocrx_word' id='word_1_14' title='bbox 2368 342 2432 405; x_wconf 90' lang='lat' dir='ltr'><strong>in</strong></span> <span class='ocrx_word' id='word_1_15' title='bbox 2475 343 2749 424; x_wconf 76' lang='lat' dir='ltr'><strong>qualche</strong></span> <span class='ocrx_word' id='word_1_16' title='bbox 2791 344 3108 425; x_wconf 65' lang='lat' dir='ltr'><strong>albeme,</strong></span> 
     </span>
     <span class='ocr_line' id='line_1_3' title="bbox 508 422 3100 504; baseline 0.002 -19"><span class='ocrx_word' id='word_1_17' title='bbox 508 427 610 486; x_wconf 81' lang='lat' dir='ltr'><strong>voi</strong></span> <span class='ocrx_word' id='word_1_18' title='bbox 658 440 858 487; x_wconf 81' lang='lat' dir='ltr'><strong>senza</strong></span> <span class='ocrx_word' id='word_1_19' title='bbox 886 441 1103 488; x_wconf 87' lang='lat' dir='ltr'><strong>mover</strong></span> <span class='ocrx_word' id='word_1_20' title='bbox 1149 423 1392 501; x_wconf 90' lang='lat' dir='ltr'><strong>labbro,</strong></span> <span class='ocrx_word' id='word_1_21' title='bbox 1423 426 1488 486; x_wconf 90' lang='lat' dir='ltr'><strong>in</strong></span> <span class='ocrx_word' id='word_1_22' title='bbox 1515 422 1802 500; x_wconf 88' lang='lat' dir='ltr'><strong>silenzio,</strong></span> <span class='ocrx_word' id='word_1_23' title='bbox 1829 422 2378 487; x_wconf 84' lang='lat' dir='ltr'><strong>raccomandatevi</strong></span> <span class='ocrx_word' id='word_1_24' title='bbox 2405 422 2462 487; x_wconf 90' lang='lat' dir='ltr'><strong>al</strong></span> <span class='ocrx_word' id='word_1_25' title='bbox 2508 422 2782 504; x_wconf 84' lang='lat' dir='ltr'><strong>Signore</strong></span> <span class='ocrx_word' id='word_1_26' title='bbox 2818 443 2943 488; x_wconf 91' lang='lat' dir='ltr'><strong>con</strong></span> <span class='ocrx_word' id='word_1_27' title='bbox 2963 431 3100 492; x_wconf 84' lang='lat' dir='ltr'><strong>‘una</strong></span> 
     </span>
     <span class='ocr_line' id='line_1_4' title="bbox 509 503 3106 582; baseline 0.002 -16"><span class='ocrx_word' id='word_1_28' title='bbox 509 503 936 582; x_wconf 81' lang='lat' dir='ltr'><strong>giaculatoria</strong></span> <span class='ocrx_word' id='word_1_29' title='bbox 984 520 1161 567; x_wconf 89' lang='lat' dir='ltr'><strong>come</strong></span> <span class='ocrx_word' id='word_1_30' title='bbox 1207 503 1441 567; x_wconf 79' lang='lat' dir='ltr'><strong>fareste</strong></span> <span class='ocrx_word' id='word_1_31' title='bbox 1497 503 1923 567; x_wconf 89' lang='lat' dir='ltr'><strong>all’incontro</strong></span> <span class='ocrx_word' id='word_1_32' title='bbox 1974 503 2140 566; x_wconf 88' lang='lat' dir='ltr'><strong>d’un</strong></span> <span class='ocrx_word' id='word_1_33' title='bbox 2203 503 2648 579; x_wconf 87' lang='lat' dir='ltr'><strong>malandrino‚</strong></span> <span class='ocrx_word' id='word_1_34' title='bbox 2691 504 2865 569; x_wconf 85' lang='lat' dir='ltr'><strong>d&#39;un</strong></span> <span class='ocrx_word' id='word_1_35' title='bbox 2914 521 3106 582; x_wconf 88' lang='lat' dir='ltr'><strong>orso;</strong></span> 
     </span>
    </p>

    <p class='ocr_par' dir='ltr' id='par_1_3' title="bbox 511 581 3108 987">
     <span class='ocr_line' id='line_1_5' title="bbox 561 581 3088 664; baseline -0.002 -17"><span class='ocrx_word' id='word_1_36' title='bbox 561 583 768 661; x_wconf 82' lang='lat' dir='ltr'><strong>oiche‚</strong></span> <span class='ocrx_word' id='word_1_37' title='bbox 821 584 1192 660; x_wconf 86' lang='lat' dir='ltr'><strong>credetemi,</strong></span> <span class='ocrx_word' id='word_1_38' title='bbox 1234 586 1335 647; x_wconf 83' lang='lat' dir='ltr'><strong>voi</strong></span> <span class='ocrx_word' id='word_1_39' title='bbox 1396 586 1459 647; x_wconf 87' lang='lat' dir='ltr'><strong>in</strong></span> <span class='ocrx_word' id='word_1_40' title='bbox 1506 581 1701 647; x_wconf 83' lang='lat' dir='ltr'><strong>simili</strong></span> <span class='ocrx_word' id='word_1_41' title='bbox 1747 585 1874 647; x_wconf 89' lang='lat' dir='ltr'><strong>casi</strong></span> <span class='ocrx_word' id='word_1_42' title='bbox 1919 586 1980 646; x_wconf 84' lang='lat' dir='ltr'><strong>vi</strong></span> <span class='ocrx_word' id='word_1_43' title='bbox 2030 592 2275 648; x_wconf 77' lang='lat' dir='ltr'><strong>trovato</strong></span> <span class='ocrx_word' id='word_1_44' title='bbox 2320 587 2386 646; x_wconf 86' lang='lat' dir='ltr'><strong>in</strong></span> <span class='ocrx_word' id='word_1_45' title='bbox 2431 585 2675 664; x_wconf 76' lang='lat' dir='ltr'><strong>grande</strong></span> <span class='ocrx_word' id='word_1_46' title='bbox 2720 585 3023 664; x_wconf 86' lang='lat' dir='ltr'><strong>pericolo.</strong></span> <span class='ocrx_word' id='word_1_47' title='bbox 3064 611 3088 642; x_wconf 69' lang='grc' dir='ltr'><strong>ι</strong></span> 
     </span>
     <span class='ocr_line' id='line_1_6' title="bbox 545 664 3101 746; baseline 0.001 -19"><span class='ocrx_word' id='word_1_48' title='bbox 545 681 645 727; x_wconf 90' lang='lat' dir='ltr'><strong>mo</strong></span> <span class='ocrx_word' id='word_1_49' title='bbox 692 665 1038 745; x_wconf 87' lang='lat' dir='ltr'><strong>disputatio</strong></span> <span class='ocrx_word' id='word_1_50' title='bbox 1077 667 1243 728; x_wconf 89' lang='lat' dir='ltr'><strong>circa</strong></span> <span class='ocrx_word' id='word_1_51' title='bbox 1293 665 1483 727; x_wconf 84' lang='lat' dir='ltr'><strong>fldem</strong></span> <span class='ocrx_word' id='word_1_52' title='bbox 1528 681 1738 746; x_wconf 89' lang='lat' dir='ltr'><strong>neque</strong></span> <span class='ocrx_word' id='word_1_53' title='bbox 1771 668 1937 729; x_wconf 87' lang='lat' dir='ltr'><strong>inter</strong></span> <span class='ocrx_word' id='word_1_54' title='bbox 1982 664 2330 728; x_wconf 87' lang='lat' dir='ltr'><strong>catholicos</strong></span> <span class='ocrx_word' id='word_1_55' title='bbox 2365 664 2443 727; x_wconf 87' lang='lat' dir='ltr'><strong>de</strong></span> <span class='ocrx_word' id='word_1_56' title='bbox 2490 665 2661 728; x_wconf 81' lang='lat' dir='ltr'><strong>facili</strong></span> <span class='ocrx_word' id='word_1_57' title='bbox 2694 677 2792 729; x_wconf 92' lang='lat' dir='ltr'><strong>est</strong></span> <span class='ocrx_word' id='word_1_58' title='bbox 2839 668 3101 746; x_wconf 82' lang='lat' dir='ltr'><strong>permit·</strong></span> 
     </span>
     <span class='ocr_line' id='line_1_7' title="bbox 512 745 3108 826; baseline 0.002 -18"><span class='ocrx_word' id='word_1_59' title='bbox 512 746 725 822; x_wconf 83' lang='lat' dir='ltr'><strong>tenda,</strong></span> <span class='ocrx_word' id='word_1_60' title='bbox 771 748 891 809; x_wconf 87' lang='lat' dir='ltr'><strong>nisi</strong></span> <span class='ocrx_word' id='word_1_61' title='bbox 938 754 1163 824; x_wconf 84' lang='lat' dir='ltr'><strong>agatur</strong></span> <span class='ocrx_word' id='word_1_62' title='bbox 1194 745 1273 808; x_wconf 88' lang='lat' dir='ltr'><strong>de</strong></span> <span class='ocrx_word' id='word_1_63' title='bbox 1308 746 1561 808; x_wconf 80' lang='lat' dir='ltr'><strong>clericis</strong></span> <span class='ocrx_word' id='word_1_64' title='bbox 1605 748 1714 824; x_wconf 90' lang='lat' dir='ltr'><strong>qui</strong></span> <span class='ocrx_word' id='word_1_65' title='bbox 1760 745 1972 809; x_wconf 90' lang='lat' dir='ltr'><strong>studio</strong></span> <span class='ocrx_word' id='word_1_66' title='bbox 2016 753 2282 820; x_wconf 83' lang='lat' dir='ltr'><strong>vacant3</strong></span> <span class='ocrx_word' id='word_1_67' title='bbox 2345 761 2489 810; x_wconf 88' lang='lat' dir='ltr'><strong>cum</strong></span> <span class='ocrx_word' id='word_1_68' title='bbox 2524 745 2585 807; x_wconf 88' lang='lat' dir='ltr'><strong>id</strong></span> <span class='ocrx_word' id='word_1_69' title='bbox 2634 745 2772 809; x_wconf 83' lang='lat' dir='ltr'><strong>fleri</strong></span> <span class='ocrx_word' id='word_1_70' title='bbox 2823 758 3108 826; x_wconf 81' lang='lat' dir='ltr'><strong>nequeat</strong></span> 
     </span>
     <span class='ocr_line' id='line_1_8' title="bbox 515 825 3106 906; baseline 0.002 -18"><span class='ocrx_word' id='word_1_71' title='bbox 515 826 656 889; x_wconf 91' lang='lat' dir='ltr'><strong>sine</strong></span> <span class='ocrx_word' id='word_1_72' title='bbox 699 825 1004 906; x_wconf 86' lang='lat' dir='ltr'><strong>periculo.</strong></span> <span class='ocrx_word' id='word_1_73' title='bbox 1030 858 1107 871; x_wconf 93' lang='lat'>-</span> <span class='ocrx_word' id='word_1_74' title='bbox 1132 825 1348 906; x_wconf 81' lang='lat' dir='ltr'>Neque</span> <span class='ocrx_word' id='word_1_75' title='bbox 1393 825 1586 899; x_wconf 85' lang='lat' dir='ltr'><strong>dicas,</strong></span> <span class='ocrx_word' id='word_1_76' title='bbox 1617 825 1782 905; x_wconf 84' lang='lat' dir='ltr'><strong>quod</strong></span> <span class='ocrx_word' id='word_1_77' title='bbox 1819 841 1893 889; x_wconf 89' lang='lat' dir='ltr'><strong>ex</strong></span> <span class='ocrx_word' id='word_1_78' title='bbox 1926 827 2338 889; x_wconf 79' lang='lat' dir='ltr'><strong>contentione</strong></span> <span class='ocrx_word' id='word_1_79' title='bbox 2367 829 2603 889; x_wconf 83' lang='lat' dir='ltr'><strong>veritas</strong></span> <span class='ocrx_word' id='word_1_80' title='bbox 2649 825 3106 892; x_wconf 79' lang='lat' dir='ltr'><strong>illucescit:1a·</strong></span> 
     </span>
     <span class='ocr_line' id='line_1_9' title="bbox 511 906 2777 987; baseline 0 -19"><span class='ocrx_word' id='word_1_81' title='bbox 511 908 705 969; x_wconf 72' lang='lat' dir='ltr'><strong>sciata</strong></span> <span class='ocrx_word' id='word_1_82' title='bbox 747 923 1014 968; x_wconf 74' lang='lat' dir='ltr'><strong>cozzare</strong></span> <span class='ocrx_word' id='word_1_83' title='bbox 1053 906 1146 986; x_wconf 73' lang='lat' dir='ltr'><strong>qli</strong></span> <span class='ocrx_word' id='word_1_84' title='bbox 1189 907 1327 987; x_wconf 73' lang='lat' dir='ltr'><strong>inqe</strong></span> <span class='ocrx_word' id='word_1_85' title='bbox 1373 906 1458 982; x_wconf 81' lang='lat' dir='ltr'><strong>ni,</strong></span> <span class='ocrx_word' id='word_1_86' title='bbox 1502 925 1574 968; x_wconf 79' lang='lat' dir='ltr'><strong>nc</strong></span> <span class='ocrx_word' id='word_1_87' title='bbox 1618 906 2072 984; x_wconf 74' lang='lat' dir='ltr'><strong>sckizzeranno</strong></span> <span class='ocrx_word' id='word_1_88' title='bbox 2117 906 2395 969; x_wconf 76' lang='lat' dir='ltr'><strong>scintille</strong></span> <span class='ocrx_word' id='word_1_89' title='bbox 2438 906 2504 969; x_wconf 82' lang='lat' dir='ltr'><strong>di</strong></span> <span class='ocrx_word' id='word_1_90' title='bbox 2547 907 2777 969; x_wconf 69' lang='lat' dir='ltr'><strong>verita.</strong></span> 
     </span>
    </p>

    <p class='ocr_par' dir='ltr' id='par_1_4' title="bbox 508 923 3104 1469">
     <span class='ocr_line' id='line_1_10' title="bbox 592 923 3102 1129; baseline 0.002 -81"><span class='ocrx_word' id='word_1_91' title='bbox 592 986 658 1049; x_wconf 86' lang='lat' dir='ltr'><strong>R.</strong></span> <span class='ocrx_word' id='word_1_92' title='bbox 703 986 857 1050; x_wconf 90' lang='lat' dir='ltr'><strong>Cum</strong></span> <span class='ocrx_word' id='word_1_93' title='bbox 900 986 1262 1066; x_wconf 83' lang='lat' dir='ltr'><strong>Taparelli:</strong></span> <span class='ocrx_word' id='word_1_94' title='bbox 1310 923 1382 1049; x_wconf 54' lang='lat' dir='ltr'><strong>ge</strong></span> <span class='ocrx_word' id='word_1_95' title='bbox 1444 1003 1566 1066; x_wconf 75' lang='lat' dir='ltr'><strong>pur</strong></span> <span class='ocrx_word' id='word_1_96' title='bbox 1608 986 1770 1065; x_wconf 80' lang='lat' dir='ltr'><strong>fosse</strong></span> <span class='ocrx_word' id='word_1_97' title='bbox 1813 1004 1953 1049; x_wconf 83' lang='lat' dir='ltr'><strong>vero</strong></span> <span class='ocrx_word' id='word_1_98' title='bbox 2017 996 2231 1066; x_wconf 79' lang='lat' dir='ltr'><strong>questo</strong></span> <span class='ocrx_word' id='word_1_99' title='bbox 2294 987 2592 1129; x_wconf 47' lang='lat' dir='ltr'><strong>azorismo</strong></span> <span class='ocrx_word' id='word_1_100' title='bbox 2625 1035 2640 1062; x_wconf 91' lang='lat'>,</span> <span class='ocrx_word' id='word_1_101' title='bbox 2680 983 2943 1051; x_wconf 81' lang='lat' dir='ltr'><strong>sarebbe</strong></span> <span class='ocrx_word' id='word_1_102' title='bbox 2985 989 3102 1068; x_wconf 74' lang='lat' dir='ltr'><strong>qui</strong></span> 
     </span>
     <span class='ocr_line' id='line_1_11' title="bbox 512 1065 3096 1147; baseline 0.002 -20"><span class='ocrx_word' id='word_1_103' title='bbox 512 1065 660 1144; x_wconf 77' lang='lat' dir='ltr'><strong>ftior</strong></span> <span class='ocrx_word' id='word_1_104' title='bbox 700 1068 766 1130; x_wconf 70' lang='lat' dir='ltr'><strong>di</strong></span> <span class='ocrx_word' id='word_1_105' title='bbox 812 1068 1032 1147; x_wconf 70' lang='lat' dir='ltr'><strong>luoyo:</strong></span> <span class='ocrx_word' id='word_1_106' title='bbox 1074 1067 1179 1129; x_wconf 73' lang='lat' dir='ltr'><strong>chi</strong></span> <span class='ocrx_word' id='word_1_107' title='bbox 1209 1067 1503 1131; x_wconf 74' lang='lat' dir='ltr'><strong>riverisce</strong></span> <span class='ocrx_word' id='word_1_108' title='bbox 1546 1084 1709 1130; x_wconf 82' lang='lat' dir='ltr'><strong>come</strong></span> <span class='ocrx_word' id='word_1_109' title='bbox 1750 1068 1960 1130; x_wconf 82' lang='lat' dir='ltr'><strong>divino</strong></span> <span class='ocrx_word' id='word_1_110' title='bbox 2003 1086 2089 1130; x_wconf 80' lang='lat' dir='ltr'><strong>un</strong></span> <span class='ocrx_word' id='word_1_111' title='bbox 2134 1067 2318 1147; x_wconf 78' lang='lat' dir='ltr'><strong>quale</strong></span> <span class='ocrx_word' id='word_1_112' title='bbox 2365 1085 2395 1128; x_wconf 84' lang='lat' dir='ltr'><strong>e</strong></span> <span class='ocrx_word' id='word_1_113' title='bbox 2438 1069 2704 1144; x_wconf 77' lang='lat' dir='ltr'><strong>oraculo,</strong></span> <span class='ocrx_word' id='word_1_114' title='bbox 2736 1069 2889 1147; x_wconf 77' lang='lat' dir='ltr'><strong>qual</strong></span> <span class='ocrx_word' id='word_1_115' title='bbox 2935 1066 3096 1132; x_wconf 78' lang='lat' dir='ltr'><strong>biso·</strong></span> 
     </span>
     <span class='ocr_line' id='line_1_12' title="bbox 510 1145 3096 1253; baseline 0.002 -44"><span class='ocrx_word' id='word_1_116' title='bbox 510 1162 629 1225; x_wconf 73' lang='lat' dir='ltr'><strong>qno</strong></span> <span class='ocrx_word' id='word_1_117' title='bbox 670 1145 751 1210; x_wconf 77' lang='lat' dir='ltr'><strong>Ita</strong></span> <span class='ocrx_word' id='word_1_118' title='bbox 795 1149 873 1210; x_wconf 84' lang='lat' dir='ltr'><strong>da</strong></span> <span class='ocrx_word' id='word_1_119' title='bbox 917 1149 1192 1211; x_wconf 78' lang='lat' dir='ltr'><strong>chiarire</strong></span> <span class='ocrx_word' id='word_1_120' title='bbox 1222 1149 1273 1210; x_wconf 80' lang='lat' dir='ltr'><strong>il</strong></span> <span class='ocrx_word' id='word_1_121' title='bbox 1312 1165 1476 1222; x_wconf 80' lang='lat' dir='ltr'><strong>vero,</strong></span> <span class='ocrx_word' id='word_1_122' title='bbox 1523 1147 1632 1210; x_wconf 78' lang='lat' dir='ltr'><strong>che</strong></span> <span class='ocrx_word' id='word_1_123' title='bbox 1666 1148 1726 1211; x_wconf 82' lang='lat' dir='ltr'><strong>ei</strong></span> <span class='ocrx_word' id='word_1_124' title='bbox 1755 1149 1864 1228; x_wconf 70' lang='lat' dir='ltr'><strong>yid</strong></span> <span class='ocrx_word' id='word_1_125' title='bbox 1907 1146 2713 1253; x_wconf 70' lang='lat' dir='ltr'><strong>comsce-insallibilmente</strong></span> <span class='ocrx_word' id='word_1_126' title='bbox 2756 1166 2952 1211; x_wconf 79' lang='lat' dir='ltr'><strong>senza</strong></span> <span class='ocrx_word' id='word_1_127' title='bbox 2987 1167 3096 1213; x_wconf 81' lang='lat' dir='ltr'><strong>av·</strong></span> 
     </span>
     <span class='ocr_line' id='line_1_13' title="bbox 508 1219 3104 1309; baseline 0.002 -21"><span class='ocrx_word' id='word_1_128' title='bbox 508 1230 874 1291; x_wconf 81' lang='lat' dir='ltr'><strong>venturarlo</strong></span> <span class='ocrx_word' id='word_1_129' title='bbox 917 1229 1050 1292; x_wconf 79' lang='lat' dir='ltr'><strong>alla</strong></span> <span class='ocrx_word' id='word_1_130' title='bbox 1090 1219 1400 1308; x_wconf 79' lang='lat' dir='ltr'><strong>disputa&#39;?</strong></span> <span class='ocrx_word' id='word_1_131' title='bbox 1446 1227 1551 1290; x_wconf 78' lang='lat' dir='ltr'><strong>Ma</strong></span> <span class='ocrx_word' id='word_1_132' title='bbox 1596 1229 1646 1290; x_wconf 78' lang='lat' dir='ltr'><strong>it</strong></span> <span class='ocrx_word' id='word_1_133' title='bbox 1686 1231 1899 1308; x_wconf 70' lang='lat' dir='ltr'><strong>peqqio</strong></span> <span class='ocrx_word' id='word_1_134' title='bbox 1940 1229 1999 1289; x_wconf 82' lang='lat' dir='ltr'><strong>si</strong></span> <span class='ocrx_word' id='word_1_135' title='bbox 2026 1231 2056 1291; x_wconf 72' lang='grc' dir='ltr'><em>ἐ</em></span> <span class='ocrx_word' id='word_1_136' title='bbox 2084 1229 2194 1291; x_wconf 79' lang='lat' dir='ltr'><strong>che</strong></span> <span class='ocrx_word' id='word_1_137' title='bbox 2237 1227 2581 1309; x_wconf 75' lang='lat' dir='ltr'><strong>laserismo</strong></span> <span class='ocrx_word' id='word_1_138' title='bbox 2624 1237 2824 1291; x_wconf 78' lang='lat' dir='ltr'><strong>stesso</strong></span> <span class='ocrx_word' id='word_1_139' title='bbox 2849 1232 2880 1290; x_wconf 71' lang='grc' dir='ltr'><strong><em>ἐ</em></strong></span> <span class='ocrx_word' id='word_1_140' title='bbox 2913 1229 3104 1307; x_wconf 78' lang='lat' dir='ltr'><strong>falso,</strong></span> 
     </span>
     <span class='ocr_line' id='line_1_14' title="bbox 512 1307 3093 1389; baseline 0.001 -19"><span class='ocrx_word' id='word_1_141' title='bbox 512 1308 889 1388; x_wconf 85' lang='lat' dir='ltr'><strong>pericoloso,</strong></span> <span class='ocrx_word' id='word_1_142' title='bbox 942 1310 1213 1373; x_wconf 81' lang='lat' dir='ltr'><strong>funesto.</strong></span> <span class='ocrx_word' id='word_1_143' title='bbox 1258 1307 1462 1386; x_wconf 84' lang='lat' dir='ltr'><strong>Falso,</strong></span> <span class='ocrx_word' id='word_1_144' title='bbox 1496 1308 1717 1388; x_wconf 66' lang='lat' dir='ltr'><strong>perche</strong></span> <span class='ocrx_word' id='word_1_145' title='bbox 1761 1312 1829 1371; x_wconf 70' lang='lat' dir='ltr'><strong>in</strong></span> <span class='ocrx_word' id='word_1_146' title='bbox 1857 1310 2123 1381; x_wconf 79' lang='lat' dir='ltr'><strong>materie</strong></span> <span class='ocrx_word' id='word_1_147' title='bbox 2166 1308 2543 1389; x_wconf 59' lang='lat' dir='ltr'><strong>metati-siche</strong></span> <span class='ocrx_word' id='word_1_148' title='bbox 2572 1326 2603 1371; x_wconf 77' lang='lat' dir='ltr'><strong>e</strong></span> <span class='ocrx_word' id='word_1_149' title='bbox 2637 1310 2871 1372; x_wconf 65' lang='lat' dir='ltr'><strong>ntor-ali</strong></span> <span class='ocrx_word' id='word_1_150' title='bbox 2913 1310 2969 1371; x_wconf 79' lang='lat' dir='ltr'><strong>le</strong></span> <span class='ocrx_word' id='word_1_151' title='bbox 2997 1311 3093 1373; x_wconf 76' lang='lat' dir='ltr'><strong>di-</strong></span> 
     </span>
     <span class='ocr_line' id='line_1_15' title="bbox 510 1387 3096 1469; baseline 0.002 -19"><span class='ocrx_word' id='word_1_152' title='bbox 510 1397 688 1467; x_wconf 71' lang='lat' dir='ltr'><strong>sputa</strong></span> <span class='ocrx_word' id='word_1_153' title='bbox 729 1390 796 1451; x_wconf 77' lang='lat' dir='ltr'><strong>di</strong></span> <span class='ocrx_word' id='word_1_154' title='bbox 838 1391 972 1451; x_wconf 83' lang='lat' dir='ltr'><strong>sola</strong></span> <span class='ocrx_word' id='word_1_155' title='bbox 1013 1390 1268 1469; x_wconf 61' lang='lat' dir='ltr'><strong>ragione</strong></span> <span class='ocrx_word' id='word_1_156' title='bbox 1310 1405 1599 1452; x_wconf 81' lang='lat' dir='ltr'><strong>crescone</strong></span> <span class='ocrx_word' id='word_1_157' title='bbox 1641 1391 1666 1451; x_wconf 83' lang='lat' dir='ltr'><strong>i</strong></span> <span class='ocrx_word' id='word_1_158' title='bbox 1706 1387 1900 1453; x_wconf 80' lang='lat' dir='ltr'><strong>dubbi</strong></span> <span class='ocrx_word' id='word_1_159' title='bbox 1942 1407 1972 1451; x_wconf 84' lang='lat' dir='ltr'><strong>e</strong></span> <span class='ocrx_word' id='word_1_160' title='bbox 2013 1390 2106 1467; x_wconf 75' lang='lat'><strong>912·</strong></span> <span class='ocrx_word' id='word_1_161' title='bbox 2148 1391 2371 1464; x_wconf 81' lang='lat' dir='ltr'><strong>errori,</strong></span> <span class='ocrx_word' id='word_1_162' title='bbox 2412 1407 2534 1451; x_wconf 80' lang='lat' dir='ltr'><strong>non</strong></span> <span class='ocrx_word' id='word_1_163' title='bbox 2578 1389 2983 1453; x_wconf 72' lang='lat' dir='ltr'><strong>chiariscono</strong></span> <span class='ocrx_word' id='word_1_164' title='bbox 3028 1391 3096 1455; x_wconf 80' lang='grc' dir='ltr'><strong>Ια</strong></span> 
     </span>
    </p>
   </div>
   <div class='ocr_carea' id='block_1_3' title="bbox 509 1468 3192 1550">
    <p class='ocr_par' dir='ltr' id='par_1_5' title="bbox 509 1468 3192 1550">
     <span class='ocr_line' id='line_1_16' title="bbox 509 1468 3192 1550; baseline 0.001 -19"><span class='ocrx_word' id='word_1_165' title='bbox 509 1471 735 1532; x_wconf 69' lang='grc' dir='ltr'><em>νοητὰ.</em></span> <span class='ocrx_word' id='word_1_166' title='bbox 780 1468 1138 1532; x_wconf 88' lang='lat' dir='ltr'><strong>Pericoloso</strong></span> <span class='ocrx_word' id='word_1_167' title='bbox 1165 1519 1181 1542; x_wconf 81' lang='lat'><em>‚</em></span> <span class='ocrx_word' id='word_1_168' title='bbox 1222 1469 1440 1548; x_wconf 72' lang='lat' dir='ltr'><strong>perche</strong></span> <span class='ocrx_word' id='word_1_169' title='bbox 1484 1470 1666 1532; x_wconf 80' lang='lat' dir='ltr'><strong>mette</strong></span> <span class='ocrx_word' id='word_1_170' title='bbox 1719 1471 1881 1534; x_wconf 81' lang='lat' dir='ltr'><strong>volte</strong></span> <span class='ocrx_word' id='word_1_171' title='bbox 1926 1469 1970 1531; x_wconf 84' lang='lat' dir='ltr'><strong>l&#39;</strong></span> <span class='ocrx_word' id='word_1_172' title='bbox 1997 1471 2259 1550; x_wconf 73' lang='lat' dir='ltr'><strong>inqeqno</strong></span> <span class='ocrx_word' id='word_1_173' title='bbox 2317 1470 2416 1533; x_wconf 80' lang='lat' dir='ltr'><strong>del</strong></span> <span class='ocrx_word' id='word_1_174' title='bbox 2460 1469 2770 1548; x_wconf 74' lang='lat' dir='ltr'><strong>difensore</strong></span> <span class='ocrx_word' id='word_1_175' title='bbox 2811 1475 2937 1549; x_wconf 73' lang='lat' dir='ltr'><strong>pud</strong></span> <span class='ocrx_word' id='word_1_176' title='bbox 3004 1489 3098 1534; x_wconf 81' lang='lat' dir='ltr'><strong>es·</strong></span> <span class='ocrx_word' id='word_1_177' title='bbox 3175 1490 3192 1502; x_wconf 94' lang='lat'><strong>·</strong></span> 
     </span>
    </p>
   </div>
   <div class='ocr_carea' id='block_1_4' title="bbox 508 1549 3104 2355">
    <p class='ocr_par' dir='ltr' id='par_1_6' title="bbox 508 1549 3104 2355">
     <span class='ocr_line' id='line_1_17' title="bbox 509 1549 3100 1631; baseline 0.002 -22"><span class='ocrx_word' id='word_1_178' title='bbox 509 1565 642 1611; x_wconf 83' lang='lat' dir='ltr'><strong>sere</strong></span> <span class='ocrx_word' id='word_1_179' title='bbox 672 1549 968 1629; x_wconf 80' lang='lat' dir='ltr'><strong>inferiore</strong></span> <span class='ocrx_word' id='word_1_180' title='bbox 1010 1569 1048 1612; x_wconf 87' lang='lat' dir='ltr'><strong>a</strong></span> <span class='ocrx_word' id='word_1_181' title='bbox 1093 1552 1295 1629; x_wconf 81' lang='lat' dir='ltr'><strong>quello</strong></span> <span class='ocrx_word' id='word_1_182' title='bbox 1341 1550 1408 1612; x_wconf 77' lang='lat' dir='ltr'><strong>di</strong></span> <span class='ocrx_word' id='word_1_183' title='bbox 1449 1550 1552 1612; x_wconf 79' lang='lat' dir='ltr'><strong>chi</strong></span> <span class='ocrx_word' id='word_1_184' title='bbox 1593 1551 1892 1631; x_wconf 72' lang='lat' dir='ltr'><strong>impuqna</strong></span> <span class='ocrx_word' id='word_1_185' title='bbox 1924 1550 1986 1612; x_wconf 83' lang='lat' dir='ltr'><strong>Ia</strong></span> <span class='ocrx_word' id='word_1_186' title='bbox 2029 1552 2259 1625; x_wconf 66' lang='lat' dir='ltr'><strong>verita,</strong></span> <span class='ocrx_word' id='word_1_187' title='bbox 2301 1569 2331 1612; x_wconf 80' lang='lat' dir='ltr'><strong>e</strong></span> <span class='ocrx_word' id='word_1_188' title='bbox 2363 1552 2604 1614; x_wconf 81' lang='lat' dir='ltr'><strong>tradire</strong></span> <span class='ocrx_word' id='word_1_189' title='bbox 2647 1567 2762 1614; x_wconf 85' lang='lat' dir='ltr'><strong>con</strong></span> <span class='ocrx_word' id='word_1_190' title='bbox 2792 1551 2967 1613; x_wconf 82' lang='lat' dir='ltr'><strong>mala</strong></span> <span class='ocrx_word' id='word_1_191' title='bbox 3010 1552 3100 1614; x_wconf 75' lang='lat' dir='ltr'><strong>di·</strong></span> 
     </span>
     <span class='ocr_line' id='line_1_18' title="bbox 508 1627 3100 1711; baseline 0.002 -20"><span class='ocrx_word' id='word_1_192' title='bbox 508 1627 643 1707; x_wconf 78' lang='lat' dir='ltr'><strong>sesa</strong></span> <span class='ocrx_word' id='word_1_193' title='bbox 688 1647 816 1693; x_wconf 81' lang='lat' dir='ltr'><strong>una</strong></span> <span class='ocrx_word' id='word_1_194' title='bbox 876 1648 1070 1693; x_wconf 81' lang='lat' dir='ltr'><strong>causa</strong></span> <span class='ocrx_word' id='word_1_195' title='bbox 1113 1631 1501 1693; x_wconf 75' lang='lat' dir='ltr'><strong>sontissima.</strong></span> <span class='ocrx_word' id='word_1_196' title='bbox 1535 1630 1835 1707; x_wconf 84' lang='lat' dir='ltr'><strong>Funesto,</strong></span> <span class='ocrx_word' id='word_1_197' title='bbox 1875 1629 2094 1711; x_wconf 71' lang='lat' dir='ltr'><strong>perche</strong></span> <span class='ocrx_word' id='word_1_198' title='bbox 2135 1640 2373 1693; x_wconf 72' lang='lat' dir='ltr'><strong>mentre</strong></span> <span class='ocrx_word' id='word_1_199' title='bbox 2431 1633 2489 1693; x_wconf 83' lang='lat' dir='ltr'><strong>si</strong></span> <span class='ocrx_word' id='word_1_200' title='bbox 2544 1638 2649 1692; x_wconf 82' lang='lat' dir='ltr'><strong>sta</strong></span> <span class='ocrx_word' id='word_1_201' title='bbox 2690 1631 3100 1709; x_wconf 76' lang='lat' dir='ltr'><strong>disputando,</strong></span> 
     </span>
     <span class='ocr_line' id='line_1_19' title="bbox 508 1709 3102 1790; baseline 0.002 -19"><span class='ocrx_word' id='word_1_202' title='bbox 508 1709 567 1771; x_wconf 80' lang='lat' dir='ltr'><strong>si</strong></span> <span class='ocrx_word' id='word_1_203' title='bbox 606 1709 847 1783; x_wconf 78' lang='lat' dir='ltr'><strong>dubita,</strong></span> <span class='ocrx_word' id='word_1_204' title='bbox 890 1729 919 1773; x_wconf 82' lang='lat' dir='ltr'><strong>e</strong></span> <span class='ocrx_word' id='word_1_205' title='bbox 955 1712 1022 1773; x_wconf 82' lang='lat' dir='ltr'><strong>in</strong></span> <span class='ocrx_word' id='word_1_206' title='bbox 1053 1719 1266 1790; x_wconf 77' lang='lat' dir='ltr'><strong>questo</strong></span> <span class='ocrx_word' id='word_1_207' title='bbox 1307 1709 1537 1774; x_wconf 77' lang='lat' dir='ltr'><strong>dubbio</strong></span> <span class='ocrx_word' id='word_1_208' title='bbox 1582 1709 1645 1773; x_wconf 81' lang='lat' dir='ltr'><strong>la</strong></span> <span class='ocrx_word' id='word_1_209' title='bbox 1688 1712 1941 1784; x_wconf 73' lang='lat' dir='ltr'><strong>sociem,</strong></span> <span class='ocrx_word' id='word_1_210' title='bbox 1977 1710 2084 1773; x_wconf 75' lang='lat' dir='ltr'><strong>clte</strong></span> <span class='ocrx_word' id='word_1_211' title='bbox 2128 1728 2250 1780; x_wconf 80' lang='lat' dir='ltr'><strong>non</strong></span> <span class='ocrx_word' id='word_1_212' title='bbox 2290 1716 2418 1790; x_wconf 69' lang='lat' dir='ltr'><strong>pue</strong></span> <span class='ocrx_word' id='word_1_213' title='bbox 2458 1713 2835 1787; x_wconf 79' lang='lat' dir='ltr'><strong>arrestarsi‚</strong></span> <span class='ocrx_word' id='word_1_214' title='bbox 2859 1730 2985 1775; x_wconf 81' lang='lat' dir='ltr'><strong>non</strong></span> <span class='ocrx_word' id='word_1_215' title='bbox 3017 1712 3102 1776; x_wconf 81' lang='grc' dir='ltr'><strong>Ιια</strong></span> 
     </span>
     <span class='ocr_line' id='line_1_20' title="bbox 509 1791 3096 1875; baseline 0.002 -24"><span class='ocrx_word' id='word_1_216' title='bbox 509 1806 672 1853; x_wconf 82' lang='lat' dir='ltr'><strong>come</strong></span> <span class='ocrx_word' id='word_1_217' title='bbox 713 1793 1015 1871; x_wconf 74' lang='lat' dir='ltr'><strong>quidarsi.</strong></span> <span class='ocrx_word' id='word_1_218' title='bbox 1066 1791 1336 1854; x_wconf 77' lang='lat' dir='ltr'><strong>Cozzino</strong></span> <span class='ocrx_word' id='word_1_219' title='bbox 1375 1809 1499 1872; x_wconf 71' lang='lat' dir='ltr'><strong>pur</strong></span> <span class='ocrx_word' id='word_1_220' title='bbox 1540 1792 1787 1871; x_wconf 78' lang='lat' dir='ltr'><strong>dunque</strong></span> <span class='ocrx_word' id='word_1_221' title='bbox 1829 1792 1988 1854; x_wconf 77' lang='lat' dir='ltr'><strong>suile</strong></span> <span class='ocrx_word' id='word_1_222' title='bbox 2030 1796 2205 1855; x_wconf 78' lang='lat' dir='ltr'><strong>varie</strong></span> <span class='ocrx_word' id='word_1_223' title='bbox 2247 1793 2525 1870; x_wconf 77' lang='lat' dir='ltr'><strong>opinioni</strong></span> <span class='ocrx_word' id='word_1_224' title='bbox 2565 1792 2754 1875; x_wconf 70' lang='grc' dir='ltr'><strong>Ῑὶεὲρὶ,</strong></span> <span class='ocrx_word' id='word_1_225' title='bbox 2805 1793 3096 1869; x_wconf 61' lang='lat' dir='ltr'><strong>mimici,</strong></span> 
     </span>
     <span class='ocr_line' id='line_1_21' title="bbox 510 1870 3104 1953; baseline 0.002 -21"><span class='ocrx_word' id='word_1_226' title='bbox 510 1872 931 1935; x_wconf 53' lang='lat' dir='ltr'><strong>astronomi...</strong></span> <span class='ocrx_word' id='word_1_227' title='bbox 969 1873 993 1933; x_wconf 80' lang='lat' dir='ltr'><strong>i</strong></span> <span class='ocrx_word' id='word_1_228' title='bbox 1027 1873 1131 1934; x_wconf 78' lang='lat' dir='ltr'><strong>cui</strong></span> <span class='ocrx_word' id='word_1_229' title='bbox 1171 1870 1362 1936; x_wconf 65' lang='lat' dir='ltr'><strong>arabba·</strong></span> <span class='ocrx_word' id='word_1_230' title='bbox 1404 1891 1529 1935; x_wconf 82' lang='lat' dir='ltr'><strong>nou</strong></span> <span class='ocrx_word' id='word_1_231' title='bbox 1570 1874 1882 1953; x_wconf 77' lang='lat' dir='ltr'><strong>canyiano</strong></span> <span class='ocrx_word' id='word_1_232' title='bbox 1924 1875 1991 1935; x_wconf 79' lang='lat' dir='ltr'><strong>di</strong></span> <span class='ocrx_word' id='word_1_233' title='bbox 2031 1890 2207 1934; x_wconf 82' lang='lat' dir='ltr'><strong>corso</strong></span> <span class='ocrx_word' id='word_1_234' title='bbox 2246 1873 2307 1934; x_wconf 81' lang='lat' dir='ltr'><strong>la</strong></span> <span class='ocrx_word' id='word_1_235' title='bbox 2351 1880 2605 1935; x_wconf 81' lang='lat' dir='ltr'><strong>natura.</strong></span> <span class='ocrx_word' id='word_1_236' title='bbox 2640 1871 2746 1935; x_wconf 80' lang='lat' dir='ltr'><strong>Ma</strong></span> <span class='ocrx_word' id='word_1_237' title='bbox 2790 1874 2841 1934; x_wconf 80' lang='lat' dir='ltr'><strong>il</strong></span> <span class='ocrx_word' id='word_1_238' title='bbox 2886 1872 3104 1936; x_wconf 85' lang='lat' dir='ltr'><strong>libero</strong></span> 
     </span>
     <span class='ocr_line' id='line_1_22' title="bbox 509 1950 3100 2032; baseline 0.002 -19"><span class='ocrx_word' id='word_1_239' title='bbox 509 1968 733 2030; x_wconf 82' lang='lat' dir='ltr'><strong>operar</strong></span> <span class='ocrx_word' id='word_1_240' title='bbox 776 1953 1097 2015; x_wconf 76' lang='lat' dir='ltr'><strong>dell&#39;uomo</strong></span> <span class='ocrx_word' id='word_1_241' title='bbox 1129 1951 1589 2031; x_wconf 70' lang='grc' dir='ltr'><strong>ραανιίἱαηιοὶο,</strong></span> <span class='ocrx_word' id='word_1_242' title='bbox 1617 1954 1895 2032; x_wconf 65' lang='lat' dir='ltr'><strong>potanda,</strong></span> <span class='ocrx_word' id='word_1_243' title='bbox 1926 1955 2007 2015; x_wconf 82' lang='lat' dir='ltr'><strong>da</strong></span> <span class='ocrx_word' id='word_1_244' title='bbox 2038 1953 2244 2015; x_wconf 82' lang='lat' dir='ltr'><strong>errori</strong></span> <span class='ocrx_word' id='word_1_245' title='bbox 2271 1971 2302 2014; x_wconf 81' lang='lat' dir='ltr'><strong>e</strong></span> <span class='ocrx_word' id='word_1_246' title='bbox 2345 1950 2537 2017; x_wconf 81' lang='lat' dir='ltr'><strong>dubbi</strong></span> <span class='ocrx_word' id='word_1_247' title='bbox 2561 1998 2578 2024; x_wconf 91' lang='lat'>‚</span> <span class='ocrx_word' id='word_1_248' title='bbox 2619 1969 2807 2015; x_wconf 76' lang='lat' dir='ltr'><strong>cause</strong></span> <span class='ocrx_word' id='word_1_249' title='bbox 2842 1955 3100 2018; x_wconf 77' lang='lat' dir='ltr'><strong>certisa·</strong></span> 
     </span>
     <span class='ocr_line' id='line_1_23' title="bbox 509 2032 3096 2114; baseline 0.002 -22"><span class='ocrx_word' id='word_1_250' title='bbox 509 2033 658 2095; x_wconf 82' lang='lat' dir='ltr'><strong>sime</strong></span> <span class='ocrx_word' id='word_1_251' title='bbox 701 2033 766 2094; x_wconf 77' lang='lat' dir='ltr'><strong>di</strong></span> <span class='ocrx_word' id='word_1_252' title='bbox 824 2034 1240 2096; x_wconf 81' lang='lat' dir='ltr'><strong>traviamento</strong></span> <span class='ocrx_word' id='word_1_253' title='bbox 1282 2053 1311 2097; x_wconf 84' lang='lat' dir='ltr'><strong>e</strong></span> <span class='ocrx_word' id='word_1_254' title='bbox 1354 2034 1421 2096; x_wconf 77' lang='lat' dir='ltr'><strong>di</strong></span> <span class='ocrx_word' id='word_1_255' title='bbox 1456 2035 1697 2114; x_wconf 75' lang='lat' dir='ltr'><strong>letarqo</strong></span> <span class='ocrx_word' id='word_1_256' title='bbox 1743 2038 1810 2097; x_wconf 80' lang='lat' dir='ltr'><strong>in</strong></span> <span class='ocrx_word' id='word_1_257' title='bbox 1859 2033 1962 2096; x_wconf 73' lang='lat' dir='ltr'><strong>chi</strong></span> <span class='ocrx_word' id='word_1_258' title='bbox 2006 2041 2040 2096; x_wconf 85' lang='lat' dir='ltr'><strong>e</strong></span> <span class='ocrx_word' id='word_1_259' title='bbox 2087 2050 2237 2096; x_wconf 84' lang='lat' dir='ltr'><strong>vera</strong></span> <span class='ocrx_word' id='word_1_260' title='bbox 2285 2049 2468 2097; x_wconf 81' lang='lat' dir='ltr'><strong>causa</strong></span> <span class='ocrx_word' id='word_1_261' title='bbox 2514 2032 2610 2095; x_wconf 80' lang='lat' dir='ltr'><strong>del</strong></span> <span class='ocrx_word' id='word_1_262' title='bbox 2670 2035 2930 2113; x_wconf 80' lang='lat' dir='ltr'><strong>proprio</strong></span> <span class='ocrx_word' id='word_1_263' title='bbox 2972 2050 3096 2114; x_wconf 80' lang='lat' dir='ltr'><strong>ope-</strong></span> 
     </span>
     <span class='ocr_line' id='line_1_24' title="bbox 511 2111 3096 2194; baseline 0.002 -21"><span class='ocrx_word' id='word_1_264' title='bbox 511 2128 659 2175; x_wconf 84' lang='lat' dir='ltr'><strong>rare</strong></span> <span class='ocrx_word' id='word_1_265' title='bbox 704 2111 981 2194; x_wconf 83' lang='lat' dir='ltr'><strong>(Saggio</strong></span> <span class='ocrx_word' id='word_1_266' title='bbox 1026 2116 1332 2177; x_wconf 88' lang='lat' dir='ltr'><strong>teoretico</strong></span> <span class='ocrx_word' id='word_1_267' title='bbox 1376 2131 1502 2177; x_wconf 88' lang='lat' dir='ltr'><strong>ecc.</strong></span> <span class='ocrx_word' id='word_1_268' title='bbox 1530 2163 1546 2190; x_wconf 90' lang='lat'><strong>,</strong></span> <span class='ocrx_word' id='word_1_269' title='bbox 1595 2131 1652 2176; x_wconf 87' lang='lat' dir='ltr'><strong>n.</strong></span> <span class='ocrx_word' id='word_1_270' title='bbox 1699 2115 1880 2194; x_wconf 77' lang='lat'><strong>902).</strong></span> <span class='ocrx_word' id='word_1_271' title='bbox 1925 2150 2002 2159; x_wconf 91' lang='lat'>—</span> <span class='ocrx_word' id='word_1_272' title='bbox 2060 2113 2120 2175; x_wconf 92' lang='lat' dir='ltr'><strong>V.</strong></span> <span class='ocrx_word' id='word_1_273' title='bbox 2167 2113 2467 2190; x_wconf 85' lang='lat' dir='ltr'><strong>Petrone,</strong></span> <span class='ocrx_word' id='word_1_274' title='bbox 2511 2113 2595 2174; x_wconf 85' lang='lat' dir='ltr'><strong>De</strong></span> <span class='ocrx_word' id='word_1_275' title='bbox 2639 2114 2790 2176; x_wconf 76' lang='lat' dir='ltr'><strong>locis</strong></span> <span class='ocrx_word' id='word_1_276' title='bbox 2843 2113 3096 2192; x_wconf 62' lang='lat' dir='ltr'><strong>Theoi„</strong></span> 
     </span>
     <span class='ocr_line' id='line_1_25' title="bbox 510 2192 2954 2280; baseline 0.004 -26"><span class='ocrx_word' id='word_1_277' title='bbox 510 2207 568 2272; x_wconf 84' lang='lat' dir='ltr'><strong>p.</strong></span> <span class='ocrx_word' id='word_1_278' title='bbox 611 2192 687 2255; x_wconf 83' lang='lat'><strong>3:</strong></span> <span class='ocrx_word' id='word_1_279' title='bbox 738 2192 817 2254; x_wconf 86' lang='lat' dir='ltr'><strong>De</strong></span> <span class='ocrx_word' id='word_1_280' title='bbox 859 2193 1323 2274; x_wconf 74' lang='lat' dir='ltr'><strong>methodoloyia.</strong></span> <span class='ocrx_word' id='word_1_281' title='bbox 1726 2255 1734 2265; x_wconf 87' lang='grc'><strong>,</strong></span> <span class='ocrx_word' id='word_1_282' title='bbox 2933 2261 2954 2280; x_wconf 78' lang='grc'><em>,</em></span> 
     </span>
     <span class='ocr_line' id='line_1_26' title="bbox 595 2270 3090 2355; baseline 0.002 -21"><span class='ocrx_word' id='word_1_283' title='bbox 595 2272 855 2334; x_wconf 62' lang='lat' dir='ltr'><strong>ntzel.</strong></span> <span class='ocrx_word' id='word_1_284' title='bbox 902 2271 1385 2355; x_wconf 68' lang='lat' dir='ltr'><strong>Disputatio</strong></span> <span class='ocrx_word' id='word_1_285' title='bbox 1448 2271 1673 2336; x_wconf 65' lang='lat' dir='ltr'><strong>inten-</strong></span> <span class='ocrx_word' id='word_1_286' title='bbox 1716 2270 2134 2335; x_wconf 68' lang='lat' dir='ltr'><strong>cleu-teos:</strong></span> <span class='ocrx_word' id='word_1_287' title='bbox 2180 2273 2260 2336; x_wconf 87' lang='lat' dir='ltr'><strong>de</strong></span> <span class='ocrx_word' id='word_1_288' title='bbox 2303 2273 2421 2336; x_wconf 88' lang='lat' dir='ltr'><strong>hac</strong></span> <span class='ocrx_word' id='word_1_289' title='bbox 2465 2273 2903 2352; x_wconf 84' lang='lat' dir='ltr'><strong>disputatione</strong></span> <span class='ocrx_word' id='word_1_290' title='bbox 2949 2292 3090 2353; x_wconf 79' lang='lat' dir='ltr'><strong>quae</strong></span> 
     </span>
    </p>
   </div>
   <div class='ocr_carea' id='block_1_5' title="bbox 410 2351 3092 2435">
    <p class='ocr_par' dir='ltr' id='par_1_7' title="bbox 410 2351 3092 2435">
     <span class='ocr_line' id='line_1_27' title="bbox 410 2351 3092 2435; baseline 0.001 -22"><span class='ocrx_word' id='word_1_291' title='bbox 410 2391 419 2406; x_wconf 53' lang='grc' dir='ltr'><strong>ι</strong></span> <span class='ocrx_word' id='word_1_292' title='bbox 510 2351 584 2414; x_wconf 85' lang='lat' dir='ltr'><strong>fit</strong></span> <span class='ocrx_word' id='word_1_293' title='bbox 615 2353 691 2414; x_wconf 87' lang='lat' dir='ltr'><strong>ad</strong></span> <span class='ocrx_word' id='word_1_294' title='bbox 731 2355 1133 2431; x_wconf 75' lang='lat' dir='ltr'><strong>exercitium,</strong></span> <span class='ocrx_word' id='word_1_295' title='bbox 1174 2355 1535 2419; x_wconf 86' lang='lat' dir='ltr'><strong>audiendus</strong></span> <span class='ocrx_word' id='word_1_296' title='bbox 1579 2356 1695 2417; x_wconf 88' lang='lat' dir='ltr'><strong>cel.</strong></span> <span class='ocrx_word' id='word_1_297' title='bbox 1739 2353 1978 2430; x_wconf 90' lang='lat' dir='ltr'><strong>Gerdil,</strong></span> <span class='ocrx_word' id='word_1_298' title='bbox 2010 2351 2234 2435; x_wconf 74' lang='lat' dir='ltr'><strong>Saqqio</strong></span> <span class='ocrx_word' id='word_1_299' title='bbox 2277 2354 2709 2417; x_wconf 75' lang='lat' dir='ltr'><strong>d’istrnzione</strong></span> <span class='ocrx_word' id='word_1_300' title='bbox 2752 2355 3092 2435; x_wconf 70' lang='lat' dir='ltr'><strong>teoloq&#39;ica:</strong></span> 
     </span>
    </p>
   </div>
   <div class='ocr_carea' id='block_1_6' title="bbox 510 2431 3095 2838">
    <p class='ocr_par' dir='ltr' id='par_1_8' title="bbox 510 2431 3095 2838">
     <span class='ocr_line' id='line_1_28' title="bbox 524 2431 3084 2514; baseline 0.002 -21"><span class='ocrx_word' id='word_1_301' title='bbox 524 2458 545 2486; x_wconf 76' lang='grc' dir='ltr'><strong>ι</strong></span> <span class='ocrx_word' id='word_1_302' title='bbox 593 2431 860 2497; x_wconf 79' lang='lat' dir='ltr'><strong>Giovera</strong></span> <span class='ocrx_word' id='word_1_303' title='bbox 907 2435 1025 2498; x_wconf 84' lang='lat' dir='ltr'><strong>che</strong></span> <span class='ocrx_word' id='word_1_304' title='bbox 1073 2437 1087 2497; x_wconf 90' lang='lat' dir='ltr'><strong>i</strong></span> <span class='ocrx_word' id='word_1_305' title='bbox 1137 2434 1478 2514; x_wconf 79' lang='lat' dir='ltr'><strong>professori</strong></span> <span class='ocrx_word' id='word_1_306' title='bbox 1531 2441 1939 2514; x_wconf 83' lang='lat' dir='ltr'><strong>trattengano</strong></span> <span class='ocrx_word' id='word_1_307' title='bbox 2002 2433 2088 2514; x_wconf 82' lang='lat' dir='ltr'><strong>gli</strong></span> <span class='ocrx_word' id='word_1_308' title='bbox 2135 2433 2367 2498; x_wconf 89' lang='lat' dir='ltr'><strong>scolari</strong></span> <span class='ocrx_word' id='word_1_309' title='bbox 2415 2434 2899 2498; x_wconf 87' lang='lat' dir='ltr'><strong>nell&#39;esercizio</strong></span> <span class='ocrx_word' id='word_1_310' title='bbox 2953 2436 3084 2500; x_wconf 88' lang='lat' dir='ltr'><strong>del-</strong></span> 
     </span>
     <span class='ocr_line' id='line_1_29' title="bbox 510 2510 3095 2595; baseline 0.003 -21"><span class='ocrx_word' id='word_1_311' title='bbox 510 2510 1149 2594; x_wconf 84' lang='lat' dir='ltr'><strong>l&#39;argomentazion‘e</strong></span> <span class='ocrx_word' id='word_1_312' title='bbox 1195 2524 1369 2579; x_wconf 90' lang='lat' dir='ltr'><strong>tanto</strong></span> <span class='ocrx_word' id='word_1_313' title='bbox 1412 2515 1571 2579; x_wconf 90' lang='lat' dir='ltr'><strong>utile</strong></span> <span class='ocrx_word' id='word_1_314' title='bbox 1634 2533 1745 2595; x_wconf 83' lang='lat' dir='ltr'><strong>per</strong></span> <span class='ocrx_word' id='word_1_315' title='bbox 1790 2515 1886 2578; x_wconf 76' lang='lat' dir='ltr'><strong>far</strong></span> <span class='ocrx_word' id='word_1_316' title='bbox 1931 2514 2028 2591; x_wconf 85' lang='lat' dir='ltr'><strong>si,</strong></span> <span class='ocrx_word' id='word_1_317' title='bbox 2068 2517 2189 2577; x_wconf 77' lang='lat' dir='ltr'><strong>che</strong></span> <span class='ocrx_word' id='word_1_318' title='bbox 2235 2515 2293 2577; x_wconf 89' lang='lat' dir='ltr'><strong>le</strong></span> <span class='ocrx_word' id='word_1_319' title='bbox 2337 2531 2482 2578; x_wconf 87' lang='lat' dir='ltr'><strong>cose</strong></span> <span class='ocrx_word' id='word_1_320' title='bbox 2541 2516 2593 2577; x_wconf 88' lang='lat' dir='ltr'><strong>s&#39;</strong></span> <span class='ocrx_word' id='word_1_321' title='bbox 2621 2515 3012 2593; x_wconf 83' lang='lat' dir='ltr'><strong>imprimano</strong></span> <span class='ocrx_word' id='word_1_322' title='bbox 3054 2534 3095 2581; x_wconf 90' lang='lat' dir='ltr'><strong>e</strong></span> 
     </span>
     <span class='ocr_line' id='line_1_30' title="bbox 555 2593 3088 2675; baseline 0.002 -21"><span class='ocrx_word' id='word_1_323' title='bbox 555 2593 1042 2660; x_wconf 84' lang='lat' dir='ltr'><strong>rofondamente</strong></span> <span class='ocrx_word' id='word_1_324' title='bbox 1086 2611 1121 2658; x_wconf 93' lang='lat' dir='ltr'><strong>e</strong></span> <span class='ocrx_word' id='word_1_325' title='bbox 1165 2596 1730 2661; x_wconf 84' lang='lat' dir='ltr'><strong>ordinariamente.</strong></span> <span class='ocrx_word' id='word_1_326' title='bbox 1767 2596 1859 2659; x_wconf 80' lang='lat' dir='ltr'><strong>Ma</strong></span> <span class='ocrx_word' id='word_1_327' title='bbox 1904 2599 1940 2659; x_wconf 79' lang='lat' dir='ltr'><strong>e</strong></span> <span class='ocrx_word' id='word_1_328' title='bbox 1985 2595 2234 2674; x_wconf 84' lang='lat' dir='ltr'><strong>d’uopo</strong></span> <span class='ocrx_word' id='word_1_329' title='bbox 2284 2596 2352 2657; x_wconf 87' lang='lat' dir='ltr'><strong>in</strong></span> <span class='ocrx_word' id='word_1_330' title='bbox 2389 2597 2487 2658; x_wconf 86' lang='lat' dir='ltr'><strong>cio</strong></span> <span class='ocrx_word' id='word_1_331' title='bbox 2532 2596 2594 2657; x_wconf 92' lang='lat' dir='ltr'><strong>di</strong></span> <span class='ocrx_word' id='word_1_332' title='bbox 2642 2612 2766 2659; x_wconf 90' lang='lat' dir='ltr'><strong>una</strong></span> <span class='ocrx_word' id='word_1_333' title='bbox 2815 2599 3088 2675; x_wconf 88' lang='lat' dir='ltr'><strong>partico-</strong></span> 
     </span>
     <span class='ocr_line' id='line_1_31' title="bbox 537 2675 3085 2756; baseline 0.002 -22"><span class='ocrx_word' id='word_1_334' title='bbox 537 2689 647 2737; x_wconf 87' lang='lat' dir='ltr'><strong>are</strong></span> <span class='ocrx_word' id='word_1_335' title='bbox 696 2675 938 2742; x_wconf 86' lang='lat' dir='ltr'><strong>cautela</strong></span> <span class='ocrx_word' id='word_1_336' title='bbox 985 2693 1020 2738; x_wconf 90' lang='lat' dir='ltr'><strong>e</strong></span> <span class='ocrx_word' id='word_1_337' title='bbox 1064 2687 1448 2740; x_wconf 83' lang='lat' dir='ltr'><strong>avvertenza</strong></span> <span class='ocrx_word' id='word_1_338' title='bbox 1497 2693 1608 2756; x_wconf 87' lang='lat' dir='ltr'><strong>per</strong></span> <span class='ocrx_word' id='word_1_339' title='bbox 1642 2677 1966 2756; x_wconf 75' lang='lat' dir='ltr'><strong>«impedire</strong></span> <span class='ocrx_word' id='word_1_340' title='bbox 2011 2677 2128 2739; x_wconf 85' lang='lat' dir='ltr'><strong>che</strong></span> <span class='ocrx_word' id='word_1_341' title='bbox 2188 2676 2242 2739; x_wconf 90' lang='lat' dir='ltr'><strong>la</strong></span> <span class='ocrx_word' id='word_1_342' title='bbox 2288 2675 2540 2755; x_wconf 85' lang='lat' dir='ltr'><strong>disputa</strong></span> <span class='ocrx_word' id='word_1_343' title='bbox 2600 2692 2724 2737; x_wconf 90' lang='lat' dir='ltr'><strong>non</strong></span> <span class='ocrx_word' id='word_1_344' title='bbox 2775 2676 3085 2755; x_wconf 85' lang='lat' dir='ltr'><strong>degeneri</strong></span> 
     </span>
     <span class='ocr_line' id='line_1_32' title="bbox 516 2754 3080 2838; baseline 0.002 -23"><span class='ocrx_word' id='word_1_345' title='bbox 516 2754 577 2815; x_wconf 92' lang='lat' dir='ltr'><strong>in</strong></span> <span class='ocrx_word' id='word_1_346' title='bbox 625 2765 883 2819; x_wconf 88' lang='lat' dir='ltr'><strong>contesa</strong></span> <span class='ocrx_word' id='word_1_347' title='bbox 936 2757 1232 2820; x_wconf 83' lang='lat' dir='ltr'><strong>sofistica.</strong></span> <span class='ocrx_word' id='word_1_348' title='bbox 1280 2757 1620 2838; x_wconf 75' lang='lat' dir='ltr'><strong>Bisognera</strong></span> <span class='ocrx_word' id='word_1_349' title='bbox 1658 2766 1950 2836; x_wconf 83' lang='lat' dir='ltr'><strong>pertanto</strong></span> <span class='ocrx_word' id='word_1_350' title='bbox 1986 2756 2359 2826; x_wconf 74' lang='lat' dir='ltr'><strong>addestrare</strong></span> <span class='ocrx_word' id='word_1_351' title='bbox 2391 2758 2406 2818; x_wconf 91' lang='lat' dir='ltr'><strong>i</strong></span> <span class='ocrx_word' id='word_1_352' title='bbox 2439 2755 2691 2836; x_wconf 83' lang='lat' dir='ltr'><strong>giovani</strong></span> <span class='ocrx_word' id='word_1_353' title='bbox 2721 2772 2757 2818; x_wconf 90' lang='lat' dir='ltr'><strong>a</strong></span> <span class='ocrx_word' id='word_1_354' title='bbox 2792 2773 3080 2834; x_wconf 84' lang='lat' dir='ltr'><strong>promuo·</strong></span> 
     </span>
    </p>
   </div>
   <div class='ocr_carea' id='block_1_7' title="bbox 400 2833 3086 2913">
    <p class='ocr_par' dir='ltr' id='par_1_9' title="bbox 400 2833 3086 2913">
     <span class='ocr_line' id='line_1_33' title="bbox 400 2833 3086 2913; baseline 0.003 -20"><span class='ocrx_word' id='word_1_355' title='bbox 400 2889 409 2906; x_wconf 73' lang='grc'>,</span> <span class='ocrx_word' id='word_1_356' title='bbox 508 2849 660 2897; x_wconf 84' lang='lat' dir='ltr'><strong>vere</strong></span> <span class='ocrx_word' id='word_1_357' title='bbox 705 2833 1193 2913; x_wconf 79' lang='lat' dir='ltr'><strong>gradatamente</strong></span> <span class='ocrx_word' id='word_1_358' title='bbox 1239 2855 1363 2902; x_wconf 88' lang='lat' dir='ltr'><strong>una</strong></span> <span class='ocrx_word' id='word_1_359' title='bbox 1409 2839 1709 2901; x_wconf 79' lang='lat' dir='ltr'><strong>difficolta</strong></span> <span class='ocrx_word' id='word_1_360' title='bbox 1743 2839 1967 2899; x_wconf 75' lang='lat' dir='ltr'><strong>sinche</strong></span> <span class='ocrx_word' id='word_1_361' title='bbox 2010 2842 2099 2898; x_wconf 87' lang='lat' dir='ltr'><strong>sia</strong></span> <span class='ocrx_word' id='word_1_362' title='bbox 2148 2836 2405 2911; x_wconf 87' lang='lat' dir='ltr'><strong>sciolta;</strong></span> <span class='ocrx_word' id='word_1_363' title='bbox 2437 2851 2533 2900; x_wconf 84' lang='lat' dir='ltr'><strong>ma</strong></span> <span class='ocrx_word' id='word_1_364' title='bbox 2580 2836 2947 2899; x_wconf 80' lang='lat' dir='ltr'><strong>sciolta·che</strong></span> <span class='ocrx_word' id='word_1_365' title='bbox 2991 2840 3086 2901; x_wconf 86' lang='lat' dir='ltr'><strong>sia</strong></span> 
     </span>
    </p>
   </div>
   <div class='ocr_carea' id='block_1_8' title="bbox 503 2915 3166 4766">
    <p class='ocr_par' dir='ltr' id='par_1_10' title="bbox 506 2915 3166 3638">
     <span class='ocr_line' id='line_1_34' title="bbox 509 2915 3094 2997; baseline 0.003 -22"><span class='ocrx_word' id='word_1_366' title='bbox 509 2930 626 2976; x_wconf 90' lang='lat' dir='ltr'><strong>con</strong></span> <span class='ocrx_word' id='word_1_367' title='bbox 674 2915 824 2979; x_wconf 88' lang='lat' dir='ltr'><strong>soda</strong></span> <span class='ocrx_word' id='word_1_368' title='bbox 872 2918 1169 2996; x_wconf 89' lang='lat' dir='ltr'><strong>risposta,</strong></span> <span class='ocrx_word' id='word_1_369' title='bbox 1211 2923 1261 2980; x_wconf 89' lang='lat' dir='ltr'><strong>si</strong></span> <span class='ocrx_word' id='word_1_370' title='bbox 1311 2918 1426 2984; x_wconf 90' lang='lat' dir='ltr'><strong>dee</strong></span> <span class='ocrx_word' id='word_1_371' title='bbox 1473 2918 1608 2981; x_wconf 93' lang='lat' dir='ltr'><strong>loro</strong></span> <span class='ocrx_word' id='word_1_372' title='bbox 1655 2929 1967 2981; x_wconf 84' lang='lat' dir='ltr'><strong>mostrare</strong></span> <span class='ocrx_word' id='word_1_373' title='bbox 2011 2918 2088 2980; x_wconf 87' lang='lat' dir='ltr'><strong>ad</strong></span> <span class='ocrx_word' id='word_1_374' title='bbox 2133 2919 2464 2997; x_wconf 82' lang='lat' dir='ltr'><strong>appagarsi</strong></span> <span class='ocrx_word' id='word_1_375' title='bbox 2511 2915 2678 2994; x_wconf 77' lang='lat' dir='ltr'><strong>della</strong></span> <span class='ocrx_word' id='word_1_376' title='bbox 2725 2918 3013 2995; x_wconf 83' lang='lat' dir='ltr'><strong>ragione,</strong></span> <span class='ocrx_word' id='word_1_377' title='bbox 3053 2934 3094 2982; x_wconf 87' lang='lat' dir='ltr'><strong>e</strong></span> 
     </span>
     <span class='ocr_line' id='line_1_35' title="bbox 508 2997 3093 3078; baseline 0.002 -22"><span class='ocrx_word' id='word_1_378' title='bbox 508 3011 541 3056; x_wconf 89' lang='lat' dir='ltr'><strong>a</strong></span> <span class='ocrx_word' id='word_1_379' title='bbox 590 3011 717 3057; x_wconf 90' lang='lat' dir='ltr'><strong>non</strong></span> <span class='ocrx_word' id='word_1_380' title='bbox 763 2997 982 3061; x_wconf 84' lang='lat' dir='ltr'><strong>volere</strong></span> <span class='ocrx_word' id='word_1_381' title='bbox 1027 2999 1369 3062; x_wconf 80' lang='lat' dir='ltr'><strong>offuscarla</strong></span> <span class='ocrx_word' id='word_1_382' title='bbox 1416 3015 1532 3062; x_wconf 90' lang='lat' dir='ltr'><strong>con</strong></span> <span class='ocrx_word' id='word_1_383' title='bbox 1582 2998 1835 3063; x_wconf 80' lang='lat' dir='ltr'><strong>fallacie</strong></span> <span class='ocrx_word' id='word_1_384' title='bbox 1882 3014 1993 3076; x_wconf 86' lang='lat' dir='ltr'><strong>per</strong></span> <span class='ocrx_word' id='word_1_385' title='bbox 2045 2998 2099 3061; x_wconf 86' lang='lat' dir='ltr'><strong>la</strong></span> <span class='ocrx_word' id='word_1_386' title='bbox 2150 2998 2393 3078; x_wconf 84' lang='lat' dir='ltr'><strong>puerile</strong></span> <span class='ocrx_word' id='word_1_387' title='bbox 2460 2997 2662 3077; x_wconf 80' lang='lat' dir='ltr'><strong>gloria</strong></span> <span class='ocrx_word' id='word_1_388' title='bbox 2709 2999 2771 3059; x_wconf 87' lang='lat' dir='ltr'><strong>di</strong></span> <span class='ocrx_word' id='word_1_389' title='bbox 2822 3014 2950 3060; x_wconf 92' lang='lat' dir='ltr'><strong>non</strong></span> <span class='ocrx_word' id='word_1_390' title='bbox 2997 3015 3093 3063; x_wconf 88' lang='lat' dir='ltr'><strong>ce·</strong></span> 
     </span>
     <span class='ocr_line' id='line_1_36' title="bbox 507 3073 3090 3157; baseline 0.002 -21"><span class='ocrx_word' id='word_1_391' title='bbox 507 3073 813 3139; x_wconf 84' lang='lat' dir='ltr'><strong>dere....</strong></span> <span class='ocrx_word' id='word_1_392' title='bbox 859 3075 1117 3141; x_wconf 84' lang='lat' dir='ltr'><strong>Esausta</strong></span> <span class='ocrx_word' id='word_1_393' title='bbox 1186 3089 1476 3157; x_wconf 76' lang='lat' dir='ltr'><strong>pertento</strong></span> <span class='ocrx_word' id='word_1_394' title='bbox 1523 3095 1643 3142; x_wconf 90' lang='lat' dir='ltr'><strong>una</strong></span> <span class='ocrx_word' id='word_1_395' title='bbox 1703 3078 2043 3156; x_wconf 80' lang='lat' dir='ltr'><strong>difficolta,</strong></span> <span class='ocrx_word' id='word_1_396' title='bbox 2087 3079 2138 3141; x_wconf 90' lang='lat' dir='ltr'><strong>si</strong></span> <span class='ocrx_word' id='word_1_397' title='bbox 2202 3080 2366 3157; x_wconf 86' lang='lat' dir='ltr'><strong>passi</strong></span> <span class='ocrx_word' id='word_1_398' title='bbox 2413 3094 2601 3140; x_wconf 86' lang='lat' dir='ltr'><strong>senza</strong></span> <span class='ocrx_word' id='word_1_399' title='bbox 2667 3079 2966 3157; x_wconf 83' lang='lat' dir='ltr'><strong>scrupolo</strong></span> <span class='ocrx_word' id='word_1_400' title='bbox 3010 3080 3090 3142; x_wconf 84' lang='lat' dir='ltr'><strong>ad</strong></span> 
     </span>
     <span class='ocr_line' id='line_1_37' title="bbox 507 3156 3094 3240; baseline 0.002 -23"><span class='ocrx_word' id='word_1_401' title='bbox 507 3156 852 3232; x_wconf 86' lang='lat' dir='ltr'><strong>un’altra;</strong></span> <span class='ocrx_word' id='word_1_402' title='bbox 898 3159 1069 3221; x_wconf 86' lang='lat' dir='ltr'><strong>nulla</strong></span> <span class='ocrx_word' id='word_1_403' title='bbox 1117 3161 1452 3223; x_wconf 87' lang='lat' dir='ltr'><strong>essendovi</strong></span> <span class='ocrx_word' id='word_1_404' title='bbox 1494 3160 1599 3240; x_wconf 79' lang='lat' dir='ltr'><strong>piu</strong></span> <span class='ocrx_word' id='word_1_405' title='bbox 1643 3165 1967 3223; x_wconf 88' lang='lat' dir='ltr'><strong>contrario</strong></span> <span class='ocrx_word' id='word_1_406' title='bbox 1997 3159 2071 3222; x_wconf 90' lang='lat' dir='ltr'><strong>ad</strong></span> <span class='ocrx_word' id='word_1_407' title='bbox 2113 3176 2235 3221; x_wconf 83' lang='lat' dir='ltr'><strong>una</strong></span> <span class='ocrx_word' id='word_1_408' title='bbox 2284 3157 2488 3221; x_wconf 86' lang='lat' dir='ltr'><strong>buona</strong></span> <span class='ocrx_word' id='word_1_409' title='bbox 2540 3159 2926 3234; x_wconf 87' lang='lat' dir='ltr'><strong>istituzione‚</strong></span> <span class='ocrx_word' id='word_1_410' title='bbox 2971 3160 3094 3223; x_wconf 85' lang='lat' dir='ltr'><strong>che</strong></span> 
     </span>
     <span class='ocr_line' id='line_1_38' title="bbox 512 3236 3074 3320; baseline -0.001 -23"><span class='ocrx_word' id='word_1_411' title='bbox 512 3236 558 3297; x_wconf 91' lang='lat' dir='ltr'><strong>il</strong></span> <span class='ocrx_word' id='word_1_412' title='bbox 606 3239 860 3302; x_wconf 85' lang='lat' dir='ltr'><strong>nutrire</strong></span> <span class='ocrx_word' id='word_1_413' title='bbox 900 3238 1277 3317; x_wconf 84' lang='lat' dir='ltr'><strong>ne’giovani</strong></span> <span class='ocrx_word' id='word_1_414' title='bbox 1319 3242 1375 3303; x_wconf 90' lang='lat' dir='ltr'><strong>lo</strong></span> <span class='ocrx_word' id='word_1_415' title='bbox 1420 3243 1645 3319; x_wconf 86' lang='lat' dir='ltr'><strong>spirito</strong></span> <span class='ocrx_word' id='word_1_416' title='bbox 1692 3241 2099 3320; x_wconf 80' lang='lat' dir='ltr'><strong>puntiglioso‚</strong></span> <span class='ocrx_word' id='word_1_417' title='bbox 2143 3242 2579 3302; x_wconf 74' lang='lat' dir='ltr'><strong>contrat-tante</strong></span> <span class='ocrx_word' id='word_1_418' title='bbox 2622 3256 2658 3299; x_wconf 91' lang='lat' dir='ltr'><strong>e</strong></span> <span class='ocrx_word' id='word_1_419' title='bbox 2701 3240 3005 3302; x_wconf 83' lang='lat' dir='ltr'><strong>sofistico.</strong></span> <span class='ocrx_word' id='word_1_420' title='bbox 3051 3266 3074 3295; x_wconf 73' lang='grc'><strong>»</strong></span> 
     </span>
     <span class='ocr_line' id='line_1_39' title="bbox 508 3314 3092 3400; baseline 0.002 -23"><span class='ocrx_word' id='word_1_421' title='bbox 508 3314 895 3395; x_wconf 84' lang='lat' dir='ltr'><strong>Dogmaticae</strong></span> <span class='ocrx_word' id='word_1_422' title='bbox 940 3328 1149 3383; x_wconf 88' lang='lat' dir='ltr'><strong>autem</strong></span> <span class='ocrx_word' id='word_1_423' title='bbox 1194 3321 1532 3395; x_wconf 87' lang='lat' dir='ltr'><strong>studiosos,</strong></span> <span class='ocrx_word' id='word_1_424' title='bbox 1560 3323 1668 3400; x_wconf 90' lang='lat' dir='ltr'><strong>qui</strong></span> <span class='ocrx_word' id='word_1_425' title='bbox 1715 3323 1782 3383; x_wconf 91' lang='lat' dir='ltr'><strong>in</strong></span> <span class='ocrx_word' id='word_1_426' title='bbox 1826 3321 2016 3383; x_wconf 89' lang='lat' dir='ltr'><strong>rebus</strong></span> <span class='ocrx_word' id='word_1_427' title='bbox 2064 3320 2205 3382; x_wconf 85' lang='lat' dir='ltr'><strong>fidei</strong></span> <span class='ocrx_word' id='word_1_428' title='bbox 2269 3335 2490 3382; x_wconf 90' lang='lat' dir='ltr'><strong>eorum</strong></span> <span class='ocrx_word' id='word_1_429' title='bbox 2560 3319 2809 3381; x_wconf 76' lang='lat' dir='ltr'><strong>firmam</strong></span> <span class='ocrx_word' id='word_1_430' title='bbox 2874 3326 3092 3383; x_wconf 79' lang='lat' dir='ltr'><strong>convi-</strong></span> 
     </span>
     <span class='ocr_line' id='line_1_40' title="bbox 507 3397 3166 3480; baseline 0.002 -21"><span class='ocrx_word' id='word_1_431' title='bbox 507 3397 782 3460; x_wconf 85' lang='lat' dir='ltr'><strong>ctionem</strong></span> <span class='ocrx_word' id='word_1_432' title='bbox 839 3398 1151 3463; x_wconf 88' lang='lat' dir='ltr'><strong>collocare</strong></span> <span class='ocrx_word' id='word_1_433' title='bbox 1207 3401 1508 3466; x_wconf 83' lang='lat' dir='ltr'><strong>videntur</strong></span> <span class='ocrx_word' id='word_1_434' title='bbox 1554 3405 1615 3463; x_wconf 91' lang='lat' dir='ltr'><strong>in</strong></span> <span class='ocrx_word' id='word_1_435' title='bbox 1665 3403 1864 3464; x_wconf 84' lang='lat' dir='ltr'><strong>aciem</strong></span> <span class='ocrx_word' id='word_1_436' title='bbox 1910 3411 1974 3464; x_wconf 90' lang='lat' dir='ltr'><strong>et</strong></span> <span class='ocrx_word' id='word_1_437' title='bbox 2017 3405 2143 3463; x_wconf 89' lang='lat' dir='ltr'><strong>vim</strong></span> <span class='ocrx_word' id='word_1_438' title='bbox 2211 3417 2322 3480; x_wconf 88' lang='lat' dir='ltr'><strong>pro</strong></span> <span class='ocrx_word' id='word_1_439' title='bbox 2373 3402 2484 3464; x_wconf 72' lang='lat' dir='ltr'><strong>riae</strong></span> <span class='ocrx_word' id='word_1_440' title='bbox 2532 3401 3092 3465; x_wconf 77' lang='lat' dir='ltr'><strong>ratiocinationis.</strong></span> <span class='ocrx_word' id='word_1_441' title='bbox 3147 3407 3166 3420; x_wconf 80' lang='grc'><em>“</em></span> 
     </span>
     <span class='ocr_line' id='line_1_41' title="bbox 506 3478 3081 3562; baseline 0.002 -23"><span class='ocrx_word' id='word_1_442' title='bbox 506 3478 814 3556; x_wconf 79' lang='lat' dir='ltr'><strong>praeclara</strong></span> <span class='ocrx_word' id='word_1_443' title='bbox 862 3483 1099 3543; x_wconf 89' lang='lat' dir='ltr'><strong>monita</strong></span> <span class='ocrx_word' id='word_1_444' title='bbox 1146 3481 1332 3544; x_wconf 89' lang='lat' dir='ltr'><strong>docet</strong></span> <span class='ocrx_word' id='word_1_445' title='bbox 1373 3482 1540 3562; x_wconf 90' lang='lat' dir='ltr'><strong>Opus</strong></span> <span class='ocrx_word' id='word_1_446' title='bbox 1586 3481 1698 3544; x_wconf 79' lang='lat' dir='ltr'><strong>Sul</strong></span> <span class='ocrx_word' id='word_1_447' title='bbox 1739 3484 1995 3544; x_wconf 78' lang='lat' dir='ltr'><strong>criterio</strong></span> <span class='ocrx_word' id='word_1_448' title='bbox 2035 3483 2135 3544; x_wconf 82' lang='lat' dir='ltr'><strong>dei</strong></span> <span class='ocrx_word' id='word_1_449' title='bbox 2172 3498 2325 3560; x_wconf 79' lang='lat' dir='ltr'><strong>popo</strong></span> <span class='ocrx_word' id='word_1_450' title='bbox 2357 3484 2380 3542; x_wconf 83' lang='grc' dir='ltr'><strong>ι·</strong></span> <span class='ocrx_word' id='word_1_451' title='bbox 2407 3498 2438 3554; x_wconf 72' lang='lat' dir='ltr'><strong>e</strong></span> <span class='ocrx_word' id='word_1_452' title='bbox 2471 3481 2572 3542; x_wconf 81' lang='lat' dir='ltr'><strong>sul</strong></span> <span class='ocrx_word' id='word_1_453' title='bbox 2611 3481 3081 3560; x_wconf 58' lang='lat' dir='ltr'><strong>manserat-amo:</strong></span> 
     </span>
     <span class='ocr_line' id='line_1_42' title="bbox 506 3559 2354 3638; baseline 0.004 -18"><span class='ocrx_word' id='word_1_454' title='bbox 506 3574 638 3637; x_wconf 85' lang='lat' dir='ltr'><strong>par.</strong></span> <span class='ocrx_word' id='word_1_455' title='bbox 686 3576 779 3622; x_wconf 90' lang='grc' dir='ltr'><strong>ιιι.</strong></span> <span class='ocrx_word' id='word_1_456' title='bbox 823 3559 1278 3638; x_wconf 76' lang='lat' dir='ltr'><strong>Milano‚1867.</strong></span> <span class='ocrx_word' id='word_1_457' title='bbox 2347 3593 2354 3600; x_wconf 92' lang='grc'><strong>-</strong></span> 
     </span>
    </p>

    <p class='ocr_par' dir='ltr' id='par_1_11' title="bbox 503 3637 3092 4604">
     <span class='ocr_line' id='line_1_43' title="bbox 600 3637 3092 3722; baseline 0.002 -22"><span class='ocrx_word' id='word_1_458' title='bbox 600 3664 621 3694; x_wconf 79' lang='grc' dir='ltr'><strong>ι</strong></span> <span class='ocrx_word' id='word_1_459' title='bbox 666 3640 969 3703; x_wconf 84' lang='lat' dir='ltr'><strong>Avvenne</strong></span> <span class='ocrx_word' id='word_1_460' title='bbox 1004 3659 1034 3705; x_wconf 89' lang='lat' dir='ltr'><strong>a</strong></span> <span class='ocrx_word' id='word_1_461' title='bbox 1061 3658 1163 3704; x_wconf 89' lang='lat' dir='ltr'><strong>me</strong></span> <span class='ocrx_word' id='word_1_462' title='bbox 1207 3642 1312 3722; x_wconf 90' lang='lat' dir='ltr'><strong>(ed</strong></span> <span class='ocrx_word' id='word_1_463' title='bbox 1359 3645 1394 3705; x_wconf 79' lang='lat' dir='ltr'><strong>e</strong></span> <span class='ocrx_word' id='word_1_464' title='bbox 1436 3651 1783 3722; x_wconf 82' lang='lat' dir='ltr'><strong>spontanea</strong></span> <span class='ocrx_word' id='word_1_465' title='bbox 1835 3641 1894 3704; x_wconf 87' lang='lat' dir='ltr'><strong>la</strong></span> <span class='ocrx_word' id='word_1_466' title='bbox 1938 3642 2383 3721; x_wconf 86' lang='lat' dir='ltr'><strong>supposizione</strong></span> <span class='ocrx_word' id='word_1_467' title='bbox 2420 3642 2537 3704; x_wconf 91' lang='lat' dir='ltr'><strong>che</strong></span> <span class='ocrx_word' id='word_1_468' title='bbox 2580 3637 2713 3701; x_wconf 90' lang='lat' dir='ltr'><strong>cosi</strong></span> <span class='ocrx_word' id='word_1_469' title='bbox 2758 3641 2850 3702; x_wconf 84' lang='lat' dir='ltr'><strong>sia</strong></span> <span class='ocrx_word' id='word_1_470' title='bbox 2896 3656 3092 3704; x_wconf 81' lang='lat' dir='ltr'><strong>avve·</strong></span> 
     </span>
     <span class='ocr_line' id='line_1_44' title="bbox 505 3720 3085 3802; baseline 0.002 -22"><span class='ocrx_word' id='word_1_471' title='bbox 505 3730 661 3781; x_wconf 83' lang='lat' dir='ltr'><strong>mtto</strong></span> <span class='ocrx_word' id='word_1_472' title='bbox 692 3722 895 3783; x_wconf 78' lang='lat' dir='ltr'><strong>anche</strong></span> <span class='ocrx_word' id='word_1_473' title='bbox 921 3726 998 3784; x_wconf 77' lang='lat' dir='ltr'><strong>acl</strong></span> <span class='ocrx_word' id='word_1_474' title='bbox 1030 3723 1210 3802; x_wconf 86' lang='lat' dir='ltr'><strong>altri)</strong></span> <span class='ocrx_word' id='word_1_475' title='bbox 1257 3724 1317 3784; x_wconf 90' lang='lat' dir='ltr'><strong>di</strong></span> <span class='ocrx_word' id='word_1_476' title='bbox 1370 3732 1622 3786; x_wconf 85' lang='lat' dir='ltr'><strong>trovare</strong></span> <span class='ocrx_word' id='word_1_477' title='bbox 1670 3723 1926 3786; x_wconf 76' lang='lat' dir='ltr'><strong>talvolta</strong></span> <span class='ocrx_word' id='word_1_478' title='bbox 1964 3722 2133 3802; x_wconf 82' lang='lat' dir='ltr'><strong>negli</strong></span> <span class='ocrx_word' id='word_1_479' title='bbox 2174 3720 2344 3783; x_wconf 88' lang='lat' dir='ltr'><strong>studi</strong></span> <span class='ocrx_word' id='word_1_480' title='bbox 2375 3721 2542 3784; x_wconf 86' lang='lat' dir='ltr'><strong>della</strong></span> <span class='ocrx_word' id='word_1_481' title='bbox 2573 3720 2872 3799; x_wconf 81' lang='lat' dir='ltr'><strong>Teologia</strong></span> <span class='ocrx_word' id='word_1_482' title='bbox 2907 3722 3085 3784; x_wconf 86' lang='lat' dir='ltr'><strong>dom·</strong></span> 
     </span>
     <span class='ocr_line' id='line_1_45' title="bbox 504 3801 3084 3880; baseline 0.001 -18"><span class='ocrx_word' id='word_1_483' title='bbox 504 3801 733 3864; x_wconf 65' lang='lat' dir='ltr'><strong>manca</strong></span> <span class='ocrx_word' id='word_1_484' title='bbox 779 3804 1095 3865; x_wconf 82' lang='lat' dir='ltr'><strong>occasioni</strong></span> <span class='ocrx_word' id='word_1_485' title='bbox 1130 3803 1192 3865; x_wconf 86' lang='lat' dir='ltr'><strong>di</strong></span> <span class='ocrx_word' id='word_1_486' title='bbox 1240 3802 1923 3867; x_wconf 78' lang='lat' dir='ltr'><strong>disturbo.-Chiamato</strong></span> <span class='ocrx_word' id='word_1_487' title='bbox 1969 3803 2043 3867; x_wconf 86' lang='lat' dir='ltr'><strong>ad</strong></span> <span class='ocrx_word' id='word_1_488' title='bbox 2094 3802 2453 3865; x_wconf 89' lang='lat' dir='ltr'><strong>esaminare</strong></span> <span class='ocrx_word' id='word_1_489' title='bbox 2488 3801 2545 3863; x_wconf 90' lang='lat' dir='ltr'><strong>le</strong></span> <span class='ocrx_word' id='word_1_490' title='bbox 2588 3817 2785 3880; x_wconf 86' lang='lat' dir='ltr'><strong>prove</strong></span> <span class='ocrx_word' id='word_1_491' title='bbox 2827 3806 3084 3864; x_wconf 79' lang='lat' dir='ltr'><strong>scritta·</strong></span> 
     </span>
     <span class='ocr_line' id='line_1_46' title="bbox 505 3881 3079 3961; baseline 0.001 -20"><span class='ocrx_word' id='word_1_492' title='bbox 505 3882 623 3942; x_wconf 85' lang='lat' dir='ltr'><strong>rali</strong></span> <span class='ocrx_word' id='word_1_493' title='bbox 671 3897 706 3942; x_wconf 90' lang='lat' dir='ltr'><strong>e</strong></span> <span class='ocrx_word' id='word_1_494' title='bbox 753 3882 1155 3946; x_wconf 85' lang='lat' dir='ltr'><strong>tradizionali</strong></span> <span class='ocrx_word' id='word_1_495' title='bbox 1207 3900 1268 3945; x_wconf 86' lang='grc' dir='ltr'><strong>ιιι</strong></span> <span class='ocrx_word' id='word_1_496' title='bbox 1318 3884 1831 3947; x_wconf 85' lang='lat' dir='ltr'><strong>ciascuna.delle</strong></span> <span class='ocrx_word' id='word_1_497' title='bbox 1877 3885 2099 3958; x_wconf 79' lang='lat' dir='ltr'><strong>verita,</strong></span> <span class='ocrx_word' id='word_1_498' title='bbox 2160 3898 2286 3945; x_wconf 91' lang='lat' dir='ltr'><strong>non</strong></span> <span class='ocrx_word' id='word_1_499' title='bbox 2330 3895 2583 3961; x_wconf 80' lang='lat' dir='ltr'><strong>sempre</strong></span> <span class='ocrx_word' id='word_1_500' title='bbox 2635 3883 2958 3959; x_wconf 83' lang='lat' dir='ltr'><strong>parevami</strong></span> <span class='ocrx_word' id='word_1_501' title='bbox 3015 3881 3079 3944; x_wconf 89' lang='lat' dir='ltr'><strong>di</strong></span> 
     </span>
     <span class='ocr_line' id='line_1_47' title="bbox 503 3960 3089 4043; baseline 0.002 -21"><span class='ocrx_word' id='word_1_502' title='bbox 503 3963 952 4024; x_wconf 70' lang='lat' dir='ltr'><strong>vener-sucuro</strong></span> <span class='ocrx_word' id='word_1_503' title='bbox 995 3981 1029 4025; x_wconf 87' lang='lat' dir='ltr'><strong>e</strong></span> <span class='ocrx_word' id='word_1_504' title='bbox 1076 3964 1339 4041; x_wconf 76' lang='lat' dir='ltr'><strong>limpide</strong></span> <span class='ocrx_word' id='word_1_505' title='bbox 1389 3966 1954 4043; x_wconf 80' lang='lat' dir='ltr'><strong>interpretazioni,</strong></span> <span class='ocrx_word' id='word_1_506' title='bbox 2003 3965 2080 4027; x_wconf 85' lang='lat' dir='ltr'><strong>ed</strong></span> <span class='ocrx_word' id='word_1_507' title='bbox 2135 3963 2680 4042; x_wconf 83' lang='lat' dir='ltr'><strong>argomentazioni</strong></span> <span class='ocrx_word' id='word_1_508' title='bbox 2746 3960 3009 4026; x_wconf 87' lang='lat' dir='ltr'><strong>robuste</strong></span> <span class='ocrx_word' id='word_1_509' title='bbox 3047 3979 3089 4025; x_wconf 92' lang='lat' dir='ltr'><strong>e</strong></span> 
     </span>
     <span class='ocr_line' id='line_1_48' title="bbox 506 4041 3088 4125; baseline 0.001 -23"><span class='ocrx_word' id='word_1_510' title='bbox 506 4041 935 4106; x_wconf 88' lang='lat' dir='ltr'><strong>concludenti.</strong></span> <span class='ocrx_word' id='word_1_511' title='bbox 975 4043 1097 4106; x_wconf 87' lang='lat' dir='ltr'><strong>Pur</strong></span> <span class='ocrx_word' id='word_1_512' title='bbox 1134 4055 1358 4124; x_wconf 81' lang='lat' dir='ltr'><strong>troppo</strong></span> <span class='ocrx_word' id='word_1_513' title='bbox 1400 4045 1672 4125; x_wconf 85' lang='lat' dir='ltr'><strong>qualche</strong></span> <span class='ocrx_word' id='word_1_514' title='bbox 1705 4046 1871 4108; x_wconf 79' lang='lat' dir='ltr'><strong>volta</strong></span> <span class='ocrx_word' id='word_1_515' title='bbox 1922 4044 1982 4108; x_wconf 93' lang='lat' dir='ltr'><strong>lo</strong></span> <span class='ocrx_word' id='word_1_516' title='bbox 2025 4046 2252 4123; x_wconf 85' lang='lat' dir='ltr'><strong>spirito</strong></span> <span class='ocrx_word' id='word_1_517' title='bbox 2299 4045 2627 4107; x_wconf 84' lang='lat' dir='ltr'><strong>rimaneva</strong></span> <span class='ocrx_word' id='word_1_518' title='bbox 2662 4051 3088 4105; x_wconf 80' lang='lat' dir='ltr'><strong>sconcertato.</strong></span> 
     </span>
     <span class='ocr_line' id='line_1_49' title="bbox 504 4118 3084 4204; baseline 0.001 -22"><span class='ocrx_word' id='word_1_519' title='bbox 504 4118 563 4184; x_wconf 88' lang='lat' dir='ltr'><strong>la</strong></span> <span class='ocrx_word' id='word_1_520' title='bbox 609 4127 937 4186; x_wconf 84' lang='lat' dir='ltr'><strong>coscienza</strong></span> <span class='ocrx_word' id='word_1_521' title='bbox 987 4125 1087 4188; x_wconf 89' lang='lat' dir='ltr'><strong>ne’</strong></span> <span class='ocrx_word' id='word_1_522' title='bbox 1116 4125 1309 4188; x_wconf 86' lang='lat' dir='ltr'><strong>dubbi</strong></span> <span class='ocrx_word' id='word_1_523' title='bbox 1358 4127 1724 4204; x_wconf 84' lang='lat' dir='ltr'><strong>impaurita,</strong></span> <span class='ocrx_word' id='word_1_524' title='bbox 1790 4141 2085 4204; x_wconf 83' lang='lat' dir='ltr'><strong>sospesa3</strong></span> <span class='ocrx_word' id='word_1_525' title='bbox 2133 4141 2168 4186; x_wconf 90' lang='lat' dir='ltr'><strong>e</strong></span> <span class='ocrx_word' id='word_1_526' title='bbox 2212 4126 2365 4202; x_wconf 84' lang='lat' dir='ltr'><strong>pero</strong></span> <span class='ocrx_word' id='word_1_527' title='bbox 2407 4123 2764 4186; x_wconf 82' lang='lat' dir='ltr'><strong>conveniva</strong></span> <span class='ocrx_word' id='word_1_528' title='bbox 2834 4123 2953 4185; x_wconf 81' lang='lat' dir='ltr'><strong>che</strong></span> <span class='ocrx_word' id='word_1_529' title='bbox 3017 4123 3084 4186; x_wconf 89' lang='lat' dir='ltr'><strong>in</strong></span> 
     </span>
     <span class='ocr_line' id='line_1_50' title="bbox 503 4199 3080 4282; baseline 0.001 -19"><span class='ocrx_word' id='word_1_530' title='bbox 503 4199 698 4264; x_wconf 88' lang='lat' dir='ltr'><strong>buon’</strong></span> <span class='ocrx_word' id='word_1_531' title='bbox 725 4221 833 4265; x_wconf 82' lang='lat' dir='ltr'><strong>ora</strong></span> <span class='ocrx_word' id='word_1_532' title='bbox 899 4204 1122 4268; x_wconf 76' lang='lat' dir='ltr'><strong>lacessi</strong></span> <span class='ocrx_word' id='word_1_533' title='bbox 1173 4206 1400 4269; x_wconf 83' lang='lat' dir='ltr'><strong>lemie</strong></span> <span class='ocrx_word' id='word_1_534' title='bbox 1447 4206 1815 4270; x_wconf 83' lang='lat' dir='ltr'><strong>confidenze</strong></span> <span class='ocrx_word' id='word_1_535' title='bbox 1874 4206 2183 4282; x_wconf 80' lang='lat' dir='ltr'><strong>coll’uom</strong></span> <span class='ocrx_word' id='word_1_536' title='bbox 2229 4204 2290 4266; x_wconf 88' lang='lat' dir='ltr'><strong>di</strong></span> <span class='ocrx_word' id='word_1_537' title='bbox 2342 4205 2452 4267; x_wconf 82' lang='lat' dir='ltr'><strong>Dio</strong></span> <span class='ocrx_word' id='word_1_538' title='bbox 2512 4203 2862 4266; x_wconf 83' lang='lat' dir='ltr'><strong>incaricato</strong></span> <span class='ocrx_word' id='word_1_539' title='bbox 2914 4202 3080 4266; x_wconf 88' lang='lat' dir='ltr'><strong>della</strong></span> 
     </span>
     <span class='ocr_line' id='line_1_51' title="bbox 507 4280 3066 4366; baseline 0.002 -24"><span class='ocrx_word' id='word_1_540' title='bbox 507 4280 836 4346; x_wconf 85' lang='lat' dir='ltr'><strong>direz&#39;ione</strong></span> <span class='ocrx_word' id='word_1_541' title='bbox 879 4284 1212 4364; x_wconf 79' lang='lat' dir='ltr'><strong>spirituale</strong></span> <span class='ocrx_word' id='word_1_542' title='bbox 1258 4286 1360 4349; x_wconf 89' lang='lat' dir='ltr'><strong>del</strong></span> <span class='ocrx_word' id='word_1_543' title='bbox 1404 4285 1785 4350; x_wconf 87' lang='lat' dir='ltr'><strong>Seminario.</strong></span> <span class='ocrx_word' id='word_1_544' title='bbox 1829 4287 1964 4366; x_wconf 83' lang='lat' dir='ltr'><strong>Egli</strong></span> <span class='ocrx_word' id='word_1_545' title='bbox 2015 4285 2484 4364; x_wconf 80' lang='lat' dir='ltr'><strong>rispondevami</strong></span> <span class='ocrx_word' id='word_1_546' title='bbox 2533 4283 2631 4345; x_wconf 79' lang='lat' dir='ltr'><strong>cli’</strong></span> <span class='ocrx_word' id='word_1_547' title='bbox 2663 4283 2726 4345; x_wconf 88' lang='lat' dir='ltr'><strong>io</strong></span> <span class='ocrx_word' id='word_1_548' title='bbox 2770 4299 2897 4345; x_wconf 91' lang='lat' dir='ltr'><strong>non</strong></span> <span class='ocrx_word' id='word_1_549' title='bbox 2967 4283 3066 4346; x_wconf 86' lang='lat' dir='ltr'><strong>do-</strong></span> 
     </span>
     <span class='ocr_line' id='line_1_52' title="bbox 503 4363 3084 4448; baseline 0.003 -29"><span class='ocrx_word' id='word_1_550' title='bbox 503 4368 657 4425; x_wconf 73' lang='lat' dir='ltr'><strong>veva</strong></span> <span class='ocrx_word' id='word_1_551' title='bbox 707 4366 1087 4442; x_wconf 72' lang='lat' dir='ltr'><strong>pretendere</strong></span> <span class='ocrx_word' id='word_1_552' title='bbox 1117 4367 1595 4431; x_wconf 89' lang='lat' dir='ltr'><strong>dimostrazioni</strong></span> <span class='ocrx_word' id='word_1_553' title='bbox 1628 4386 1660 4429; x_wconf 89' lang='lat' dir='ltr'><strong>a</strong></span> <span class='ocrx_word' id='word_1_554' title='bbox 1701 4371 1885 4448; x_wconf 84' lang='lat' dir='ltr'><strong>piena</strong></span> <span class='ocrx_word' id='word_1_555' title='bbox 1931 4366 2404 4430; x_wconf 77' lang='lat' dir='ltr'><strong>soddissazione</strong></span> <span class='ocrx_word' id='word_1_556' title='bbox 2436 4364 2538 4427; x_wconf 85' lang='lat' dir='ltr'><strong>del</strong></span> <span class='ocrx_word' id='word_1_557' title='bbox 2587 4365 2712 4426; x_wconf 91' lang='lat' dir='ltr'><strong>mio</strong></span> <span class='ocrx_word' id='word_1_558' title='bbox 2758 4363 3084 4427; x_wconf 83' lang='lat' dir='ltr'><strong>intelletto</strong></span> 
     </span>
     <span class='ocr_line' id='line_1_53' title="bbox 507 4442 3073 4524; baseline 0.002 -22"><span class='ocrx_word' id='word_1_559' title='bbox 507 4442 569 4503; x_wconf 89' lang='lat' dir='ltr'><strong>in</strong></span> <span class='ocrx_word' id='word_1_560' title='bbox 618 4447 765 4518; x_wconf 70' lang='lat' dir='ltr'><strong>ogni</strong></span> <span class='ocrx_word' id='word_1_561' title='bbox 813 4445 1063 4523; x_wconf 81' lang='lat' dir='ltr'><strong>singolo</strong></span> <span class='ocrx_word' id='word_1_562' title='bbox 1106 4447 1405 4520; x_wconf 80' lang='lat' dir='ltr'><strong>articol03</strong></span> <span class='ocrx_word' id='word_1_563' title='bbox 1450 4463 1548 4510; x_wconf 88' lang='lat' dir='ltr'><strong>ma</strong></span> <span class='ocrx_word' id='word_1_564' title='bbox 1594 4450 1713 4511; x_wconf 83' lang='lat' dir='ltr'><strong>che</strong></span> <span class='ocrx_word' id='word_1_565' title='bbox 1756 4449 1842 4510; x_wconf 88' lang='lat' dir='ltr'><strong>mi</strong></span> <span class='ocrx_word' id='word_1_566' title='bbox 1890 4447 2128 4511; x_wconf 84' lang='lat' dir='ltr'><strong>cloveva</strong></span> <span class='ocrx_word' id='word_1_567' title='bbox 2178 4446 2431 4509; x_wconf 83' lang='lat' dir='ltr'><strong>bastare</strong></span> <span class='ocrx_word' id='word_1_568' title='bbox 2487 4445 2528 4506; x_wconf 91' lang='lat' dir='ltr'><strong>l&#39;</strong></span> <span class='ocrx_word' id='word_1_569' title='bbox 2556 4454 2929 4524; x_wconf 79' lang='lat' dir='ltr'><strong>argomento</strong></span> <span class='ocrx_word' id='word_1_570' title='bbox 2974 4461 3073 4523; x_wconf 82' lang='lat' dir='ltr'><strong>ge·</strong></span> 
     </span>
     <span class='ocr_line' id='line_1_54' title="bbox 503 4523 2152 4604; baseline 0.003 -21"><span class='ocrx_word' id='word_1_571' title='bbox 503 4523 762 4584; x_wconf 86' lang='lat' dir='ltr'><strong>nerale:</strong></span> <span class='ocrx_word' id='word_1_572' title='bbox 813 4524 952 4588; x_wconf 63' lang='lat' dir='ltr'><strong>Cosa·</strong></span> <span class='ocrx_word' id='word_1_573' title='bbox 995 4529 1059 4589; x_wconf 77' lang='lat' dir='ltr'><strong>la</strong></span> <span class='ocrx_word' id='word_1_574' title='bbox 1106 4528 1345 4604; x_wconf 69' lang='lat' dir='ltr'><strong>Ckiesa,</strong></span> <span class='ocrx_word' id='word_1_575' title='bbox 1387 4546 1417 4589; x_wconf 84' lang='lat' dir='ltr'><strong>e</strong></span> <span class='ocrx_word' id='word_1_576' title='bbox 1460 4529 1523 4590; x_wconf 79' lang='lat' dir='ltr'><strong>la</strong></span> <span class='ocrx_word' id='word_1_577' title='bbox 1573 4530 1793 4591; x_wconf 69' lang='lat' dir='ltr'><strong>Chi-esa</strong></span> <span class='ocrx_word' id='word_1_578' title='bbox 1823 4548 1944 4591; x_wconf 79' lang='lat' dir='ltr'><strong>non</strong></span> <span class='ocrx_word' id='word_1_579' title='bbox 1987 4545 2152 4590; x_wconf 83' lang='lat' dir='ltr'><strong>erra.</strong></span> 
     </span>
    </p>

    <p class='ocr_par' dir='ltr' id='par_1_12' title="bbox 503 4602 3076 4766">
     <span class='ocr_line' id='line_1_55' title="bbox 585 4602 3076 4688; baseline 0.002 -25"><span class='ocrx_word' id='word_1_580' title='bbox 585 4626 607 4654; x_wconf 83' lang='lat'><strong>·</strong></span> <span class='ocrx_word' id='word_1_581' title='bbox 653 4602 768 4665; x_wconf 84' lang='lat' dir='ltr'><strong>Era</strong></span> <span class='ocrx_word' id='word_1_582' title='bbox 817 4616 1035 4682; x_wconf 84' lang='lat' dir='ltr'><strong>questa</strong></span> <span class='ocrx_word' id='word_1_583' title='bbox 1064 4608 1228 4670; x_wconf 78' lang='lat' dir='ltr'><strong>forse</strong></span> <span class='ocrx_word' id='word_1_584' title='bbox 1273 4608 1681 4678; x_wconf 78' lang='lat' dir='ltr'><strong>un’evasiva‚</strong></span> <span class='ocrx_word' id='word_1_585' title='bbox 1711 4625 1793 4671; x_wconf 90' lang='lat' dir='ltr'><strong>un</strong></span> <span class='ocrx_word' id='word_1_586' title='bbox 1835 4610 2161 4688; x_wconf 79' lang='lat' dir='ltr'><strong>palliativo</strong></span> <span class='ocrx_word' id='word_1_587' title='bbox 2207 4605 2377 4670; x_wconf 89' lang='lat' dir='ltr'><strong>delle</strong></span> <span class='ocrx_word' id='word_1_588' title='bbox 2403 4604 2758 4669; x_wconf 58' lang='lat' dir='ltr'><strong>difficulter</strong></span> <span class='ocrx_word' id='word_1_589' title='bbox 2802 4620 2926 4667; x_wconf 89' lang='lat' dir='ltr'><strong>una</strong></span> <span class='ocrx_word' id='word_1_590' title='bbox 2974 4620 3076 4683; x_wconf 78' lang='lat' dir='ltr'><strong>pa-</strong></span> 
     </span>
     <span class='ocr_line' id='line_1_56' title="bbox 503 4680 3072 4766; baseline 0 -21"><span class='ocrx_word' id='word_1_591' title='bbox 503 4680 641 4745; x_wconf 87' lang='lat' dir='ltr'><strong>rola</strong></span> <span class='ocrx_word' id='word_1_592' title='bbox 684 4684 804 4745; x_wconf 83' lang='lat' dir='ltr'><strong>che</strong></span> <span class='ocrx_word' id='word_1_593' title='bbox 846 4698 1066 4749; x_wconf 77' lang='lat' dir='ltr'><strong>avesse</strong></span> <span class='ocrx_word' id='word_1_594' title='bbox 1108 4689 1587 4766; x_wconf 76' lang='lat' dir='ltr'><strong>signiticazione</strong></span> <span class='ocrx_word' id='word_1_595' title='bbox 1630 4689 1909 4753; x_wconf 86' lang='lat' dir='ltr'><strong>soltanto</strong></span> <span class='ocrx_word' id='word_1_596' title='bbox 1941 4688 2104 4753; x_wconf 80' lang='lat' dir='ltr'><strong>sulla</strong></span> <span class='ocrx_word' id='word_1_597' title='bbox 2152 4688 2340 4750; x_wconf 84' lang='lat' dir='ltr'><strong>bocca</strong></span> <span class='ocrx_word' id='word_1_598' title='bbox 2373 4686 2478 4749; x_wconf 88' lang='lat' dir='ltr'><strong>del</strong></span> <span class='ocrx_word' id='word_1_599' title='bbox 2524 4688 2838 4749; x_wconf 84' lang='lat' dir='ltr'><strong>direttore</strong></span> <span class='ocrx_word' id='word_1_600' title='bbox 2884 4686 3072 4765; x_wconf 84' lang='lat' dir='ltr'><strong>spiri·</strong></span> 
     </span>
    </p>
   </div>
  </div>
 </body>
</html>
