3292 5167
1162 221 1240 268 nt
1286 219 1561 269 viuum,
1586 219 1877 266 suoru-us
2687 200 2817 268 3oe

226 324 652 404 operationum
679 339 757 386 ac
789 324 1281 404 myctiatiomm
1306 322 1389 383 ad
1421 322 1606 384 lucra
1635 320 1953 400 laedenda,
1987 320 2121 383 sive
2158 338 2387 384 merces
2422 338 2578 385 nova
2612 320 2816 402 torma

228 421 335 485 per
376 405 763 466 industriam
803 403 1108 472 donando,
1152 404 1278 465 aive
1319 418 1424 465 aas
1467 403 1565 462 uti
1606 409 1760 463 sunt
1804 401 2255 464 transvehendo
2323 408 2386 464 et
2454 419 2596 464 cum
2663 403 2815 466 aliis

230 485 673 546 commutando.
718 484 864 546 naec
906 494 1118 546 tamen
1164 484 1571 545 commutatio
1618 498 1736 543 nec
1777 496 2032 560 semper
2079 499 2194 544 nec
2243 482 2432 545 facile
2463 483 2817 559 obtinebat,

230 567 373 642 qnia
449 581 565 627 nec
628 564 816 628 facile
888 580 1007 626 nec
1066 578 1319 642 semper
1362 579 1529 626 nnus
1570 562 1844 624 habebat
1888 561 2054 641 quod
2099 562 2282 625 alteri
2341 562 2582 625 deerat.
2635 562 2814 626 Adde

234 645 411 725 plura
459 646 856 708 incommoda
907 647 971 706 in
1021 645 1326 706 mercium
1373 642 1827 706 translatione:
1875 643 2024 704 binc
2068 642 2265 704 electa
2317 641 2437 704 fuit
2500 644 2764 705 materia
2793 691 2811 719 ,

230 743 367 804 quae
412 742 636 789 omnes
679 742 779 787 res
816 732 1329 804 repraesentaret,
1363 734 1431 786 et
1464 740 1582 802 qua
1618 722 1967 795 mediante,
2056 727 2277 802 uisque
2317 732 2531 800 posset
2568 739 2814 786 merces

232 808 512 884 cujusvis
554 807 812 884 generis
855 817 919 867 et
962 805 1243 867 vendere
1288 812 1353 866 et
1394 818 1608 864 emere
1654 806 1846 864 etiam
1892 819 2014 881 apu
2104 812 2482 865 extraneos:
2515 806 2650 865 haec
2683 820 2812 865 tna·

234 890 389 949 teria
436 898 537 949 est
582 887 867 964 pecunia.
913 886 1146 948 Verum
1195 900 1352 945 nova
1399 883 1740 945 difficultas
1770 932 1785 958 ,
1851 898 1994 945 cum
2047 882 2353 962 quaelibet
2403 885 2575 945 natio
2625 900 2814 964 pecu·

232 983 403 1029 niam
453 968 683 1030 babeat
725 982 901 1028 suam
946 967 1181 1028 diversi
1227 965 1463 1027 valoris
1494 980 1567 1026 ac
1603 963 1951 1033 bonitatis;
2001 964 2148 1025 huic
2230 980 2378 1025 orro
2411 964 2815 1027 incommodo

230 1057 656 1110 occurrerunt
699 1062 933 1109 mensae
980 1044 1423 1108 nummulariae
1481 1043 1702 1123 (vulgo
1750 1043 1803 1105 lc
1850 1042 2133 1122 bancho).
2247 1046 2481 1106 enetiis
2538 1050 2817 1122 primum

236 1128 470 1189 saeculo
502 1127 610 1189 Xll
659 1130 966 1189 institutae
998 1127 1050 1201 ¹,
1098 1140 1365 1206 quarum
1411 1124 1685 1186 officium
1730 1133 1828 1186 est
1870 1133 2260 1186 commutare
2306 1126 2628 1203 pecunias,
2677 1138 2818 1202 quae

235 1208 317 1269 ibi
364 1224 397 1269 a
448 1208 913 1270 mercatoribus
956 1208 1390 1286 deponuntur.
1431 1204 1713 1267 Tandem
1758 1208 1809 1266 si
1856 1216 2170 1283 quaeerat
2214 1205 2554 1269 difficultas
2587 1206 2651 1267 in
2690 1216 2816 1265 tam

236 1287 559 1369 frequenti
612 1289 898 1366 pecuniae
944 1286 1387 1359 translatione,
1430 1285 1677 1351 sublata
1724 1294 1818 1347 est
1864 1301 1975 1363 per
2023 1286 2244 1347 literas
2279 1284 2662 1349 cambiales:
2706 1287 2818 1346 sic·

233 1384 353 1447 que
402 1371 593 1431 bodie
640 1372 829 1430 etiam
880 1370 1326 1429 remotissimae
1373 1366 1560 1429 urbes
1606 1376 1969 1446 promptum
2015 1382 2086 1427 ac
2131 1382 2426 1428 securum
2468 1381 2683 1428 secum
2720 1366 2815 1426 in-

237 1450 448 1510 vicem
500 1449 739 1510 habent
784 1450 1238 1510 commercium
1280 1445 1421 1524 (U).

310 1545 514 1606 516.
561 1546 1025 1609 commercium
1072 1548 1392 1624 praecipue
1438 1543 1750 1606 dividitur
1796 1547 1858 1605 in
1907 1550 2204 1606 terrestre
2268 1561 2339 1607 ac
2399 1545 2819 1618 maritimum,

237 1637 431 1706 prout
475 1628 572 1689 vel
625 1638 791 1689 terra
820 1675 835 1704 ‚
880 1627 979 1689 vel
1029 1629 1184 1689 mari
1234 1636 1589 1688 exercetur.
1636 1624 1790 1686 ltem
1836 1626 2226 1687 maritimum
2281 1623 2454 1687 aliud
2503 1633 2599 1687 est
2644 1622 2817 1702 longi

235 1707 535 1783 itineriS,
590 1711 642 1769 si
702 1724 930 1786 nempe
976 1707 1086 1769 fiat
1144 1707 1308 1769 ultra
1357 1706 1590 1768 fretum
1638 1704 1986 1767 Sundicum
2047 1715 2112 1767 et
2166 1705 2601 1779 Gibraltariae3
2644 1702 2818 1766 aliud

233 1789 410 1866 parvi
463 1791 716 1850 itineris
763 1788 982 1866 (vulgo
1027 1785 1391 1867 cabotaqyt'o
1437 1785 1648 1864 lingua
1703 1787 2071 1864 hispanica3
2117 1786 2213 1847 vel
2262 1804 2294 1850 a
2354 1792 2544 1866 caput
2584 1802 2622 1846 a
2666 1785 2820 1861 ere),

236 1870 288 1929 si
336 1871 665 1947 navigatio
708 1870 1043 1947 contingat
1090 1883 1215 1928 non
1283 1868 1471 1944 longe
1536 1883 1567 1928 a
1636 1875 1848 1939 terra,
1913 1865 2020 1926 sed
2089 1866 2167 1928 de
2235 1869 2423 1929 litore
2487 1865 2562 1927 ad
2655 1869 2817 1939 itus,

234 1947 316 2009 de
365 1954 575 2026 capite
621 1949 716 2011 «ad
782 1959 971 2028 caput
1013 1947 1061 2009 θ.
1108 1948 1197 2009 Ad
1244 1948 1695 2009 commercium
1746 1947 2006 2008 suerunt
2052 1949 2408 2026 peculiares
2473 1948 2819 2023 assignatae

236 2028 453 2107 leges,
497 2046 652 2108 quas
694 2029 1048 2108 Theologus
1108 2029 1364 2107 penitus
1408 2028 1710 2105 ignorare
1756 2044 1880 2087 non
1929 2026 2157 2103 debet,
2202 2032 2253 2091 si
2298 2027 2454 2090 velit
2506 2042 2811 2089 commer-

235 2119 488 2251 cato'res
535 2112 657 2249 ri¹te
701 2110 1005 2251 ὀιτίξθω,
1043 2109 1186 2170 ideo
1231 2110 1454 2186 magis,
1484 2110 1628 2187 quia
1681 2108 1992 2169 hodierna
2032 2112 2305 2172 societas
2355 2116 2482 2172 tota
2529 2108 2811 2186 negotia·

263 2205 357 2251 ori
414 2207 488 2251 us
536 2207 572 2269 p
602 2206 718 2252 ena
764 2207 833 2252 es
864 2235 879 2251 .
1909 2214 1914 2219 ·

313 2287 504 2348 512.
550 2288 631 2351 Ut
674 2290 816 2367 quis
860 2290 943 2350 sit
986 2303 1178 2349 verus
1222 2296 1683 2347 commercator
1727 2302 1836 2347 seu
1884 2286 2268 2365 negotiator,
2301 2286 2652 2364 requiritur
2687 2296 2818 2346 tum

239 2376 308 2430 ut
351 2379 532 2430 actus
569 2370 1327 2441 commercii‘exerceat3
1374 2377 1500 2428 tum
1553 2374 1618 2427 ut
1663 2383 1768 2426 eos
1817 2366 2232 2429 habitualit‘er
2281 2366 2488 2429 faciat.
2525 2364 2674 2427 item
2711 2381 2815 2425 no·

241 2449 504 2511 tandum
554 2454 1009 2511 commercium
1055 2448 1318 2589 groprie
1364 2446 1600 2508 dictum
1652 2448 1971 2524 respicere
2005 2464 2104 2508 res
2146 2446 2514 2526 sungibiles,
2551 2443 2819 2507 mobiles

240 2545 381 2609 quae
431 2529 617 2590 facile
657 2530 733 2591 de
775 2546 968 2591 manu
1014 2545 1044 2590 a
1140 2542 1392 2588 manum
1442 2527 1661 2587 venire
1714 2535 1975 2604 possunt
2035 2531 2174 2588 siue
2242 2537 2332 2590 tot
2397 2525 2818 2588 solemnitati·

244 2609 382 2672 bus.
432 2608 708 2682 Quorum
758 2609 1014 2690 quidem
1062 2608 1343 2670 omnium
1394 2609 1555 2669 ratio
1602 2607 1891 2669 habenda
1940 2615 2054 2682 est,
2102 2625 2242 2670 cum
2293 2614 2603 2669 mercator
2636 2605 2822 2685 parti·

243 2689 450 2752 culari
504 2706 576 2751 ac
623 2689 896 2752 faciliori
948 2688 1250 2751 tribunali
1301 2687 1629 2760 subdatur,
1678 2704 1794 2747 nec
1839 2704 2088 2767 semper
2136 2697 2429 2751 teneatur
2461 2687 2645 2749 bonis
2689 2686 2821 2747 suis

242 2770 546 2833 omnibus
593 2771 846 2848 cedere,
891 2771 940 2832 si
991 2770 1288 2831 decoctus
1333 2767 1579 2844 evadat,
1624 2777 1692 2828 ut
1742 2776 1994 2830 tenetur
2039 2784 2163 2830 non
2211 2776 2528 2832 mercator
2553 2764 2599 2828 ⁸.

313 2869 502 2930 518.
551 2869 616 2942 Q.
665 2870 717 2932 1.
765 2869 1030 2944 Quinam
1073 2869 1439 2930 commercia
1473 2883 1763 2928 exercere
1804 2871 2121 2945 possunt?
2857 2924 2866 2934 .

316 2951 391 3014 R.
438 2949 672 3013 Omnes
718 2959 983 3030 possunt
1026 2949 1405 3012 commercia
1453 2963 1759 3009 exercere
1803 2950 1906 3026 qui
1959 2957 2224 3026 possunt
2253 2965 2319 3010 se
2357 2947 2663 3031 obligare,
2707 2967 2824 3015 nec

241 3031 674 3112 prohibentur
719 3046 751 3093 a
799 3031 956 3108 lege.
1000 3031 1047 3091 A
1093 3027 1266 3090 civili
1312 3037 1520 3091 autem
1569 3027 1714 3105 lege
1769 3031 1903 3089 baec
1945 3031 2274 3106 speciatim
2341 3029 2821 3096 decernuntur:

405 3112 457 3173 1.
502 3111 800 3188 Minores,
845 3114 894 3173 si
943 3111 1250 3189 completa
1299 3119 1486 3170 aetate
1543 3123 1855 3170 annorum
1907 3108 1980 3170 18
2024 3114 2508 3187 emancipentur
2532 3120 2596 3171 et
2633 3111 2821 3176 simul

246 3195 816 3257 auctorizationem
866 3191 941 3254 ad
991 3192 1106 3252 hoc
1152 3189 1488 3252 obtineant
1551 3188 1650 3249 vel
1698 3204 1727 3247 a
1780 3199 1956 3267 patre
2021 3189 2119 3252 vel
2165 3204 2198 3252 a
2245 3191 2514 3252 consilio
2560 3191 2826 3271 familiae

244 3282 362 3335 aut
405 3272 619 3336 tutelae
659 3272 836 3351 Juxta
887 3272 1139 3350 regulas
1178 3270 1366 3349 juriS,
1401 3270 1853 3331 commercium
1900 3268 2121 3332 valent
2155 3285 2478 3345 exercere,
2540 3288 2613 3335 ac
2672 3284 2825 3338 tunc

243 3350 626 3432 reputantur
692 3353 779 3414 uti
848 3352 1162 3431 majoreS,
1226 3353 1331 3430 qui
1382 3365 1447 3412 se
1492 3348 1782 3427 obligare
1848 3366 2149 3427 possunt,
2198 3359 2261 3412 et
2303 3367 2414 3414 sua
2461 3354 2823 3417 immobilia

244 3433 575 3497 alienare:
625 3435 761 3495 liaec
806 3444 1018 3495 tamen
1066 3430 1226 3493 facta
1274 3431 1696 3493 auctorizatio
1743 3438 1951 3508 potest
1995 3432 2306 3493 revocari.

362 3514 419 3577 2.
464 3512 890 3576 Filiiiamilias
941 3513 991 3575 si
1062 3520 1247 3574 aetate
1297 3509 1571 3589 majores
1612 3512 2065 3573 commercium
2114 3521 2476 3591 exerceant,
2507 3513 2828 3577 habentur

304 3736 326 3777 ¹
363 3737 490 3798 Quae
526 3748 631 3787 non
666 3737 791 3789 sunt
835 3733 1220 3787 confundendas
1264 3745 1387 3785 cum
1438 3733 1561 3783 aula
1594 3732 1969 3795 commemini,
2003 3734 2165 3796 vulgo
2197 3735 2348 3787 borsa
2395 3736 2447 3787 di
2480 3737 2780 3788 commercio
2795 3750 2821 3795 ,·

239 3799 344 3852 auh
377 3804 477 3851 boc
508 3799 647 3851 enim
682 3799 898 3850 nomine
941 3798 1109 3850 codex
1152 3797 1460 3858 commercii,
1511 3798 1609 3848 art.
1643 3800 1723 3853 28,
1758 3797 2026 3859 intelligit:
2085 3800 2160 3849 La
2190 3802 2434 3850 riunione
2477 3799 2556 3851 dei
2589 3811 2830 3850 commer-

241 3864 417 3922 etanta,
448 3863 673 3925 capitam
703 3861 756 3912 αἱ
784 3873 928 3919 nave,
967 3862 1135 3921 ayonis
1165 3860 1218 3910 di
1247 3857 1441 3909 cambio
1475 3870 1503 3907 3
1534 3861 1723 3909 sensati·
1755 3860 1810 3909 αἱ
1841 3871 1947 3910 una
1980 3860 2139 3921 cinci,-
2173 3861 2225 3912 la
2257 3861 2408 3912 borsa
2439 3862 2710 3913 dev'easere
2741 3874 2831 3913 au·

242 3928 499 3977 torizzata
528 3937 623 3987 per
655 3925 853 3975 decreto
884 3924 1037 3972 reale.

305 3987 330 4027 ¹
363 3989 552 4039 Fusius
587 3988 705 4039 cod.
737 3987 1050 4044 maritimus,
1084 3983 1182 4034 art.
1216 3985 1293 4034 61.
1326 4007 1387 4019 -
1416 3982 1470 4034 C.
1506 3982 1567 4033 A.
1602 3985 1895 4034 commercii
1935 3986 2061 4045 1903
2089 4008 2152 4021 —
2188 3983 2236 4034 G.
2277 3984 2333 4034 G.
2371 3997 2552 4037 comm.
2591 3987 2698 4037 190.

307 4050 329 4089 ⁸
363 4050 839 4122 commerciatores
870 4046 1094 4099 diversis
1127 4045 1395 4095 donantur
1420 4045 1753 4118 nominibus.
1798 4068 1814 4088 ·
1862 4020 1914 4096 Si
1949 4046 2064 4119 dira
2113 4050 2370 4119 mercante
2419 4049 2539 4113 quel
2574 4059 2828 4099 commer-

249 4112 443 4172 ciante‚
480 4113 511 4161 il
547 4114 702 4176 quale
732 4110 870 4161 nella
908 4119 1125 4171 compra
1158 4118 1187 4156 e
1220 4106 1358 4157 nella
1392 4106 1654 4156 rivendlta
1685 4106 1817 4157 delle
1865 4118 2048 4163 merci.
2084 4120 2221 4171 pone
2257 4108 2290 4158 il
2341 4121 2441 4160 suo
2474 4110 2677 4162 traffico
2714 4110 2825 4162 abi·

246 4174 401 4250 tuate.
435 4175 767 4225 Fabbricante
797 4185 846 4246 ‚o
893 4170 1305 4233 manisatturiere
1353 4168 1513 4240 colui,
1564 4168 1596 4217 il
1629 4169 1787 4232 quale
1829 4170 2038 4220 attende
2088 4182 2118 4219 a
2166 4174 2463 4246 convertite
2511 4174 2559 4224 le
2615 4173 2831 4225 materie

246 4248 426 4351 352⁰·ss
446 4230 2079 4366 ¹3¹„325322003122‘3505ia00otttiiiqni'ar‘tffssatalia}
2096 4232 2831 4350 mitit333⁸32”ssiissimi¹2²iiit

248 4360 299 4412 di
332 4373 403 4412 un
437 4363 584 4412 tanto
618 4373 710 4424 per
739 4362 912 4419 cento,
945 4359 1209 4410 cbiamata
1240 4355 1426 4406 dii-atto
1455 4354 1508 4404 di
1540 4357 1909 4411 commissione.
1946 4354 2011 4405 od
2039 4355 2174 4406 altro
2197 4359 2364 4408 corris
2404 4361 2567 4411 ettivo
2602 4372 2827 4414 conven-

247 4424 379 4474 tivo.
415 4425 712 4483 Βαησὴὶειτ,
747 4423 885 4473 colui
939 4421 1036 4471 cbe
1090 4417 1291 4469 tramea
1340 4415 1422 4466 sul
1478 4414 1682 4466 danaro
1714 4427 1742 4467 e
1775 4418 1910 4480 angli
1944 4418 2101 4470 efletti
2154 4418 2203 4468 di
2261 4433 2348 4472 cre
2389 4422 2479 4473 ite.
2531 4426 2827 4485 Amator-e,

248 4485 429 4549 quello
462 4487 559 4536 ebe
591 4484 939 4548 apparecebia
961 4482 1021 4534 ed
1061 4491 1209 4534 arma
1241 4478 1374 4529 delle
1405 4479 1526 4527 navi
1582 4489 1616 4527 o
1651 4490 1743 4541 per
1779 4480 1814 4531 il
1847 4481 2111 4543 trasporto
2144 4481 2194 4532 di
2233 4484 2527 4536 mercanzie
2557 4497 2586 4536 e
2621 4498 2827 4549 passag-

248 4547 357 4661 ιιι
405 4562 885 4663 amm„
908 4546 967 4658 ‘a
996 4513 1568 4658 arsimus-aii.
1595 4536 1890 4656 ιιιίιοιι
2153 4543 2527 4660 ‘flagitata
2664 4549 2831 4662 aaa

354 4648 369 4670 9
1703 4641 1735 4665 ι,
1867 4644 1878 4656 ι
1938 4644 1948 4655 ι
1984 4630 2046 4643 -“
2143 4643 2154 4656 ο
2317 4648 2326 4658 ι
2534 4647 2546 4660 0

250 4677 563 4736 maritimum
617 4697 682 4710 -
715 4671 767 4723 c.
801 4671 866 4723 Α.
899 4682 1080 4722 comm.
1115 4670 1242 4731 ΜΠ
1278 4691 1334 4705 -
1366 4665 1426 4729 ,0.
1467 4666 1526 4718 G.
1558 4670 1899 4731 comm-6313
1933 4693 1996 4706 -
2031 4669 2086 4721 G.
2125 4670 2195 4722 Μ.
2229 4671 2323 4723 cio.
2357 4671 2483 4724 2415
2511 4673 2564 4726 et
2595 4672 2735 4726 ²463.
2783 4684 2788 4687 ·
