3292 5167
1173 230 1182 241 .
1250 180 1709 246 Annorariosins
2650 184 2778 252 183

208 302 304 363 nio
339 300 648 379 singulari
695 297 987 360 veritatis
1032 296 1405 361 christianae
1452 313 1565 376 per
1609 297 2022 364 tolerantiam
2069 303 2316 367 mortis.
2358 303 2607 386 Martyr
2660 307 2783 385 igi-

207 391 297 445 tur
331 390 421 444 est
459 381 670 452 testis,
703 382 825 458 «qui
871 384 1078 439 morte
1119 393 1233 440 sua
1280 376 1579 456 perhibet
1624 379 2064 444 testimonium
2138 385 2424 461 veritati,
2464 390 2609 465 qu'ae
2664 403 2778 466 per

206 460 498 525 Christum
545 460 734 524 nobis
779 457 1098 521 innotuit:
1146 455 1316 520 unde
1359 468 1681 538 martyres
1721 458 1958 524 Christi
2005 462 2315 528 dicuntur
2358 468 2542 546 quasi
2584 476 2778 530 testes

211 542 384 621 ipsius
422 542 684 604 Christi.
727 538 880 613 Quae
923 545 1134 600 tamen
1181 553 1355 600 mors
1399 555 1526 601 non
1571 538 1654 602 de
1699 543 2085 605 necessitate
2130 548 2490 625 requiritur
2560 548 2626 609 in
2685 546 2777 609 et—

209 622 369 699 ieetu,
406 622 521 686 sed
566 622 802 686 suffieit
842 617 924 680 ad
966 619 1249 696 rigorem
1292 620 1610 699 martyrii,
1656 628 1730 682 ut
1774 622 1918 701 quis
1967 634 2227 703 propter
2270 625 2600 690 Christum
2648 636 2777 691 tor-

211 713 384 765 menta
431 703 764 766 sustineat·
797 700 877 762 de
922 714 991 760 se
1035 696 1418 763 sufficientia
1465 708 1530 763 et
1564 700 1844 765 efficacia
1889 702 1966 765 ad
2016 704 2423 769 inferendam
2469 715 2767 783 mortem,

207 788 300 846 etsi
339 784 676 861 contingat
718 789 991 844 mortem
1038 778 1379 859 impediri3
1423 796 1572 845 uam
1617 782 1737 845 hoo
1773 792 1871 844 est
1913 800 2067 847 vere
2111 785 2331 850 subire
2375 798 2651 851 mortem
2699 792 2765 850 in

206 878 359 927 cansa
403 864 650 927 efficaci
697 878 812 941 per
853 876 941 932 se,
986 876 1105 922 nee
1152 859 1303 947 inde
1348 862 1666 924 minuitur
1707 863 1973 926 affectus
2019 867 2314 929 internus
2359 876 2426 930 et
2481 878 2769 948 accepta-

207 945 272 1007 tio
330 947 560 1007 mortis
603 950 868 1022 propter
909 938 1264 1003 Christum:
1311 941 1404 1002 sic
1469 951 1717 1021 martyr
1779 943 2163 1023 appellatur,
2228 947 2355 1011 imo
2414 959 2773 1028 martyrum

204 1023 408 1102 Regina
452 1025 526 1087 B.
562 1023 662 1099 V„
695 1022 848 1086 lieet
891 1037 1017 1083 non
1064 1020 1300 1084 obierit
1341 1030 1548 1085 morte
1591 1023 1875 1087 violenta
1921 1021 1950 1100 (
1971 1024 2027 1086 V.
2077 1026 2374 1102 nimmia,
2416 1028 2505 1092 De
2545 1028 2619 1091 B.
2684 1031 2772 1093 M.

211 1102 450 1185 Virgine,
494 1122 640 1186 pag.
682 1103 852 1182 256).
912 1127 934 1157 ι
977 1101 1460 1165 Termineremo
1503 1119 1624 1165 con
1672 1120 1796 1167 una
1841 1109 2297 1172 osservazione
2339 1112 2507 1173 assai
2546 1126 2771 1172 conso-

200 1185 343 1248 lante
384 1201 502 1265 per
545 1184 763 1248 coloro
806 1184 928 1246 che
970 1185 1023 1244 si
1069 1181 1284 1244 danno
1327 1181 1386 1246 al
1431 1185 1708 1246 servizio
1755 1185 1926 1266 degli
1990 1191 2337 1266 appestati:
2400 1190 2482 1253 ed
2546 1192 2582 1251 e
2651 1192 2771 1253 che

200 1282 299 1328 nna
339 1267 439 1346 pia
489 1266 809 1329 credenza
846 1278 1088 1326 venera
1132 1278 1311 1326 come
1349 1265 1597 1326 martiri
1638 1264 1875 1353 coloro„
1902 1269 2024 1329 che
2062 1270 2484 1332 soc'combono
2517 1271 2769 1333 vittime

198 1344 334 1409 deila
376 1347 518 1409 loro
577 1347 810 1410 carita:
856 1343 1028 1407 velut
1067 1351 1379 1423 martyres
1423 1343 1723 1425 reliqiosa
1762 1348 2016 1424 piorum
2056 1348 2206 1428 fides
2282 1352 2578 1413 venerari
2637 1368 2773 1413 con-

197 1427 366 1490 suevit
408 1426 767 1507 (Martyrol.
811 1424 1076 1487 Roman.
1118 1423 1198 1486 26
1241 1424 1449 1503 rehu).
1494 1424 1544 1487 E
1586 1442 1618 1488 a
1669 1427 1840 1489 detta
1887 1428 1950 1490 di
1996 1446 2044 1493 s.
2090 1429 2355 1492 Aiionso
2404 1430 2554 1510 (Op.
2592 1431 2771 1503 Mor„

197 1504 229 1570 i.
260 1523 336 1582 vi,
375 1524 437 1571 n.
485 1508 636 1586 100)
679 1522 839 1569 sono
883 1506 1161 1583 reputati
1207 1520 1387 1567 come
1429 1509 1565 1568 veri
1611 1508 1864 1569 martiri
1908 1509 1985 1571 da
2020 1509 2232 1573 dodici
2261 1510 2655 1580 Universae,
2689 1513 2768 1576 da

199 1587 394 1651 tredioi
435 1586 775 1652 Cardinali
819 1604 854 1649 e
898 1585 978 1649 da
1023 1586 1132 1665 piu
1174 1584 1236 1647 di
1286 1595 1578 1648 trecento
1621 1587 1868 1650 Antori.
1914 1614 1934 1642 ι
1998 1588 2281 1653 Gousset.
2326 1620 2405 1638 ·-
2459 1591 2520 1654 V.
2586 1590 2767 1655 Fras-

197 1669 408 1742 sinetti‚
459 1668 836 1747 compendio
876 1666 1041 1728 della
1084 1665 1263 1740 Paul„
1309 1676 1349 1727 t.
1396 1682 1470 1743 11,
1515 1675 1667 1731 nota
1712 1668 1812 1731 98.

257 1749 340 1811 Ex
381 1751 705 1811 haetenus
749 1749 1091 1825 disputatis
1133 1756 1461 1824 sequitur:
1893 1750 1909 1768 ·

327 1831 376 1891 t.
417 1829 611 1893 Itium
658 1846 799 1892 esse
845 1844 1068 1890 verum
1110 1826 1348 1889 Christi
1387 1837 1754 1907 martyrem,
1786 1831 1894 1909 qui
1930 1846 2057 1892 non
2090 1845 2208 1909 pro
2239 1831 2374 1910 ipsa
2407 1831 2762 1894 christiana

203 1908 305 1971 tide
339 1913 727 1989 generatim,
771 1909 882 1972 sed
930 1924 1043 1987 pro
1087 1907 1212 1970 alia
1258 1908 1522 1986 speciali
1570 1910 1812 1971 virtute
1843 1912 2197 1973 christiana
2233 1912 2565 1974 moriatur.
2604 1911 2766 1975 Hinc

204 2005 326 2052 vere
359 2002 452 2053 est
501 2000 758 2069 martyr
800 1989 1079 2051 loannes
1141 1988 1647 2067 Nepomucenus,
1697 1991 1805 2069 qui
1847 1994 2099 2054 occisus
2156 1990 2280 2054 fuit
2344 2008 2459 2070 pro
2526 1992 2768 2056 tuendo

207 2070 377 2148 sigilio
408 2070 893 2134 sacramentali.
959 2069 1115 2132 Item
1179 2068 1238 2131 b.
1303 2068 1584 2132 Panaoea
1650 2071 1729 2132 ab
1794 2069 1970 2133 iliius
2015 2072 2428 2135 incunabulis
2466 2075 2761 2153 martyrii

211 2150 416 2213 aureola
464 2152 776 2215 decorata
829 2153 1060 2214 merito
1105 2147 1469 2212 celebratur
1510 2150 1772 2229 ubique,
1814 2160 1880 2214 et
1919 2151 2154 2215 colitur
2194 2152 2490 2233 (ejusque
2520 2154 2762 2217 cultum

206 2228 541 2295 solemniter
586 2232 966 2312 approbavit
1007 2238 1072 2292 et
1114 2231 1521 2293 confirmavit
1561 2228 1623 2291 S.
1647 2231 1845 2293 Sedes
1874 2249 2046 2294 auno
2073 2232 2275 2311 1868).
2313 2233 2758 2297 EratPanaeea

206 2310 467 2375 innocens
518 2322 588 2376 et
634 2318 734 2391 pia
783 2310 1014 2390 puella,
1062 2327 1204 2389 quae
1231 2310 1709 2387 quintodecimo
1733 2329 1865 2375 suae
1890 2316 2098 2376 aetatis
2141 2330 2312 2376 anno
2342 2314 2696 2378 crudeliter
2728 2331 2762 2377 a

201 2407 290 2453 sna
326 2409 628 2469 noverca,
671 2409 841 2455 anno
885 2391 1139 2455 Domini
1179 2390 1357 2467 1383,
1387 2399 1607 2455 necata
1636 2392 1757 2455 fuit
1802 2393 1881 2455 ob
1926 2394 2064 2472 ejus
2109 2396 2415 2457 eximium
2449 2396 2765 2457 orationis

199 2472 476 2549 studium3
521 2481 823 2535 orantem
867 2473 1042 2534 enim
1086 2472 1405 2550 virginem
1456 2488 1763 2546 noverca,
1794 2474 1939 2536 rudi
1986 2490 2058 2536 ac
2102 2484 2405 2537 montana
2450 2477 2616 2552 colu,
2675 2478 2764 2537 ita

198 2558 473 2629 percussit
515 2555 848 2633 capitique
892 2553 1062 2615 fusos
1106 2552 1189 2614 ita
1239 2552 1471 2627 infixit,
1515 2562 1584 2615 ut
1627 2556 2044 2617 interficeret.
2089 2554 2241 2633 EJus
2306 2571 2541 2634 corpus
2609 2555 2763 2617 coli-

198 2639 278 2694 tnr
316 2636 373 2696 in
417 2631 1361 2714 archipresbyteraliEcclesia
1405 2634 1652 2711 Agamii
1699 2633 1795 2714 (in
1844 2634 2252 2716 Novariensi)
2300 2652 2524 2715 magna
2572 2644 2637 2698 et
2672 2652 2765 2698 ce·

197 2709 327 2775 lehri
367 2723 501 2779 tum
545 2730 815 2778 suorum
864 2723 996 2777 tum
1039 2722 1409 2775 exterorum
1452 2717 1893 2778 veneratione.
1939 2714 2116 2777 Solet
2159 2718 2436 2779 maxime
2468 2717 2757 2779 invocari

196 2795 504 2858 comitialis
550 2795 763 2858 morbi
808 2809 1029 2868 causa3
1077 2791 1390 2873 multique
1427 2795 1659 2857 merito
1696 2795 2053 2875 praedicant
2081 2796 2352 2877 (nostris
2382 2800 2574 2860 etiam
2609 2807 2764 2860 tem·

195 2874 450 2954 poribus)
497 2878 926 2955 impetratam,
974 2876 1260 2939 invocata
1311 2872 1367 2938 b.
1404 2873 1711 2949 Panacea,
1755 2878 2130 2940 sanitatem:
2176 2877 2340 2957 qnod
2375 2878 2632 2958 quidem
2667 2887 2764 2940 est

195 2953 421 3019 salutari
469 2957 728 3019 nomini
774 2965 1313 3026 consentaneum3
1357 2956 1504 3017 vide
1549 2956 1848 3034 Bescape‚
1890 2958 2173 3021 Novaria
2215 2975 2447 3031 sacrm·
2506 2967 2571 3022 et
2613 2957 2765 3019 Tra-

196 3033 337 3114 veffi,
377 3036 462 3101 De
508 3036 569 3101 b.
616 3037 919 3099 Panuceoe
958 3036 1304 3099 sanctitate
1347 3043 1409 3098 et
1450 3036 1648 3098 cultu.
1695 3037 1858 3111 Quid
1906 3055 2097 3116 porro
2143 3041 2511 3119 requiratur
2555 3049 2624 3100 ut
2698 3056 2764 3100 u-

195 3113 396 3180 biicum
439 3118 522 3180 de
572 3126 856 3197 martyre
885 3117 1158 3179 officium
1196 3132 1228 3178 a
1267 3114 1326 3177 S.
1358 3114 1522 3178 Sede
1552 3117 1943 3193 obtineatur,
1972 3119 2115 3181 vide
2152 3116 2572 3183 Benedictum
2596 3055 2757 3196 va,

191 3193 260 3257 De
297 3196 598 3261 Canania.
646 3196 775 3273 SS„
820 3198 859 3258 l.
906 3213 1004 3272 ιιι,
1046 3212 1223 3275 capp.
1272 3197 1347 3258 15
1390 3205 1456 3258 et
1499 3197 1595 3259 19.

317 3278 371 3341 2
414 3279 572 3341 Illos
616 3293 804 3341 veros
847 3294 989 3340 esse
1033 3285 1370 3356 martyreS‚
1414 3279 1521 3355 qui
1567 3276 1951 3341 occiduntur
1995 3279 2060 3341 in
2106 3278 2276 3342 bello
2307 3277 2480 3357 §usto
2512 3296 2625 3357 pro
2662 3278 2762 3342 de·

193 3356 456 3423 tensione
503 3359 888 3438 reipublicae
930 3357 1235 3421 adversus
1282 3357 1575 3419 infideles
1618 3367 1685 3420 et
1728 3358 2088 3436 haereticoS,
2135 3360 2283 3423 ideo
2350 3361 2499 3441 quia
2567 3359 2759 3423 iidem

193 3433 399 3502 Christi
445 3455 875 3519 eorrumpere
920 3438 1295 3501 moliuntur.

317 3519 370 3582 3.
409 3520 550 3582 Non
586 3536 730 3582 esse
772 3535 960 3581 ver-os
1003 3529 1338 3598 martyres,
1382 3518 1488 3596 qui
1537 3518 1921 3584 occiduntur
1965 3521 2031 3583 in
2076 3519 2248 3584 bello
2280 3520 2456 3599 justo
2498 3530 2757 3600 propter

191 3593 614 3663 defensionem
659 3598 1035 3678 reipublicae
1080 3607 1346 3662 tantum.
1390 3598 1646 3677 Excipit
1688 3598 1964 3679 Sylvius,
2010 3602 2131 3664 nisi
2181 3602 2358 3665 illam
2405 3601 2757 3664 intendant

192 3674 516 3767 defendere
565 3689 830 3761 propter
875 3680 1071 3742 Deum
1115 3696 1196 3742 ex
1239 3695 1458 3741 amore
1497 3681 1769 3757 justitiae
1811 3689 1878 3745 et
1925 3682 2083 3762 legis
2127 3681 2405 3757 divinae3
2451 3692 2600 3745 tuno
2632 3697 2760 3742 mo·

191 3768 432 3836 fiuntur,
477 3778 567 3824 ne
614 3763 872 3824 virtutis
916 3758 1193 3822 officium
1237 3759 1559 3821 deserant.
1625 3760 1691 3823 D.
1741 3761 2015 3825 Thomas
2057 3763 2182 3825 ait:
2250 3763 2491 3825 Bonum
2546 3762 2757 3839 reipu-

191 3831 338 3902 blico
371 3849 471 3905 est
506 3845 904 3922 praecipuum
946 3842 1115 3903 inter
1162 3838 1323 3904 bona
1360 3838 1655 3903 humana.
1706 3839 1823 3904 Sed
1867 3841 2090 3907 bonum
2117 3843 2424 3917 divinum,
2468 3842 2629 3922 quod
2662 3847 2762 3903 est

190 3924 412 4061 flumin
452 3925 658 3986 causa
699 3922 1027 4001 Martyris,
1060 3929 1154 3984 est
1195 3922 1402 4000 potius
1447 3938 1631 3999 quam
1677 3920 1903 3986 bonum
1945 3922 2305 3987 humanum.
2352 3922 2578 3985 Tamen
2607 3923 2760 4001 quia

283 4017 380 4064 uin
420 4002 766 4067 humanum
803 4008 1010 4082 potest
1037 4002 1193 4081 effici
1233 4002 1535 4074 divinum,
1569 4003 1627 4063 si
1655 4004 1982 4083 referatur
2011 4005 2093 4066 ad
2131 4005 2319 4066 Deum
2337 4024 2363 4074 ‚·
2395 4003 2528 4065 ideo
2556 4010 2764 4080 potest

194 4092 291 4142 ase
327 4085 751 4163 quodcumque
817 4080 1041 4146 bonum
1085 4083 1426 4145 humanum
1470 4082 1777 4163 Martyris·
1816 4100 2029 4159 causa,
2071 4085 2404 4148 secuudum
2470 4083 2630 4163 quod
2693 4083 2761 4145 in

194 4154 349 4223 Reum
400 4164 709 4245 refertur.
749 4162 857 4243 (V.
900 4162 1191 4238 Billuart,
1220 4161 1308 4225 De
1332 4162 1731 4243 fortitudine,
1776 4164 1925 4229 diss.
1971 4166 2044 4244 1.)

252 4238 409 4314 Quod
454 4247 740 4309 maxime
783 4242 998 4307 valere
1042 4244 1233 4307 debet
1276 4261 1389 4324 pro
1435 4244 1533 4319 iis,
1576 4246 1683 4325 qui
1730 4243 2116 4308 occumbunt
2151 4242 2408 4306 civilem
2452 4242 2757 4308 Romame

195 4314 456 4388 &desim
503 4325 947 4404 principatum
991 4323 1435 4388 defendendo:
1494 4349 1517 4379 ι
1559 4324 1641 4388 Se
1684 4326 1747 4387 vi
1793 4325 1875 4388 ha
1920 4327 2045 4388 mai
2092 4341 2237 4388 caso
2281 4326 2402 4388 che
2449 4324 2751 4404 legittimi

198 4395 244 4491 ¹3
275 4399 431 4468 toi-za
477 4422 518 4469 e
562 4404 765 4468 reuda
808 4404 1090 4485 glorioso
1138 4405 1182 4467 il
1226 4405 1585 4484 guerriero,
1627 4402 1758 4485 egli
1802 4409 1837 4468 e
1883 4421 1960 4484 ap
2011 4414 2167 4469 unto
2202 4415 2448 4486 questo,
2514 4408 2581 4469 in
2647 4421 2749 4468 eui

193 4494 235 4541 ει
269 4488 390 4549 trae
432 4485 495 4550 la
539 4485 742 4566 spada
784 4501 914 4550 non
960 4503 1074 4565 per
1115 4487 1398 4564 cingersi
1444 4484 1594 4548 d’un
1641 4484 1880 4548 caduco
1924 4422 2129 4549 eploro
2182 4470 2246 4550 ia
2294 4485 2511 4549 fronte
2554 4503 2589 4549 e
2636 4501 2753 4565 per

191 4563 466 4642 ampliare
508 4565 798 4630 d'aiouni
843 4565 1195 4631 miserabili
1243 4565 1435 4645 palmi
1482 4565 1547 4628 di
1594 4573 1766 4628 terra
1811 4582 1897 4629 un
1964 4583 2283 4649 possess03
2327 4584 2427 4631 ma
2474 4585 2587 4646 per
2630 4582 2758 4628 sos·

194 4647 386 4710 unere
423 4647 487 4711 le
529 4646 758 4713 divine
801 4648 1058 4728 regioni
1102 4645 1272 4712 della
1316 4645 1515 4726 Sposa
1558 4645 1625 4711 di
1683 4644 1955 4712 Cristo...
2020 4646 2137 4712 Chi
2179 4648 2336 4715 cade
2370 4651 2609 4712 estinto
2653 4644 2754 4710 sni
