3292 5167
1111 248 1191 294 nz
1241 244 1499 294 viarum
1543 246 1829 294 susa-trite
2641 232 2765 300 201

224 359 443 434 naturai
470 335 684 435 ipsius
724 367 849 418 vox
889 355 1013 432 est,
1048 367 1201 435 quae
1253 349 1455 432 natio,
1506 348 1619 435 qui
1673 350 1962 434 populus
2003 353 2250 436 poterit
2284 351 2625 438 assignari,
2662 354 2774 423 ubi

225 478 334 529 uon
373 458 573 544 vigeat
614 458 727 544 jus
778 457 1254 545 proprietatis?
1304 456 1415 525 ubi
1464 474 1597 523 non
1637 454 1858 524 adsint
1905 456 2085 543 leges
2136 462 2617 547 proprietatum
2657 479 2776 529 cu-

225 565 453 635 stodes?
497 563 609 633 ubi
659 563 909 632 furtum
961 583 1091 632 non
1143 563 1429 648 graviter
1473 563 1719 632 vitetur
1764 571 1829 633 et
1877 565 2233 650 puniatur?

288 711 583 772 Diximus:
629 710 697 773 in
738 727 846 772 eas
888 689 988 772 re}
1025 726 1182 789 quas
1228 709 1368 789 qais
1415 708 1686 789 lepitimc
1729 710 2135 788 apprehendit
2194 679 2562 786 etc.;*nam
2611 712 2781 775 ultro

229 792 460 854 fatemur
482 806 511 852 a
540 791 765 853 mundi
796 791 1060 852 exordio
1086 806 1191 853 res
1222 805 1445 852 omnes
1467 790 1664 852 ruisse
1693 805 2083 862 communes,
2113 792 2370 855 dicente
2406 809 2582 855 sacra
2611 792 2775 855 Scri-

232 881 423 951 ptura:
468 870 701 934 Coelum
742 872 881 933 caiti
923 871 1199 945 Domina,
1244 878 1483 933 terram
1525 877 1732 933 autem
1775 870 1946 933 dedit
2031 872 2138 933 liis
2200 870 2517 935 homiuum
2562 872 2610 935 ¹.
2653 871 2778 935 Sed

228 954 311 1015 vix
347 960 669 1015 crescente
712 951 1078 1016 mortalium
1126 967 1413 1027 numere,
1458 953 1610 1030 ipso·
1641 950 1918 1014 naturali
2001 969 2114 1016 ure
2171 951 2620 1033 compellente,
2669 969 2779 1017 ne·

220 1048 368 1094 cesse
406 1031 525 1094 fuit
567 1049 599 1095 a
646 1034 849 1111 prima
898 1032 1004 1094 ill'a
1052 1047 1267 1094 rerum
1305 1032 1756 1094 communione
1787 1031 2178 1111 pedetentim
2218 1032 2589 1108 discedere3
2631 1036 2780 1114 quia

226 1112 379 1176 aliter
419 1114 563 1175 vitae
626 1115 956 1176 securitati
1023 1111 1267 1175 consuli
1339 1127 1463 1173 non
1531 1119 1804 1191 poterat,
1853 1128 2062 1192 neque
2121 1114 2461 1176 discordiae
2520 1115 2776 1190 evitari,

230 1210 346 1272 quae
380 1195 439 1255 in
487 1209 556 1255 re
599 1195 922 1256 communi
971 1193 1300 1256 immensae
1344 1192 1555 1256 solent
1598 1194 1778 1256 oriri.
1822 1192 2058 1256 Verum
2105 1194 2361 1273 quidem
2405 1202 2503 1257 est
2548 1195 2782 1258 multas

228 1276 386 1336 ctiam
434 1289 603 1336 nunc
647 1273 796 1336 lites
840 1274 996 1336 oriri
1044 1289 1378 1336 occasione
1422 1272 1737 1337 bonorum
1787 1273 2265 1353 temporalium:
2312 1274 2423 1337 sed
2468 1276 2518 1337 si
2566 1277 2778 1339 omnia

222 1356 571 1417 mansissent
617 1353 890 1416 indivisa
940 1353 1130 1432 longe
1176 1354 1391 1436 plures
1442 1353 1858 1433 expectandae
1923 1364 2128 1418 erant.
2186 1354 2353 1419 Lites
2400 1357 2596 1435 igitur
2661 1356 2783 1420 hac

221 1435 502 1497 divisione
559 1436 610 1497 si
661 1450 787 1497 non
853 1435 1174 1508 extinctae,
1238 1434 1581 1498 admodum
1628 1435 1965 1498 diminutae
2008 1443 2201 1498 sunt:
2248 1451 2374 1497 non
2440 1435 2785 1500 cessabunt

224 1524 397 1578 autem
442 1518 727 1584 omnino,
779 1518 901 1578 nisi
951 1516 1015 1576 in
1062 1516 1267 1592 patria
1335 1515 1603 1590 coelesti,
1642 1517 1793 1596 quia
1841 1517 2100 1578 nonnisi
2171 1518 2233 1577 in
2282 1520 2482 1595 patria
2529 1516 2783 1581 coelesti

226 1596 485 1660 cessabit.
529 1605 598 1659 ut
662 1598 753 1659 ait
798 1595 857 1658 d.
902 1594 1414 1675 chrysostomus,
1460 1614 1661 1659 meum
1703 1614 1780 1659 ac
1824 1603 2018 1672 taum,
2078 1596 2389 1677 friqidum
2446 1598 2606 1660 iuna
2647 1615 2780 1662 vcr-

226 1676 341 1739 bum
366 1675 410 1737 ².
454 1676 551 1737 Nil
597 1692 752 1754 ergo
798 1678 1052 1751 mirum,
1095 1678 1147 1737 si
1196 1676 1339 1739 ideo
1383 1676 1482 1738 vel
1532 1677 1607 1739 ab
1655 1677 1813 1756 ipsis
1861 1685 2049 1740 terrae
2095 1677 2378 1740 exordiis
2424 1694 2639 1741 rerum
2686 1679 2778 1741 di-

230 1758 356 1818 visio
397 1756 610 1818 induci
658 1759 965 1835 coeperit;
1009 1756 1173 1835 quod
1222 1756 1478 1837 quidem
1527 1759 1611 1820 ita
1658 1756 1896 1820 sactum
1942 1767 2037 1821 est
2082 1775 2156 1820 ex
2196 1757 2405 1836 Lugo:
2447 1758 2628 1820 Nihil
2667 1775 2777 1822 na·
2879 1791 2884 1796 ·

230 1844 349 1899 tura
385 1838 585 1899 alicui
627 1838 695 1899 in
722 1837 1111 1916 particulari
1153 1837 1486 1916 applicuit,
1529 1840 1635 1901 scd
1657 1839 2045 1930 ,introduxit
2086 1839 2361 1901 homines
2392 1841 2461 1902 in
2489 1840 2786 1903 muudum

233 1918 374 1996 quasi
410 1918 481 1980 in
539 1919 784 1980 domum
848 1918 1067 1997 opibus
1134 1917 1459 1999 refertam,
1505 1925 1581 1981 ut
1620 1920 1856 1999 empuli
1901 1922 2257 1999 acciperent
2322 1927 2383 1982 ct
2423 1921 2784 2000 accipiendo

232 1995 470 2075 Iacerent
506 2016 626 2060 aaa
670 2015 762 2074 ea,
807 2016 942 2078 quae
983 2005 1174 2061 antea
1215 2007 1400 2061 erant
1428 2002 1779 2062 communia
1811 2001 2081 2062 omnium
2097 2022 2126 2072 ;
2160 2001 2328 2062 sicut
2364 2001 2539 2082 liqna
2569 2003 2784 2064 coedua

240 2079 555 2155 communia,
590 2087 925 2158 antequam
968 2080 1314 2155 coedantur,
1367 2086 1519 2142 sunt
1562 2082 1627 2144 in
1670 2081 1941 2144 conuiuio
2004 2082 2473 2144 communitatis
2479 2128 2572 2144 .....
2581 2102 2607 2154 ,·
2647 2089 2781 2162 vper·

238 2161 511 2222 eoesiouem
550 2178 694 2222 vcro
737 2166 891 2222 sune
926 2161 1191 2240 propria
1234 2160 1547 2223 cadentis.

406 2422 857 2489 Conottaiuuu.
892 2457 980 2469 —-
1026 2422 1499 2506 Radiculismas,
1551 2424 1952 2490 Socialismus
1995 2437 2053 2492 et
2100 2426 2560 2493 Fourierismas

928 2585 1038 2631 scu
1085 2568 1362 2653 Syscema
1410 2567 2032 2636 Phalansterianum.

287 2775 469 2838 3⁰1.
512 2778 587 2857 a)
631 2778 678 2840 A
723 2776 1221 2853 Communismo,
1278 2788 1579 2857 tanquam
1638 2778 1886 2842 rivulus
1959 2797 1990 2840 a
2040 2779 2238 2856 fonte,
2292 2781 2459 2845 alius
2521 2791 2789 2844 exortus

225 2867 308 2919 est
342 2874 518 2920 error
564 2859 765 2936 magis
828 2868 1032 2933 atrox,
1076 2858 1582 2930 Radicalismus;
1628 2860 1773 2938 quia
1842 2867 2035 2922 totam
2078 2862 2348 2939 ⁶civilem
2414 2863 2787 2924 societatem

228 2938 510 3001 radicibus
555 2941 727 3000 eruit
772 2939 933 3002 imis.
982 2937 1049 3000 ln
1095 2955 1171 3000 eo
1215 2941 1385 3001 enim
1434 2943 1595 3002 situs
1641 2950 1756 3014 est,
1806 2950 1870 3002 ut
1916 2941 1994 3002 de
2060 2942 2271 3003 medio
2320 2941 2500 3004 tollat
2565 2958 2784 3022 quam-

224 3033 441 3098 cunque
506 3027 885 3097 potestatem
933 3021 998 3081 in
1065 3020 1326 3094 mundo,
1374 3029 1436 3082 et
1502 3021 1939 3101 cujuscunque
2004 3023 2261 3101 generis
2321 3025 2631 3100 regimen,
2676 3022 2786 3086 do·

226 3112 351 3160 cens
389 3115 630 3170 omnes,
672 3108 738 3162 et
781 3099 1070 3178 singulos
1134 3105 1305 3162 cives
1370 3100 1597 3180 aequali
1643 3105 2028 3164 auctoritate
2095 3103 2398 3181 praeditos
2463 3120 2624 3178 esse,
2670 3118 2788 3167 nec

231 3195 390 3241 unum
427 3179 614 3242 alteri
663 3197 939 3258 praeesse
985 3198 1205 3259 posse;
1255 3181 1523 3261 ideoque
1567 3181 1993 3263 quodcunque
2057 3183 2446 3261 gubernium
2510 3185 2629 3263 ipsi
2678 3200 2783 3247 na‘

230 3265 363 3321 turae
389 3260 718 3322 hominum
755 3277 1017 3338 prorsus
1067 3261 1414 3324 adversari.
1466 3262 1817 3323 Monstrum
1876 3272 1999 3324 tam
2064 3279 2339 3325 immane
2398 3264 2790 3341 exhibuisse,

230 3339 504 3403 refutasse
546 3350 644 3402 est
674 3340 723 3403 ³.
766 3341 817 3402 A
860 3339 1334 3420 Communismo
1379 3342 1597 3404 differt
1629 3341 2115 3420 RadicalismuS,
2150 3343 2316 3422 quod
2366 3346 2610 3421 primus
2648 3363 2787 3423 pro·

229 3417 423 3484 clamat
449 3421 883 3500 aequalitatem
909 3423 1194 3485 omnium
1226 3423 1460 3484 civium
1492 3424 1556 3485 in
1592 3424 1818 3497 bonis-3
1854 3423 2018 3486 aiter
2044 3424 2475 3504 aequalitatem
2503 3429 2792 3490 omnium

228 3502 426 3563 civium
472 3503 539 3563 in
584 3503 998 3565 auctoritate:
1046 3501 1156 3564 ille
1203 3501 1524 3565 inficiatur
1563 3503 1671 3580 jus
1718 3505 2147 3583 proprietatis,
2198 3507 2316 3568 iste
2355 3505 2465 3584 jus
2510 3509 2790 3585 imperii.

359 3579 424 3658 b)
468 3582 949 3659 RadicalismuS,
995 3599 1121 3644 non
1167 3599 1348 3644 secus
1393 3599 1465 3645 ac
1531 3583 2042 3647 Communismus
2088 3585 2440 3649 habebatur
2508 3603 2540 3649 a
2591 3587 2788 3667 pluri·

234 3660 330 3721 mis
369 3671 580 3741 utpote
629 3661 919 3740 putidum
966 3664 1446 3742 imaginationis
1492 3665 1867 3743 figmentum
1911 3666 1987 3728 ad
2036 3683 2170 3729 rem
2208 3668 2476 3730 minime
2508 3666 2792 3730 docibile

230 3738 416 3819 (vulgo
460 3744 732 3822 αἰθρία).
776 3742 936 3815 Quid
983 3761 1136 3822 ergo
1184 3744 1614 3807 fervescentes
1660 3762 1878 3808 eorum
1919 3758 2213 3810 auctores
2256 3756 2319 3810 et
2362 3747 2680 3812 asseclae‘l
2725 3757 2795 3811 ut

233 3822 631 3898 ostenderent,
674 3834 740 3885 et
773 3824 1341 3899 Communismum‚
1389 3834 1452 3886 et
1483 3824 1976 3888 Radicalismum
2014 3843 2126 3906 pro
2163 3828 2328 3890 bono
2358 3829 2683 3890 societatis
2714 3828 2793 3890 ad

230 3902 490 3989 effectum
540 3904 756 3966 reduci
803 3920 1007 3982 posse,
1070 3905 1402 3966 methodos
1467 3909 1606 3968 sine
1654 3922 1921 3969 numero
1988 3908 2387 3970 induxerunt
2431 3907 2526 3987 (et
2583 3908 2792 3971 adhuc

236 3981 512 4046 inducunt
552 4001 721 4062 saepe
764 3986 957 4047 etiam
1001 4000 1216 4047 secum
1264 3987 1537 4048 invicem
1578 3986 2133 4058 contradicentes)
2163 3989 2227 4050 in
2262 3986 2604 4051 Germania
2639 4006 2793 4068 prae·

234 4066 423 4126 sertim
463 4073 529 4128 et
569 4063 814 4139 Gallia;
861 4064 1014 4127 licet
1057 4063 1438 4144 complures,
1485 4074 1552 4128 ut
1596 4069 1831 4128 minori
1882 4073 2145 4147 populos
2196 4070 2428 4130 timore
2474 4070 2791 4132 doctrinis

234 4143 340 4202 suis
402 4147 745 4224 exagitent,
815 4153 1153 4224 utrumque
1222 4157 1582 4224 temperare
1646 4147 1970 4220 studeant,
2021 4165 2092 4210 ac
2167 4148 2379 4210 verbis
2450 4152 2517 4211 in
2582 4167 2610 4211 s
2659 4152 2797 4215 ecie

242 4219 454 4287 blandis
497 4234 562 4287 et
604 4228 955 4288 mansuetis
1001 4226 1209 4288 lenire
1254 4228 1565 4289 nitantur.
1635 4227 1870 4290 Harum
1916 4228 2363 4292 methodorum
2436 4244 2619 4311 comp
2648 4233 2798 4295 exio

237 4309 503 4377 generico
549 4304 905 4370 Socialiami
950 4306 1257 4370 vocabulo
1300 4305 1464 4369 solet
1507 4307 1834 4387 designari
1868 4305 1916 4369 ⁴.

288 4473 307 4514 ¹
335 4478 411 4529 Ps.
442 4490 592 4531 exin.
870 4451 875 4464 ⁵
1460 4479 1485 4520 ²
1518 4479 1662 4531 Orat.
1697 4480 1758 4531 de
1787 4494 1826 4531 s.
1860 4481 1994 4532 Phil.

291 4537 311 4576 ⁸
342 4540 392 4588 V.
424 4542 692 4604 Apologus
724 4542 944 4593 Menenil
979 4543 1220 4606 Agrippae
1252 4541 1318 4593 de
1355 4541 1606 4594 membris
1640 4542 1864 4596 humani
1898 4544 2137 4608 corporis
2172 4545 2428 4599 adversus
2454 4548 2798 4602 stomachum

238 4602 635 4665 conspirantibus
668 4616 828 4666 penes
861 4605 1036 4655 Titum
1075 4606 1303 4663 Livium,
1341 4605 1377 4654 l.
1414 4617 1471 4655 ιι.
2583 4617 2586 4622 ·

294 4660 314 4700 ⁴
349 4686 363 4705 ·
396 4666 677 4717 Proudhon
711 4667 779 4716 lia
807 4667 972 4717 detto:
1008 4668 1078 4717 La
1117 4666 1385 4729 propriata
1418 4667 1446 4718 e
1481 4677 1552 4718 un
1586 4667 1762 4729 tnrto;
1794 4681 1906 4719 ecco
1940 4670 1981 4720 il
2016 4649 2381 4723 Comanis’mo!
2416 4674 2489 4724 Lo
2522 4673 2703 4726 stesso
2736 4677 2804 4726 ka

239 4727 497 4787 cominatu:
531 4729 573 4780 11
609 4729 824 4793 peggior
856 4729 994 4780 male
1027 4729 1111 4781 del
1142 4729 1343 4782 mondo
1375 4741 1511 4781 sono
1544 4731 1560 4781 i
1597 4731 1855 4794 Gox·erni;
1890 4743 2001 4806 ecco
2034 4734 2073 4783 it
2107 4736 2494 4787 Radicatismo!
2524 4734 2569 4785 ll
2606 4739 2803 4789 Comu-
