3292 5167
538 201 669 270 288
1234 222 1350 267 un.
1397 221 1462 266 11.
1510 218 1721 266 raam.
1767 218 1846 265 vi.
1892 218 2040 266 mss.
2088 220 2168 266 ιν.
2218 220 2349 266 cn.
2397 220 2461 266 n.

713 329 774 394 2.
815 325 1199 404 Novatione;
1244 342 1394 411 quae
1457 332 1675 392 tamen
1718 341 1851 392 non
1917 327 2364 410 praesumitur,
2415 324 2533 395 sed
2580 323 2848 413 probari
2912 322 3172 409 debet,

536 434 767 501 Evenit
814 431 1078 519 quando
1126 432 1226 501 vel
1274 450 1441 501 nova
1495 448 1647 517 erga
1697 430 2095 500 creditorem
2144 433 2575 503 constituitur
2619 432 2980 520 obligatio,
3035 448 3162 503 ve-

537 539 659 607 teri
707 538 1022 608 extincta:
1057 544 1234 607 esset
1279 537 1335 607 si
1383 536 1564 624 quod
1608 545 1678 605 tu
1750 537 1909 605 mihi
1949 535 2151 608 debes
2200 558 2280 609 ex
2314 548 2559 627 empto,
2598 540 3032 627 paciscamur
3079 546 3168 608 ut

535 644 697 713 illud
745 664 825 713 ex
874 652 1030 714 tunc
1068 651 1372 714 mutuum
1420 644 1662 712 habeas
1710 642 1778 724 ¹3
1826 643 1927 711 vel
1977 645 2493 715 novusrdebitor
2536 647 2974 715 substituitur
3035 663 3170 713 an·

536 752 722 839 tiquo
771 752 881 838 qui
919 752 1065 821 ideo
1100 770 1135 819 a
1176 751 1502 821 creditore
1540 751 1859 819 liberatur
1873 776 1891 832 ;
1927 752 2026 820 vel
2058 752 2329 840 antiquo
2362 753 2673 823 creditori
2715 771 2927 822 novus
2981 753 3169 821 sub·

535 860 733 928 intrat
786 861 941 945 (art.
993 861 1165 929 1267
1215 865 1279 928 et
1329 859 1567 946 seqq.).
2689 934 2696 942 ‚

717 971 776 1036 3.
830 968 1216 1054 confusione,
1262 967 1436 1036 idest
1482 965 1688 1035 debiti
1736 970 1801 1033 et
1850 964 2081 1034 crediti
2132 967 2199 1034 in
2235 968 2514 1038 eandem
2561 982 2919 1055 personam
2987 984 3174 1035 reu·

540 1075 757 1159 nione,
808 1076 900 1143 uti
949 1082 1125 1144 esset
1172 1075 1227 1143 si
1277 1074 1566 1145 creditor
1609 1072 1722 1140 fiat
1791 1072 2007 1143 haeres
2056 1075 2158 1142 sui
2207 1073 2527 1144 debitoris
2578 1078 2733 1161 (art.
2786 1077 3025 1161 1296).

716 1185 776 1249 4.
824 1182 934 1249 Rei
976 1181 1188 1250 debitoe
1222 1182 1500 1263 interitu,
1547 1180 1601 1249 si
1651 1184 1886 1263 agatur
1927 1174 2009 1246 de
2044 1197 2114 1248 re
2162 1187 2338 1250 certa
2371 1189 2438 1250 et
2470 1180 2927 1264 determinata,
2981 1196 3170 1267 quae

537 1286 787 1374 absque
834 1287 1024 1373 culpa
1057 1286 1374 1355 debitoris
1435 1286 1799 1367 interierit,
1877 1295 1947 1356 ut
1997 1294 2117 1370 est,
2168 1306 2225 1355 v.
2279 1306 2337 1373 g.
2409 1288 2558 1356 talis
2607 1306 2856 1374 equus:
2909 1294 3160 1355 cessat

538 1395 851 1481 obligatio
902 1394 1238 1477 debitoriS,
1273 1394 1329 1462 si
1379 1413 1589 1481 equus
1631 1397 1739 1466 ille
1777 1403 2021 1484 pereat,
2058 1396 2182 1464 nisi
2220 1397 2360 1482 ipse
2394 1414 2466 1464 se
2500 1395 2891 1481 obligaverit
2927 1395 3161 1463 etiam

539 1503 618 1572 ad
667 1523 856 1572 casus
887 1505 1215 1573 fortuitos.
1250 1504 1443 1572 Aliud
1477 1504 1848 1591 dicendum,
1889 1507 1944 1574 si
1979 1512 2208 1591 agatur
2242 1504 2324 1572 de
2358 1503 2583 1572 debito
2620 1503 2713 1571 rei
2748 1504 3042 1572 incertae
3090 1508 3166 1571 et

538 1610 1103 1693 indeterminatae3
1155 1628 1305 1679 nam
1354 1630 1560 1697 genus
1611 1632 1743 1680 non
1780 1613 1983 1700 perit:
2028 1611 2202 1681 unde
2250 1611 2304 1679 si
2352 1611 2468 1681 tibi
2518 1611 2946 1696 promiserim
2997 1629 3154 1678 non

538 1734 746 1785 unum
785 1735 863 1785 ex
889 1718 1050 1786 meis
1103 1718 1312 1805 equis
1362 1719 1479 1786 sed
1528 1737 1773 1805 equum
1825 1721 1888 1788 in
1927 1737 2188 1805 genere,
2236 1724 2456 1786 manet
2492 1715 2827 1802 obligatio,
2866 1715 3160 1784 etiamsi

540 1841 771 1893 omnes
829 1824 978 1910 equi
1027 1825 1155 1892 mei
1202 1823 1541 1911 perierint,
1587 1833 1652 1893 et
1700 1832 1934 1894 teneor
1965 1842 2183 1894 emere
2232 1824 2434 1891 alium
2466 1839 2732 1909 equum,
2769 1840 2981 1908 quem
3029 1820 3160 1891 tibi

538 1930 790 1999 tradam
821 1939 871 1998 ².
899 1933 1225 2015 Ceterum,
1254 1951 1653 2019 quocunque
1693 1933 1954 2001 tandem
1989 1931 2186 2000 modo
2223 1950 2329 1998 res
2368 1932 2544 1998 furto
2578 1928 2791 1997 ablata
2827 1930 3159 2015 perierit,

539 2055 876 2123 nunquam
922 2038 1154 2107 liberat
1203 2039 1414 2106 furem
1464 2039 1543 2107 ab
1593 2040 1734 2126 ejus
1787 2041 1997 2126 pretio
2047 2036 2385 2107 reddendo
2444 2038 2592 2121 (art.
2654 2037 2882 2122 1298).

717 2147 779 2211 5.
824 2145 1073 2212 Actione
1117 2146 1425 2213 nullitatis
1472 2146 1570 2215 vel
1610 2148 2014 2214 rescissionis
2067 2145 2255 2213 Nulla
2303 2144 2680 2212 declaratur
2717 2142 3056 2228 obligatio
3095 2143 3160 2211 si

541 2248 856 2318 defecerit
902 2251 965 2316 in
1014 2251 1588 2336 substantialibus,
1641 2261 1710 2320 ut
1759 2253 1813 2321 si
1872 2251 2297 2323 intervenerit
2348 2250 2582 2332 dolus,
2635 2250 2762 2333 vis,
2825 2266 3032 2317 error
3082 2249 3164 2315 in

540 2374 611 2424 re
644 2356 1078 2425 substantiali.
1113 2358 1531 2426 Rescinditur
1564 2361 1619 2427 si
1677 2360 2101 2429 intervenerit
2137 2360 2353 2440 laesio;
2404 2357 2616 2443 gravis
2675 2364 2921 2439 tamen,
2972 2354 3164 2423 alio·

539 2462 697 2549 quin
768 2463 871 2529 vix
940 2463 1113 2531 ullus
1178 2471 1554 2532 contractus
1605 2464 1832 2534 firmus
1889 2473 2065 2555 esset
2120 2461 2170 2533 ³.
2220 2464 2402 2534 Unde
2453 2464 2603 2531 licet
2651 2462 2719 2530 in
2768 2461 3154 2531 conscien—

537 2569 625 2638 tia
672 2589 935 2656 semper
976 2570 1149 2639 adsit
1205 2570 1517 2655 obligatio
1576 2571 1947 2657 corrigendi
1999 2590 2382 2655 excessum,
2435 2590 2514 2639 ne
2566 2572 2717 2656 quis
2773 2588 2856 2638 ex
2908 2570 3158 2640 alieno

539 2677 1013 2763 locupletetur;
1059 2684 1343 2746 attamen
1378 2677 1432 2746 si
1467 2678 1654 2747 laesio
1685 2698 1815 2747 non
1850 2679 1934 2748 sit
1977 2679 2210 2765 gravis,
2251 2676 2561 2747 rescissio
2599 2677 2664 2744 in
2699 2674 2962 2762 judicio
3005 2694 3160 2746 non

537 2785 920 2852 admittitur.
978 2787 1124 2872 Ipsa
1172 2793 1393 2854 autem
1448 2787 1768 2856 nullitatis
1817 2794 1881 2856 et
1929 2786 2350 2856 rescissionis
2421 2785 2594 2852 actio
2647 2802 2766 2869 per
2822 2784 3158 2869 quinque

537 2912 745 2962 annos
795 2893 1003 2977 durat,
1050 2894 1172 2961 nisi
1225 2878 1412 2961 aliter
1454 2901 1719 2963 cautum
1767 2895 1888 2962 sit:
1952 2894 2130 2980 quod
2181 2901 2443 2978 tempus
2494 2891 2717 2978 quoad
2764 2892 2902 2958 vim
2960 2892 3152 2960 inci-

536 3000 633 3087 pit
680 3019 715 3067 a
762 2997 866 3067 die
915 2999 1055 3085 ejus
1105 3000 1493 3070 cessationis
1509 3026 1529 3082 3
1577 3000 1797 3087 quoad
1844 3019 2137 3069 errorem
2198 3000 2298 3069 vel
2348 2998 2574 3066 dolum
2623 3016 2660 3064 a
2709 2995 2816 3066 die
2867 3014 3014 3083 qua
3070 2997 3151 3065 il-

535 3106 753 3176 lorum
800 3106 1088 3190 cognitio
1138 3107 1353 3176 habita
1402 3108 1558 3189 fuit3
1608 3108 1828 3194 quoad
1875 3108 2266 3176 interdictos
2318 3114 2385 3175 et
2433 3104 2900 3173 inhabilitatos
2938 3122 2980 3171 a
3035 3104 3162 3174 die

537 3230 664 3299 qua
711 3213 1084 3283 interdictio
1141 3214 1240 3280 vel
1295 3214 1669 3283 inhabilitas
1732 3216 2043 3297 cessavit3
2110 3213 2328 3302 quoad
2393 3214 2686 3280 minores
2746 3230 2782 3277 a
2817 3210 2942 3279 die
3009 3229 3160 3298 qua

539 3322 855 3407 majorem
884 3329 1147 3390 aetatem
1181 3321 1399 3408 adepti
1439 3330 1621 3405 sunt3
1658 3324 1878 3411 quoad
1912 3342 2152 3393 uxores
2187 3343 2222 3392 a
2259 3324 2363 3393 die
2397 3322 2598 3391 soluti
2632 3320 3060 3390 matrimonii
3101 3316 3162 3376 ⁴-

629 3429 855 3509 Quoad
903 3430 1230 3498 actionem
1274 3431 1581 3498 nullitatis
1616 3432 1891 3518 insuper
1936 3430 2298 3500 notandum
2346 3438 2483 3498 est:
2526 3429 2671 3497 haec
2718 3428 2894 3498 actio
2932 3446 3164 3514 gene-

539 3537 731 3604 ratim
792 3536 1198 3606 admittitur:
1254 3538 1318 3623 1)
1375 3539 1427 3606 si
1492 3557 1624 3606 non
1681 3540 1924 3608 fuerint
1993 3540 2358 3608 observatas
2417 3537 2904 3631 solemnitateS,
2976 3555 3165 3623 quae

538 3643 927 3730 speciatium
974 3645 1079 3713 lex
1143 3645 1514 3732 praescribit
1563 3666 1682 3734 pro
1733 3646 2069 3715 nonnullis
2127 3644 2622 3726 contractibus;
2668 3647 2737 3729 2)
2787 3644 2840 3713 si
2907 3645 3168 3713 minor

538 3767 670 3820 non
718 3751 1165 3837 emancipatus
1213 3758 1433 3820 actum
1481 3753 1758 3838 perfecit
1808 3754 1949 3821 sine
1998 3753 2171 3821 illius
2221 3769 2580 3833 concursu,
2621 3750 2731 3836 qui
2765 3745 2997 3835 ipsum
3053 3751 3161 3821 le-

538 3858 765 3944 gitime
810 3864 1280 3945 repraesentat;
1332 3861 1398 3945 3)
1447 3861 1502 3927 si
1552 3861 1774 3929 minor
1798 3859 2248 3947 emancipatus
2296 3877 2332 3926 a
2380 3878 2452 3928 se
2503 3859 2648 3945 ipso
2698 3863 2920 3925 actum
2977 3876 3162 3943 per-

600 4106 622 4147 1
655 4127 679 4181 .‘
716 4108 738 4157 Ι
774 4108 1005 4220 privilegi
1039 4121 1069 4159 e
1100 4108 1152 4181 le
1183 4108 1421 4169 ipoteche
1451 4107 1536 4159 del
1570 4090 1770 4159 credito
1803 4109 2066 4160 anteriore
2113 4118 2221 4159 non
2272 4117 2506 4171 passauo
2555 4104 2610 4155 in
2642 4103 2820 4168 quello
2851 4104 2953 4157 ebe
2991 4104 3076 4167 gli
3129 4108 3170 4158 ὲ

536 4170 827 4229 sostitutto,
862 4183 919 4222 se
953 4184 967 4220 1
1016 4171 1274 4222 creditore
1308 4181 1417 4221 nou
1454 4182 1520 4221 ne
1551 4171 1621 4220 ba
1651 4170 1782 4223 fatto
1815 4182 2058 4235 espressa
2092 4170 2295 4222 riserva
2329 4171 2458 4229 (art.
2496 4168 2652 4228 ηπ).
2691 4183 2710 4207 υ

597 4232 622 4272 ²
658 4251 677 4275 ι
715 4232 779 4283 Se
810 4232 1055 4294 l'oggetto
1087 4231 1353 4283 dell'obbli
1391 4234 1573 4284 azioue
1624 4244 1733 4284 non
1781 4232 1921 4286 losse
1954 4233 2303 4285 determinato
2337 4232 2434 4283 che
2467 4231 2670 4295 quanto
2703 4226 2809 4279 alla
2858 4229 3082 4291 specie,
3119 4230 3166 4281 il

537 4292 634 4346 che
664 4294 946 4344 cbiamano
1014 4294 1047 4344 li
1084 4294 1254 4346 autori
1291 4294 1350 4344 ob
1374 4295 1527 4357 tyatio
1591 4297 1760 4347 enei-is
1792 4297 1905 4359 (per
1935 4296 2191 4358 esempim
2225 4307 2282 4345 se
2314 4295 2367 4345 io
2402 4292 2455 4343 vi
2489 4293 2698 4343 doveva
2745 4290 2811 4341 50
2833 4291 3057 4342 -saccni
3097 4291 3162 4344 di

535 4365 721 4467 granc,
755 4354 936 4407 3botti
1007 4357 1022 4406 i
1053 4357 1219 4429 vino),
1254 4355 1316 4430 la·
1339 4359 1446 4408 mia
1479 4310 1845 4430 obgligazione
1871 4371 1987 4430 ‚non
2024 4355 2274 4419 potrebbe
2305 4355 2434 4406 dirsi
2467 4354 2663 4405 estinta
2696 4363 2788 4425 per
2831 4350 2883 4401 la
2917 4352 3162 4415 perdita

573 4417 674 4467 ella
706 4428 833 4467 cosa
862 4417 1081 4481 dovuta,
1115 4419 1329 4481 glacche
1359 4420 1405 4470 le
1438 4430 1463 4468 s
1503 4430 1611 4471 ecte
1644 4431 1752 4472 non
1778 4430 2083 4484 periscono:
2120 4430 2276 4480 uenus
2308 4429 2570 4480 nunquam
2600 4418 2752 4477 perit.
2773 4432 2815 4488 .-

602 4480 624 4518 ⁸
657 4479 771 4530 Erit
802 4479 976 4540 gravis
1009 4480 1156 4532 laesio
1190 4480 1301 4531 sive
1332 4479 1460 4531 dimi
1501 4483 1611 4532 ium
1642 4482 1770 4545 justi
1812 4481 1961 4544 pretii
1996 4481 2238 4541 excedat,
2271 4480 2325 4535 et
2353 4480 2547 4532 dicitur
2579 4487 2845 4540 enormts;
2895 4476 3024 4530 sive
3061 4491 3168 4531 ex-

537 4538 689 4592 cedat
721 4539 856 4591 duas
888 4541 1071 4593 tertias
1104 4540 1281 4606 partes
1313 4544 1406 4594 aut
1436 4555 1527 4595 eas
1559 4557 1602 4595 ae
1645 4547 1733 4597 uet
1761 4544 1989 4603 tautum,
2024 4546 2076 4595 et
2105 4541 2295 4596 dicitur
2325 4543 2473 4593 laesio
2503 4540 2880 4593 enormi-ssime.

541 4601 945 4715 C⁴itrgb313ffl3
1004 4630 1066 4642 -
1116 4605 1170 4656 C.
1225 4603 1272 4656 S.
1327 4605 1572 4668 1238;-
1663 4645 1675 4656 .
1727 4607 1785 4658 P.
1821 4607 2068 4668 12853-
2114 4605 2171 4656 C.
2223 4605 2296 4657 Μ.
2349 4605 2500 4668 1363;
2548 4629 2613 4642 -
2662 4603 2715 4654 C.
2768 4602 2831 4652 G.
2869 4601 3046 4667 130⁴.;
3087 4625 3170 4642 -
