3292 5167
1061 253 1142 301 nu
1189 250 1622 301 nasa-ireneus
1668 255 1731 301 m
1779 252 2017 300 oznaim
2181 300 2191 311 ,
2736 219 2868 301 435

274 350 463 436 iiam,-
514 372 647 425 non
698 372 850 424 vero
901 362 973 423 ut
1021 373 1103 424 ex
1171 354 1570 425 detrimento
1645 354 1811 426 furis
1858 354 2061 424 ditior
2123 352 2386 436 evadat;
2437 355 2559 424 nisi
2626 355 2732 424 fur
2803 355 2870 425 in

275 458 538 552 poenam
589 463 669 530 ad
716 458 1042 547 expensas
1088 450 1483 532 emittendas
1531 432 2009 533 condemna'tus
2050 462 2253 532 -l'uerit
2301 480 2337 529 a
2378 462 2602 549 judice
2656 468 2703 530 1.

362 558 572 638 Cau.
624 574 697 654 Q.
746 573 807 640 7.
860 566 1022 654 Quid
1064 572 1121 638 si
1166 590 1266 639 res
1308 573 1518 639 aliena
1563 572 1777 640 ablata
1822 570 1994 659 apud
2036 570 2244 656 furem
2283 572 2602 659 perierit?

361 679 434 746 R.
483 677 550 745 Si
592 695 700 747 res
738 677 952 746 ablata
994 675 1170 763 apud
1207 676 1420 745 furem
1457 677 1748 763 perierit,
1787 685 2049 746 tenetur
2086 676 2191 745 fur
2222 677 2303 744 ad
2337 678 2514 747 illius
2561 680 2868 764 pretium,

275 784 397 854 etsi
450 783 720 870 perierit
766 785 1019 871 absque
1067 784 1198 852 ulla
1247 785 1390 870 ejus
1446 784 1544 853 vel
1593 785 1864 852 alterius
1914 784 2126 870 culpa,
2180 784 2298 852 sed
2346 803 2501 853 casu
2554 786 2868 871 fortuit03

274 910 428 960 nam
474 892 579 959 fu'r
625 910 764 961 rem
813 890 1246 963 subducendo
1296 897 1511 961 totum
1559 892 1655 961 rei
1705 890 2073 978 periculum
2120 891 2186 959 in
2235 911 2308 961 se
2379 892 2676 978 suscipit.
2738 895 2866 961 Ex-

272 999 438 1084 cipe,
493 999 557 1067 in
607 997 934 1067 sententia
985 996 1435 1066 communiter
1493 1003 1785 1084 accepta,
1837 997 1962 1066 nisi
2010 996 2208 1066 etiam
2282 999 2457 1084 apud
2500 998 2868 1067 ‘dominum

271 1123 377 1174 res
428 1106 660 1175 fuisset
708 1123 901 1192 aeque
951 1106 1273 1191 peritura;
1320 1106 1374 1173 si
1427 1105 1603 1174 enim
1656 1112 1881 1191 pereat
1931 1105 2107 1191 apud
2160 1124 2621 1190 possessorem
2670 1107 2859 1175 malae

271 1212 424 1281 fidei
473 1214 725 1301 absque
774 1232 891 1283 sua
941 1213 1037 1283 vel
1087 1213 1358 1282 alterius
1402 1214 1615 1311 culpa,
1670 1221 1735 1282 et
1783 1212 2018 1282 eodem
2093 1220 2392 1300 tempore
2442 1231 2516 1283 ac
2567 1215 2865 1299 periculo

271 1321 505 1390 fuisset
555 1322 801 1408 pariter
850 1340 1050 1407 penes
1100 1321 1444 1389 dominum
1494 1330 1676 1390 certo
1746 1323 2055 1407 peritura,
2130 1340 2186 1389 v.
2236 1340 2294 1407 g.
2359 1322 2424 1390 in
2489 1322 2724 1391 eodem
2772 1323 2869 1389 in-

272 1428 539 1513 cendi0,
591 1437 749 1497 tune
795 1430 860 1497 in
909 1429 1055 1497 foro
1108 1414 1366 1497 interno
1420 1446 1772 1515 possessor
1805 1426 1996 1497 malae
2047 1414 2196 1497 fidei
2250 1449 2378 1499 non
2420 1422 2755 1499 tenebitur
2787 1429 2866 1497 ad

270 1535 789 1607 restitutionem.
840 1534 1148 1618 Quamvis
1197 1535 1370 1603 enim
1422 1536 1669 1604 furtum
1718 1553 1870 1605 cum
1908 1535 2153 1621 injuria
2186 1537 2614 1606 commissum
2647 1536 2863 1619 fuerit,

271 1662 402 1711 non
453 1643 577 1710 fuit
627 1653 843 1713 tamen
894 1661 1088 1711 causa
1143 1643 1362 1710 damni
1410 1630 1643 1712 >effieax
1709 1652 1774 1712 et
1845 1643 2159 1730 positiva;
2236 1663 2381 1712 nam
2458 1662 2574 1730 per
2628 1645 2867 1714 subse-

277 1759 595 1834 quentem
645 1766 871 1821 casum
921 1748 1204 1817 incendii
1258 1744 1653 1831 verificatur,
1703 1749 1885 1835 quod
1933 1751 2105 1818 actio
2156 1750 2318 1818 furis
2369 1769 2501 1818 non
2538 1756 2678 1818 erat
2714 1754 2866 1819 vere

274 1854 615 1937 damnosa,
666 1862 863 1942 prout
913 1852 1288 1941 putabatur.

357 1966 440 2034 Ut
489 1970 711 2030 tamen
760 1976 1115 2048 possessor
1162 1963 1373 2030 malus
1421 1980 1539 2031 seu
1589 1962 1696 2031 fur
1741 1961 2063 2030 liberetur
2106 1963 2176 2030 in
2219 1946 2359 2048 foro
2390 1963 2633 2029 interm
2681 1978 2715 2028 a
2764 1980 2865 2039 re-

272 2072 643 2153 stitutione,
699 2070 1078 2155 requiritur,
1128 2077 1203 2138 ut
1250 2082 1355 2138 res
1406 2070 1679 2138 omnino
1731 2076 1955 2155 pereat
1986 2070 2120 2136 sine
2164 2088 2285 2137 sua
2329 2072 2537 2158 σπῖρα,
2570 2070 2866 2135 eteoclem

285 2190 556 2265 tempore
600 2198 676 2246 ac
714 2177 1014 2265 pericula,
1051 2195 1172 2262 quo
1211 2177 1498 2265 periisset
1535 2198 1728 2265 penes
1774 2176 2113 2244 dominum.
2166 2164 2358 2245 Esset
2416 2176 2471 2245 si
2536 2177 2683 2263 quis
2747 2176 2862 2246 im·

274 2285 570 2353 minente
621 2283 981 2370 naufragiO,
1024 2284 1338 2370 surripiat
1409 2286 1593 2353 socio
1643 2298 1754 2351 vas
1801 2303 2098 2366 aureum,
2165 2285 2279 2353 sed
2354 2292 2582 2369 postea
2658 2283 2864 2369 magis

279 2400 604 2461 aestuante
656 2398 1070 2478 tempestate,
1122 2409 1354 2460 omnes
1389 2408 1644 2461 merces
1695 2410 1822 2460 una
1872 2410 2024 2461 cum
2073 2408 2224 2460 vase
2259 2394 2404 2477 ipso
2440 2392 2703 2461 sublato
2741 2411 2863 2460 un-

276 2496 376 2567 dis
427 2498 932 2567 absorbeantur.

358 2604 696 2672 Diximus:
737 2606 795 2671 l.
831 2603 974 2671 Sine
1003 2622 1122 2671 sua
1152 2605 1377 2701 σπῖρα,-
1409 2603 1464 2672 sl
1499 2602 1676 2673 eni‘m
1710 2605 1854 2692 ipse
1901 2612 2052 2673 ante
2103 2604 2470 2690 perieulum
2519 2624 2658 2673 rem
2708 2622 2863 2671 con-

271 2712 574 2799 sumpsit,
624 2710 725 2781 vel
772 2729 850 2778 ex
901 2710 1296 2809 negligentia
1349 2710 1659 2796 eulpabili
1711 2729 1853 2780 eam
1893 2706 2201 2798 perdidit,
2249 2711 2508 2780 videtur
2556 2710 2859 2780 excusari

267 2817 401 2888 non
441 2834 640 2907 posse
687 2836 722 2886 a
771 2810 1236 2901 restitutione;
1283 2817 1433 2904 quia
1486 2818 1804 2904 obligatio
1856 2823 2014 2889 tunc
2087 2819 2291 2888 evasit
2342 2818 2730 2905 personalis,
2783 2820 2855 2885 ut

269 2927 714 2997 communiter
761 2926 1032 3009 dieunt,
1083 2924 1206 2996 etsi
1255 2922 1475 2995 forsan
1528 2946 1632 2995 res
1682 2927 1897 2995 adhue
1946 2928 2273 3014 periisset.

446 3036 509 3102 2.
557 3034 789 3102 Eodem
834 3044 1104 3121 tempore
1149 3050 1226 3100 ac
1267 3035 1582 3121 periculo.-
1632 3050 1778 3101 nam
1830 3034 1882 3101 si
1958 3042 2261 3103 cessante
2332 3037 2663 3104 communi
2739 3035 2855 3105 illo

266 3140 586 3226 periculo,
636 3140 740 3208 sur
773 3159 906 3208 non
941 3130 1270 3225 restituat,
1320 3147 1386 3208 et
1434 3138 1666 3226 postea
1740 3154 1845 3209 res
1919 3144 2145 3227 pereat
2218 3140 2283 3209 in
2356 3142 2482 3211 alio
2559 3141 2855 3227 periculo
2955 3126 2963 3133 ⁶

266 3242 796 3335 superveniente,
826 3247 1086 3317 videtur
1109 3248 1193 3315 ad
1218 3249 1712 3317 restitutionem
1756 3248 2003 3331 teneri3
2052 3250 2202 3335 quia
2255 3269 2386 3317 non
2439 3249 2853 3319 restituendo

264 3361 569 3440 tempore
617 3350 841 3423 debito
889 3355 1012 3423 fuit
1066 3357 1130 3423 in
1179 3352 1363 3424 mora
1412 3350 1746 3450 eulpabili.
1785 3360 1864 3423 At
1898 3357 2336 3442 probabiliter
2383 3357 2596 3425 adhuc
2631 3358 2851 3444 ipsum

265 3454 627 3544 excusant,
677 3462 730 3530 si
780 3454 1149 3531 seeundum
1190 3461 1557 3548 perieulum
1595 3462 1789 3531 fuerit
1840 3480 2032 3548 aeque
2081 3480 2461 3545 eommune3
2512 3470 2669 3532 tunc
2722 3466 2853 3533 nou

262 3585 471 3651 mora,
522 3569 637 3638 sed
689 3570 1057 3654 periculum
1105 3587 1372 3656 semper
1420 3569 1657 3639 luisset
1706 3571 1936 3639 efficax
1983 3588 2178 3641 causa
2228 3570 2469 3640 damni.

443 3679 502 3745 3.
551 3682 631 3745 In
675 3679 813 3763 foro
860 3679 1144 3745 interno:
1195 3696 1341 3745 nam
1393 3678 1457 3745 in
1502 3678 1643 3746 foro
1694 3685 1971 3746 externo
2036 3678 2113 3745 ad
2189 3679 2534 3764 quodlibet
2604 3680 2852 3748 fraudis

263 3785 636 3870 perieulum
707 3782 1134 3853 avertendum
1193 3792 1390 3872 atque
1462 3784 1872 3872 puniendam
1920 3786 2158 3853 malam
2192 3786 2411 3870 fidem,
2462 3787 2606 3873 lege
2656 3784 2852 3871 civili,

265 3898 672 3980 quoeunque
723 3890 988 3961 tandem
1048 3892 1247 3962 modo
1297 3912 1371 3961 ae
1421 3896 1720 3978 tempore
1755 3912 1859 3962 res
1909 3894 2141 3962 furtiva
2182 3894 2472 3981 perierit,
2517 3912 2782 3991 semper
2817 3910 2853 3961 a

256 3997 481 4084 judice
509 3998 944 4085 obligaturad
970 3998 1462 4067 restitutionem
1484 3998 1673 4067 malae
1702 3999 1851 4067 fidei
1877 4018 2230 4084 possessor
2250 4011 2403 4085 (arc.
2430 4002 2628 4084 1298)
2657 3997 2685 4040 ⁸
2714 4000 2850 4085 (A).

349 4105 557 4171 645.
610 4111 681 4189 Q.
729 4110 791 4175 8.
835 4108 998 4190 Quid
1030 4108 1090 4175 si
1111 4107 1386 4194 pretium
1417 4107 1556 4193 quis
1587 4106 1857 4194 accipiat
1885 4126 2005 4193 pro
2036 4128 2103 4174 re
2116 4110 2259 4195 jam
2292 4109 2369 4175 ab
2398 4109 2530 4195 ipso
2556 4106 2855 4176 debita⁰i>

345 4219 420 4285 R.
462 4216 528 4283 Si
581 4232 686 4283 res
734 4210 862 4297 illa,
912 4232 1034 4299 pro
1082 4231 1209 4300 qua
1259 4216 1407 4301 quis
1455 4210 1747 4301 pretium
1817 4214 2077 4307 accipit,
2121 4215 2259 4301 jam
2307 4214 2526 4284 debita
2579 4223 2716 4284 erat
2766 4236 2844 4285 ex

321 4393 347 4496 51¹
389 4394 446 4444 V.
481 4393 712 4456 Lignori,
750 4393 841 4454 Op.
874 4392 1029 4477 Hor„
1068 4391 1098 4442 l.
1136 4403 1212 4450 ιιι,
1249 4402 1296 4442 u.
1331 4372 1452 4474 ’θιβς
1490 4415 1553 4428 -
1584 4386 1948 4502 Ρὸξὲειιτίεῇν.
1984 4393 2394 4477 Malioi-amenta.

322 4520 345 4559 ι
375 4454 922 4578 ss'icdficff‘ggiettussocfg
938 4454 1214 4580 ἒζιξὰοίῖῑ
1235 4453 2638 4569 (1139ιῖιῖοἷηῗότῖιίιῗέἓιίῑὶῖιεοὲᾱρίηἷῗῗιῗέηἶᾶηςίἔῖἐῑ
2657 4458 2854 4581 eguus,

263 4582 506 4633 animum
556 4578 620 4629 ad
647 4578 948 4641 praestanda
982 4589 1100 4642 quae
1133 4576 1289 4628 debet
1315 4577 1430 4627 sive
1461 4588 1526 4627 ex
1554 4574 1762 4639 justitia
1781 4576 1895 4628 sive
1924 4587 1994 4628 ex
2018 4577 2121 4628 aila
2139 4576 2357 4632 virtute:
2394 4578 2623 4631 liberalis
2675 4581 2856 4633 onatio

260 4645 343 4695 est
361 4642 636 4693 sufficiens
659 4641 840 4693 titulus
865 4640 1126 4692 retinendi
1156 4639 1256 4691 nisi
1296 4638 1385 4690 lex
1419 4637 1620 4697 obstet,
1656 4640 1717 4690 ut
1749 4641 1901 4692 cavet
1933 4640 2299 4692 'tridentinum
2334 4644 2480 4704 (sess.
2513 4652 2659 4704 xxm,
2695 4655 2739 4693 c.
2771 4645 2852 4705 ιε)

258 4706 404 4758 circa
435 4702 836 4757 examinatores
865 4700 1170 4768 synodales,
1203 4703 1297 4767 qul
1327 4700 1462 4753 nihil
1495 4702 1719 4754 omnino
1749 4702 1981 4765 recipere
2009 4708 2236 4767 possunt
2267 4703 2335 4755 ab
2365 4705 2755 4757 examinandis.
