3292 5167
1280 238 1354 283 us:
1404 235 1742 284 cHAanATE
2677 219 2812 284 695

390 344 452 409 3:
499 344 594 410 Ex
640 343 913 408 humano
959 344 1131 422 Iure,
1180 339 1292 409 ubi
1344 339 1586 426 legitur
1608 342 1637 422 ,¹
1675 364 1690 406 ε
1741 342 1861 422 Qui
1907 341 2087 423 alios,
2121 361 2263 409 cum
2302 353 2517 429 potest,
2564 342 2646 408 ab
2714 362 2813 408 er-

209 468 354 515 rore
395 469 521 516 non
574 459 838 532 revocat,
884 439 1156 535 seipsum
1224 467 1440 514 errare
1506 446 1907 515 monstrat.
1983 451 2207 534 Neque
2278 447 2522 517 sufficit
2597 450 2808 517 semel

210 553 779 640 facta-correptio,
831 551 949 622 sed
995 552 1192 622 debet
1240 553 1457 622 iterari
1509 553 1810 644 quandiu,
1875 563 2182 639 speretur
2256 555 2534 623 fructus.
2600 554 2808 642 idque
2919 563 2925 584 ·

211 662 417 730 currit
451 662 514 730 in
551 662 877 730 sententia
917 661 1155 730 merito
1197 661 1650 746 probabiliori,
1690 662 1811 729 etsi
1849 661 2020 729 absit
2057 662 2426 748 periculum
2476 662 2776 747 relapsus
2790 689 2814 747 ς

209 787 358 838 nam
388 770 701 839 frater·in
754 778 1039 856 peccato¹
1074 770 1479 837 constitutus
1520 770 1658 855 ,iam
1707 787 1968 854 gravem
2030 770 2277 855 patitur
2310 771 2808 853 necessitatem,

210 896 244 945 a
292 896 429 964 quo
476 873 849 960 tenerisf‘si
902 885 1092 963 potes
1143 877 1324 943 illum
1367 878 1623 963 eripere
1671 895 1750 946 ex
1799 877 2040 945 Christi
2092 885 2450 963 praecepto,

294 987 507 1055 Etiam
542 986 732 1071 culpa
770 985 1036 1054 venialis
1066 991 1459 1069 potestesse
1486 985 1758 1072 materia
1784 984 2221 1053 correctionis
2263 986 2591 1068 fraternae,
2653 1003 2806 1053 cum
2917 985 2921 990 ’

208 1102 275 1162 et
320 1093 460 1177 ipsa
509 1093 595 1160 sit
642 1110 867 1162 verum
917 1093 1152 1159 animae
1212 1091 1477 1170 malum,
1517 1097 1582 1159 et
1631 1090 1895 1177 quidem
1948 1109 2141 1175 grave
2197 1091 2263 1159 in
2318 1110 2410 1172 se,
2462 1092 2618 1160 licet
2665 1109 2801 1159 non

209 1200 418 1270 relate
466 1198 892 1269 ad¹mortale.
943 1199 1075 1267 Sed
1122 1205 1389 1284 peccata
1440 1198 1715 1266 venialia
1764 1200 1971 1266 satius
2021 1206 2122 1266 est
2172 1208 2243 1265 ut
2295 1199 2713 1283 corrigantur
2758 1216 2801 1286 a

207 1307 702 1394 superioribus;
750 1324 901 1375 nam
949 1305 1219 1375 venialia
1269 1313 1535 1391 peccata
1598 1306 1792 1373 nimis
1853 1314 2009 1372 sunt
2071 1306 2463 1391 frequentia,
2527 1313 2595 1373 et
2650 1305 2801 1373 ideo

205 1415 430 1483 nullus
478 1416 649 1483 soret
707 1413 1103 1483 correctioni
1176 1412 1344 1493 finiS‚
1395 1413 1450 1479 si
1500 1421 1724 1480 essent
1782 1413 2189 1497 corrigenda,
2264 1412 2788 1497 reddereturque

204 1523 534 1592 correctio
586 1522 781 1589 nimis
827 1521 1127 1601 molesta,
1181 1521 1679 1608 cnmvpericulo
1747 1537 1976 1604 pacem
2026 1528 2092 1587 et
2141 1520 2566 1587 concordiam
2655 1529 2803 1586 tur-

190 1629 423 1698 ·bandi.
493 1631 552 1695 Il
613 1640 864 1715 peccato
922 1627 1162 1694 veniale
1206 1647 1335 1694 non
1379 1628 1412 1694 e
1455 1629 1726 1694 materia
1791 1629 2160 1694 necessa-ria
2206 1628 2370 1693 della
2441 1617 2804 1695 correzio'ne

202 1738 497 1822 fratema
512 1760 538 1815 ;
581 1736 755 1803 salvo
802 1736 910 1802 che
954 1753 1091 1800 essa
1134 1754 1261 1800 non
1306 1735 1407 1800 sia
1449 1753 1580 1800 una
1625 1733 2042 1820 disposizione
2080 1736 2405 1820 pressima
2449 1735 2516 1800 al
2561 1748 2802 1821 peccato

204 1844 489 1924 mortale,
536 1862 572 1908 o
616 1843 743 1908 non
787 1841 973 1907 tenda
1016 1841 1100 1907 ad
1145 1841 1504 1907 introdurre
1551 1842 1617 1907 la
1660 1842 2082 1910 ritaseatezza
2128 1841 2292 1908 della
2338 1841 2672 1928 disciplina
2731 1843 2802 1908 in

210 1967 344 2016 una
388 1948 1045 2033 comuniteretiyiosa,
1093 1948 1162 2013 in
1207 1967 1296 2012 zm
1340 1960 1690 2014 monastero
1737 1948 1771 2012 o
1818 1948 1889 2014 in
1935 1967 2024 2013 zm
2086 1947 2455 2014 seminario,
2492 1943 2797 2016 Gous‘set.
2829 1935 2844 1958 ¹

290 2059 437 2124 lmo
484 2056 681 2123 etiam
724 2057 995 2140 peccata
1030 2054 1418 2139 ignorantiae
1468 2061 1622 2122 sunt
1655 2055 1780 2123 sub
1831 2054 2004 2139 gravi
2065 2054 2474 2139 corrigenda,
2515 2056 2570 2122 si
2615 2055 2797 2138 igno-

201 2162 418 2231 rantia
466 2170 569 2231 est
618 2161 961 2243 vincibiliS‚
1012 2162 1294 2246 graviter
1318 2161 1664 2246 culpabilis
1701 2170 1765 2230 et
1799 2169 2107 2247 speretur
2154 2163 2426 2244 fructuS‚
2463 2180 2612 2230 cum
2651 2179 2803 2247 pro-

201 2274 426 2341 ximus
473 2272 556 2338 sit
606 2271 667 2339 in
719 2271 930 2356 culpa.
982 2271 1047 2338 Si
1102 2257 1253 2337 vero
1304 2268 1673 2354 ignorantia
1722 2276 1824 2337 est
1875 2269 2306 2350 invincibilis,
2368 2269 2581 2337 adbuc
2646 2288 2797 2340 cor-

200 2382 413 2450 rectio
461 2380 600 2448 fieri
651 2372 867 2462 debet,
917 2378 1053 2446 sive
1100 2385 1408 2463 speretur
1457 2378 1706 2446 fructus
1756 2378 1893 2445 sive
1941 2396 2096 2460 non,
2153 2378 2210 2445 si
2253 2378 2395 2446 baec
2430 2378 2799 2462 ignorantia

196 2488 289 2556 sit
337 2487 508 2554 circa
559 2503 633 2552 ea
683 2503 832 2569 quae
880 2484 1013 2553 sint
1060 2485 1429 2552 necessaria
1480 2485 1877 2553 necessitate
1927 2484 2148 2566 medii,
2204 2484 2307 2551 vel
2356 2485 2491 2551 sint
2553 2482 2799 2568 publici

209 2593 525 2675 scandali,
576 2610 658 2660 ne
695 2591 949 2661 scilicet
996 2592 1105 2659 alii
1156 2600 1388 2678 putent
1441 2591 1506 2658 id
1558 2593 1757 2660 licere
1807 2591 1984 2676 quod
2035 2592 2102 2658 in
2156 2592 2395 2669 talibus
2448 2609 2580 2658 non
2646 2608 2799 2658 cor-

200 2703 463 2787 rigitur.
507 2701 573 2769 Si
625 2699 886 2767 tandem
934 2697 1332 2769 invincibilis
1391 2700 1758 2785 ignorantia
1824 2699 1911 2768 sit
1975 2700 2148 2768 circa
2225 2698 2369 2780 alia,
2437 2698 2802 2766 omittenda

194 2816 305 2878 est
353 2809 403 2876 si
450 2808 705 2875 fructus
755 2807 1149 2892 desperetur
1194 2825 1268 2876 ac
1331 2807 1487 2874 inde
1533 2807 1787 2892 majora
1839 2807 2197 2875 timeantur
2235 2809 2446 2885 wmala;
2505 2806 2822 2874 facienda.

198 2926 426 2988 antem
478 2923 599 2998 est,
651 2915 705 2983 si
757 2915 1011 2984 fructus
1059 2917 1400 3001 speretur:
1460 2933 1583 2983 nec
1630 2919 1889 2983 tantum
1939 2933 1972 2981 a
2022 2915 2384 3001 superiore,
2437 2914 2554 2982 sed
2602 2915 2803 2981 etiam

194 3044 235 3093 a
291 3025 592 3110 quolibet
627 3025 899 3109 privato,
939 3025 1093 3109 quia
1125 3025 1485 3109 unicuique
1540 3023 1922 3092 mandatum
1956 3031 2058 3092 est
2104 3024 2186 3093 de
2236 3024 2536 3108 proximo
2578 3039 2701 3090 suo
2748 3024 2799 3088 ².

289 3129 499 3194 288.
552 3134 623 3212 Q.
671 3137 733 3198 2.
789 3133 1103 3212 Quosnoem
1148 3133 1379 3217 obliyat
1418 3142 1799 3216 praeceptum
1859 3117 2278 3198 correctiones⁹
2307 3132 2646 3213 fratemae?

293 3241 365 3307 R.
415 3242 831 3325 Praeceptum
882 3238 1319 3306 correctionis
1368 3237 1675 3305 frateruae
1726 3238 1983 3322 'obligat
2030 3255 2293 3319 omnes3
2344 3255 2575 3305 omnes
2625 3236 2801 3305 enim

197 3347 510 3416 homines
559 3347 1007 3416 commembra
1064 3333 1240 3424 sunt.
1307 3353 1373 3411 et
1431 3347 1612 3413 Deus
1653 3345 1978 3410 mandavit
2024 3345 2152 3411 illis
2183 3344 2514 3429 unicuique
2544 3344 2615 3409 de
2645 3362 2802 3431 pro-

198 3456 383 3522 oeimo
428 3472 540 3520 suo
572 3448 623 3521 ⁸.
657 3456 830 3538 Ergo
868 3459 1179 3522 tenentur
1207 3450 1405 3520 etiam
1444 3458 1872 3536 peccatores3
1903 3468 2049 3517 nam
2085 3451 2412 3518 correctio
2448 3450 2577 3536 vim
2612 3466 2802 3517 suam

198 3560 521 3648 primario
559 3560 801 3645 repetit
830 3577 909 3627 ex
952 3559 1010 3626 vi
1053 3558 1267 3644 ipsius
1316 3559 1729 3626 monitionis,
1763 3558 1977 3625 Etiam
2014 3557 2389 3637 inferioreS‚
2426 3556 2536 3641 qui
2581 3564 2800 3623 tamen

194 3684 333 3735 non
385 3667 505 3735 nisi
560 3666 970 3737 obsecrando
1020 3666 1356 3749 corrigant
1397 3665 1581 3751 juxta
1617 3664 1822 3732 illud:
1877 3665 2191 3732 seniorem
2235 3684 2314 3731 ne
2359 3662 2798 3749 increpaveris,

193 3773 305 3841 sed
348 3774 598 3841 obsecra
642 3785 709 3840 ut
746 3785 998 3860 patrem
1039 3771 1087 3838 ⁴.
1139 3771 1464 3841 Audiatur
1511 3771 1906 3858 Angelicus:
1957 3771 2268 3839 Correo-tio
2313 3772 2603 3856 fraterna
2661 3788 2801 3866 quae

197 3893 287 3949 est
331 3894 506 3952 actus
550 3881 898 3961 charitati&
941 3880 1207 3964 pertinet
1252 3879 1339 3946 ad
1386 3898 1881 3964 unumquemque
1929 3890 2207 3965 respectu
2267 3876 2589 3965 cujuslibet
2649 3894 2798 3961 per-

193 4005 367 4056 sonae
410 3989 495 4056 ad
538 4007 727 4074 quam
771 3988 1139 4054 charitatem
1185 3986 1355 4053 debet
1398 3988 1650 4070 habere,
1699 3988 1755 4053 si
1799 3988 1869 4052 in
1913 4006 1987 4054 ea
2033 3986 2276 4072 aliquid
2318 3983 2672 4070 corriyibile
2703 3983 2800 4048 in-

253 4147 277 4188 1
312 4147 370 4200 C.
399 4149 489 4211 qui
516 4147 648 4199 alios
678 4145 738 4197 de
770 4147 896 4199 haer.
927 4170 992 4203 —‚-
1030 4147 1086 4196 V,
1121 4145 1352 4209 Limam-i,
1388 4144 1539 4206 Opus.
1577 4145 1732 4204 Mor„
1771 4144 1806 4194 l.
1844 4156 1897 4205 ιι,
1933 4155 1984 4194 n.
2018 4145 2097 4194 39.

160 4225 167 4230 ·
254 4211 279 4251 ²
311 4212 495 4276 Neque
530 4211 734 4264 lantum
767 4210 812 4260 si
844 4208 1159 4272 ignorantia
1191 4208 1263 4259 sit
1291 4212 1479 4259 contra
1514 4208 1609 4260 Jus
1641 4207 1886 4257 naturale
1918 4210 2076 4270 atque
2098 4204 2351 4278 ,divinum
2405 4203 2495 4255 sed
2548 4203 2793 4266 probabl-

140 4269 151 4280 ‘
190 4273 298 4326 lius
324 4273 377 4325 et
408 4271 749 4324 communius
782 4271 991 4328 etiarnsi
1034 4272 1103 4321 sit
1136 4272 1327 4321 contra·
1351 4269 1516 4333 legem
1554 4268 1876 4340 humanam
1913 4269 1992 4318 stc
2026 4279 2168 4319 euim
2203 4241 2378 4330 exigit*
2398 4266 2699 4317 reverentia
2723 4265 2795 4316 le·

190 4337 291 4397 gis,
326 4346 447 4400 quae
481 4335 534 4386 in
571 4336 754 4386 nostro
787 4344 915 4385 casu
950 4334 1037 4394 <ut
1069 4332 1410 4396 supponitur)
1445 4335 1582 4382 certe
1615 4333 1814 4391 existit3
1851 4329 2077 4401 ideoque
2110 4328 2288 4393 quoad
2317 4329 2487 4392 potest
2508 4328 2793 4378 servandi.

99 4447 113 4454 ,
191 4397 325 4450 Hinc
356 4398 399 4448 si
435 4397 631 4448 videris
665 4397 1028 4448 comedentem
1063 4406 1250 4445 carnes
1284 4393 1370 4444 die
1401 4394 1629 4451 veneris,
1668 4393 1975 4455 ignorantia
2009 4390 2324 4452 invincibili,
2351 4391 2547 4442 teneris
2575 4400 2793 4440 monere

192 4458 237 4510 si
270 4458 503 4514 {ructum
538 4468 740 4522 speras.
777 4460 1020 4511 Ceterum
1055 4458 1101 4509 si
1134 4456 1253 4521 quis
1286 4453 1356 4507 ob
1390 4456 1658 4516 timorem,
1705 4454 2103 4514 verecundiam.
2133 4451 2646 4526 ‚pusillanimitatem
2696 4464 2795 4514 pu-

191 4521 287 4583 tet,
319 4532 377 4573 se
410 4532 520 4572 non
554 4523 626 4574 ita
657 4521 835 4573 stricte
869 4520 1161 4583 obligatum
1195 4519 1277 4570 vel
1313 4517 1490 4570 minus
1525 4518 1779 4570 idoneum
1833 4517 1900 4569 ad
1954 4517 2370 4580 corripiendum,
2419 4513 2636 4588 videtur
2683 4525 2796 4586 non

192 4581 509 4698 corrigendo
540 4584 748 4635 tantum
780 4594 997 4647 peccare
1028 4581 1320 4635 venialiter.
1350 4581 1407 4633 V.
1427 4581 1497 4632 De
1520 4580 1843 4643 Paenitentia,
1862 4577 1948 4631 lib.
1966 4591 2046 4642 m,
2072 4581 2145 4632 De
2162 4577 2469 4631 confessarii
2492 4574 2796 4682 prud-entia.

256 4707 280 4747 ⁴
311 4720 348 4772 1,
364 4645 552 4759 qgllinx
553 4657 700 4758 w—
741 4707 793 4758 V.
831 4706 1062 4770 Lignori,
1098 4707 1247 4770 Opus.
1288 4706 1437 4769 Mor„
1472 4704 1506 4757 l.
1539 4718 1595 4767 ιι,
1629 4716 1723 4756 ιιιι.
1759 4707 1818 4756 27
1851 4706 1903 4757 et
1923 4705 2001 4757 40.

1877 4881 1900 4912 A
