3292 5167
1068 289 1146 334 os
1191 288 1441 334 acuens
1489 287 1824 334 asueroms
2692 266 2766 366 9·

162 389 255 456 latu
292 405 433 456 non
489 389 587 456 sit
634 389 845 458 etiam
896 389 1234 459 saecularis
1283 388 1589 459 hominis.
1646 392 1727 458 Et
1776 389 1925 459 ideo
1975 389 2236 460 fortiter
2298 388 2736 474 redarguendi

163 498 241 582 qui
279 494 576 565 devotos
630 496 960 581 irrident,
1009 504 1209 583 atque
1276 496 1358 565 de
1417 496 1861 583 imprudentia
1932 504 2243 566 accusant
2292 495 2736 566 confessarios

159 603 556 672 devotionem
610 605 753 673 suis
818 604 1296 690 poenitentibus
1366 604 1764 688 suadenteS,
1813 606 2000 691 quasi
2048 622 2287 692 nempe
2333 605 2625 675 studium
2674 613 2742 674 et

158 711 425 780 alacritas
482 712 579 780 sit
631 719 892 780 tantum
941 711 1242 799 ponenda
1290 710 1359 780 in
1407 711 1487 780 iis
1536 730 1688 798 quae
1739 718 1895 780 sunt
1941 711 2167 780 mundi
2204 715 2251 779 ¹.

228 822 295 883 τ.
336 819 542 887 Finis
593 819 971 889 devotionis
1016 819 1083 887 in
1124 837 1204 887 eo
1251 820 1422 887 situs
1471 829 1594 901 est,
1647 826 1720 886 ut
1768 820 1983 887 anima
2031 819 2286 888 facilius
2336 821 2548 905 possit
2598 838 2744 906 per-

162 928 349 995 venire
382 927 475 995 ad
514 928 704 995 illam
754 927 1247 1013 pemmonem,
1284 945 1481 1011 quam
1520 926 1616 995 sic
1651 926 1954 995 Christus
1989 927 2447 996 commendat:
2495 940 2740 997 estote...

159 1036 387 1123 perfecti
434 1037 610 1103 sicut
654 1048 712 1102 et
758 1040 943 1103 Pater
986 1046 1180 1102 vester
1225 1034 1480 1102 coetestis
1517 1027 1831 1121 perfectus
1875 1047 1965 1102 esc
1997 1034 2048 1101 ².

236 1143 311 1204 8.
358 1147 435 1225 Q.
490 1147 558 1212 2.
615 1144 785 1225 Quid
823 1154 911 1210 est
953 1143 1299 1210 christiana
1336 1143 1630 1231 perfectio
1679 1155 1734 1210 et
1778 1163 1866 1210 an
1910 1163 2120 1210 omnes
2164 1143 2382 1229 obliqet
2397 1150 2430 1210 P

234 1252 301 1319 R.
346 1251 447 1319 Ad
506 1255 584 1319 1:
637 1249 1005 1318 Christiana
1052 1250 1370 1336 perfectio
1420 1256 1520 1318 est
1540 1249 1955 1338 *consecutio
2006 1249 2216 1318 nostri
2286 1248 2499 1317 ultimi
2570 1248 2743 1332 finiS‚

158 1360 493 1426 inchoativa
534 1357 610 1426 in
661 1358 780 1426 hac
828 1359 957 1424 vita
1006 1375 1123 1445 per
1169 1356 1490 1442 gratiam,
1558 1358 1848 1443 complete
1900 1357 1964 1423 in
2013 1356 2215 1424 altera
2264 1373 2384 1441 per
2429 1343 2741 1456 gloriam3

158 1484 253 1533 res
296 1465 482 1533 enim
531 1464 852 1551 quaelibet
901 1463 1141 1532 dicitur
1186 1464 1252 1530 in
1303 1482 1544 1549 genere
1594 1482 1717 1532 suo
1768 1463 2077 1549 perfecta,
2113 1462 2375 1549 quando
2411 1463 2611 1532 finem
2664 1462 2747 1531 ad

155 1590 345 1659 quem
390 1574 569 1640 l'acta
620 1581 744 1656 est,
795 1572 1245 1664 consequitur.
1293 1574 1435 1638 Jam
1482 1589 1638 1639 vero
1689 1571 1995 1668 quisnam
2041 1578 2186 1654 est,
2238 1589 2318 1639 ex
2366 1571 2744 1640 christianae

152 1679 511 1765 t{eligionis
584 1678 983 1761 dictamine,
1054 1677 1327 1747 ultimus
1398 1684 1627 1747 noster
1696 1677 1890 1746 finis?
1934 1680 2113 1747 Deus
2165 1677 2341 1765 ipse;
2404 1678 2516 1765 qui
2588 1696 2745 1764 ergo

149 1791 361 1856 Deum
404 1795 608 1869 amat,
659 1787 990 1871 perfectus
1037 1793 1167 1855 est:
1200 1786 1323 1874 ‘qui
1367 1797 1576 1852 manet
1620 1786 1690 1851 in
1735 1786 2078 1867 charitate,
2127 1786 2196 1852 in
2246 1788 2369 1853 Deo
2415 1798 2643 1868 manet,
2693 1799 2750 1853 et

148 1899 310 1964 Deus
357 1896 429 1961 in
476 1915 546 1961 eo
582 1900 633 1961 ³.
688 1895 857 1961 Hinc
902 1893 1182 1961 charitas
1228 1900 1502 1960 vocatur
1546 1893 1866 1960 vinculum
1904 1894 2303 1981 perfectionis
2340 1888 2391 1960 ⁴.

230 2005 300 2070 R.
350 2002 455 2069 Ad
505 2004 578 2068 2:
629 1991 1000 2088 Dupliciter
1047 2007 1269 2086 potest
1338 1999 1585 2068 attendi
1659 1999 1975 2088 perfectio
1991 2023 2010 2082 ;
2061 2000 2158 2067 vel
2232 2007 2430 2084 prout
2492 2007 2749 2068 tantum

149 2109 440 2178 excludit
478 2108 665 2193 quod
715 2117 816 2177 est
864 2108 1164 2177 charitati
1214 2108 1641 2190 contrarium,
1692 2116 1758 2175 et
1804 2115 1907 2175 est
1945 2107 2165 2175 solum
2198 2114 2542 2192 peccatum
2575 2124 2751 2175 mor-

147 2216 299 2284 tale:
355 2233 500 2301 quo
552 2233 757 2283 sensu
810 2215 1119 2282 omnibus
1167 2214 1485 2300 perfectio
1535 2222 1636 2282 est
1683 2214 1764 2281 de
1813 2214 2210 2282 necessitate
2281 2213 2510 2281 salutis
2528 2238 2548 2293 3
2599 2211 2753 2300 quia

145 2340 341 2391 secus
397 2339 604 2391 nemo
655 2320 891 2388 salvari
926 2325 1163 2406 potest.
1207 2322 1322 2390 Vel
1372 2329 1568 2406 prout
1602 2321 1805 2389 etiam
1837 2319 2126 2389 excludit
2167 2337 2316 2406 quae
2360 2318 2751 2405 impediunt,

143 2431 517 2515 quominus
564 2429 841 2502 affectus
896 2428 1190 2496 totaliter
1235 2427 1602 2513 dirigantur
1645 2427 1717 2495 in
1765 2430 1975 2508 Deum
2039 2427 2390 2514 (quantum
2433 2427 2584 2494 vitae
2635 2427 2753 2493 im-

143 2535 426 2604 firmitas
481 2535 806 2620 patitur):
856 2541 921 2601 et
970 2534 1096 2603 hoc
1144 2553 1344 2603 sensu
1378 2519 1626 2619 obligat
1677 2552 1792 2603 eos
1841 2535 2080 2617 solum,
2119 2534 2229 2621 qui
2278 2553 2351 2602 se
2383 2541 2563 2602 totos
2608 2519 2750 2601 Deo

143 2644 621 2729 manciparunt
659 2644 725 2709 in
765 2642 988 2728 aliquo
1024 2642 1372 2727 peculiaris
1406 2641 1835 2729 perfectionis
1875 2650 2087 2723 statu3
2124 2660 2253 2710 non
2281 2659 2436 2709 vero
2471 2648 2751 2724 ceterOS,

144 2750 337 2835 quasi
390 2766 641 2834 nempe
685 2767 760 2816 ea
811 2747 1182 2816 necessaria
1230 2748 1317 2817 sit
1365 2747 1447 2815 ad
1493 2749 1794 2832 salutem,
1845 2766 1996 2816 nam
2051 2747 2249 2815 etiam
2277 2747 2421 2815 sine
2454 2748 2563 2816 illa
2605 2746 2755 2815 cha-

144 2857 303 2924 ritas
358 2873 519 2924 esse
568 2856 846 2941 potest⁵
897 2857 1028 2938 (C).

216 3001 313 3087 β.
362 2999 435 3073 Q.
481 3001 541 3062 3.
587 2997 749 3073 Quia
791 3000 1182 3061 sentiendum
1241 3007 1335 3061 est
1391 3001 1464 3062 de
1527 2998 1898 3079 quibusdam
1960 2998 2512 3066 exterior-statibus
2536 3049 2552 3077 ,
2597 3019 2753 3081 quas

144 3081 207 3144 al
276 3081 505 3143 vando
544 3081 753 3143 videre
798 3088 893 3142 est
932 3081 1000 3142 in
1041 3080 1321 3142 devotis?

276 3209 295 3223 .
344 3161 473 3224 Vel
519 3161 999 3223 exterioritates
1066 3158 1426 3238 hujusmodi
1492 3160 1848 3239 respiciunt
1912 3163 2196 3224 actiones
2261 3177 2631 3225 communes
2683 3171 2750 3226 et

144 3242 549 3318 ordinariae,
592 3257 734 3320 quae
781 3256 1009 3319 nempe
1053 3257 1181 3302 non
1227 3239 1536 3314 iudicant,
1580 3241 1704 3301 nisi
1750 3244 2050 3318 pietatem
2097 3258 2496 3306 communem
2543 3252 2608 3304 et
2651 3259 2752 3307 or-

146 3322 526 3395 dinariam,
569 3319 824 3400 qualem
870 3320 1107 3383 habere
1150 3336 1372 3383 omnes
1415 3321 1752 3382 christiani
1798 3320 2147 3384 deberent:
2190 3324 2282 3385 uti
2329 3332 2481 3386 sunt
2523 3322 2750 3386 Sacra-

147 3413 533 3465 mentorum
581 3402 985 3480 frequentia,
1029 3400 1337 3463 modestia
1384 3401 1450 3461 in
1497 3400 1721 3463 habitu
1782 3411 1846 3463 et
1906 3419 2169 3480 gressu,
2214 3404 2456 3483 peccati
2485 3403 2754 3480 odium,

147 3482 468 3545 Ecclesiae
514 3482 902 3554 reverentia,
952 3481 1325 3562 obsequium
1368 3496 1518 3558 erga
1563 3480 1800 3543 Altaris
1845 3483 2214 3559 ministr-05,
2257 3482 2541 3547 studiosa
2592 3501 2750 3561 prae·

150 3573 503 3643 ceptorum
548 3562 660 3624 Dei
716 3570 787 3623 et
846 3561 1149 3624 Ecclesiae
1210 3562 1638 3638 observantia,
1702 3569 1821 3623 etc.
1886 3561 2000 3624 Vel
2057 3562 2213 3625 tales
2277 3566 2754 3627 exterioritates

149 3646 528 3723 respiciunt
571 3645 859 3705 actiones
901 3641 1327 3722 particulares
1388 3651 1578 3720 atque
1640 3642 2228 3719 extraordinarias,
2272 3660 2413 3723 quae
2463 3644 2756 3707 indicant
2821 3643 2836 3658 ‘

150 3726 473 3795 pietatem
516 3722 971 3802 particularem
1013 3733 1078 3784 et
1119 3721 1743 3796 extraordinariam,
1805 3725 1894 3785 uti
1964 3733 2114 3786 sunt
2173 3723 2531 3787 ciliciorum
2577 3742 2752 3800 usus,

143 3805 402 3883 jejunia
448 3804 781 3882 specialia,
824 3803 1139 3880 singultus
1188 3807 1257 3864 in
1300 3801 1603 3876 Ecclesia,
1647 3810 1770 3864 etc.
1817 3824 1823 3831 ·

150 3931 155 3934 -
224 3883 296 3948 Si
353 3885 413 3961 1,
459 3885 943 3945 exterioritates
988 3883 1114 3945 illae
1177 3882 1626 3962 permittendae
1689 3893 1873 3952 sunt,
1925 3883 2052 3944 imo
2118 3883 2643 3946 commendandae
2690 3892 2756 3945 et

148 3964 423 4029 fortiter
474 3962 896 4043 injungendae
912 3983 931 4038 3
975 3965 1053 4026 de
1097 3964 1196 4025 his
1232 3965 1402 4025 enim
1447 3961 1737 4025 Christus
1780 3963 2086 4025 Dominus
2116 3966 2235 4026 ait:
2281 3964 2535 4026 videant
2565 3979 2754 4041 opera

150 4055 370 4109 uestra
416 4045 608 4119 bona,
650 4052 712 4107 et
748 4045 1100 4124 ylorificent
1134 4041 1385 4107 Patrem
1426 4051 1720 4117 vestrum,
1754 4045 1863 4123 qui
1905 4043 1972 4105 in
2002 4044 2168 4106 coelis
2203 4051 2297 4106 est
2324 4043 2372 4105 ⁶.
2404 4044 2493 4112 De
2525 4044 2626 4105 his
2663 4044 2755 4106 sic

148 4123 515 4190 Philoteam
563 4123 1011 4205 alloquebatur
1053 4123 1363 4187 Salesius:
1425 4150 1446 4176 ι
1491 4123 1731 4204 Filotea
1759 4171 1774 4197 ,
1841 4124 1987 4193 fate*
2033 4124 2434 4202 professione
2497 4134 2749 4204 aperta·

146 4218 370 4271 mente
414 4207 483 4270 di
530 4204 714 4268 voler
758 4221 974 4268 essere
1018 4205 1253 4281 divom,
1281 4222 1317 4267 e
1362 4221 1492 4266 non
1525 4205 1977 4281 vergognatevi
2015 4203 2184 4266 delle
2223 4206 2431 4266 azioni
2471 4205 2754 4286 comuni,

153 4302 181 4347 e
220 4290 350 4351 che
391 4304 557 4351 sono
602 4303 633 4350 a
685 4288 1019 4366 proposito
1061 4302 1176 4365 per
1219 4283 1527 4348 condurci
1573 4283 1680 4346 all'
1705 4300 1884 4346 amor
1947 4285 2010 4346 di
2063 4285 2179 4347 Dio
2195 4303 2213 4358 ;
2257 4283 2616 4348 confessate
2659 4301 2756 4347 ar-

190 4493 227 4565 }
266 4495 329 4545 V.
360 4495 404 4546 11
440 4495 716 4553 (ἕαεεοιίσο,
755 4490 1007 4543 Giornale
1038 4491 1299 4563 religioso.
1330 4492 1564 4552 LuganO,
1601 4490 1710 4546 vol.
1743 4502 1795 4551 v,
1840 4493 1938 4541 art.
1990 4491 2038 4539 Ιι
2086 4489 2391 4552 biqottismo.
2441 4516 2506 4530 -·
2560 4491 2748 4554 segur,

58 4597 67 4604 ,
153 4554 369 4619 &mosee
396 4558 539 4608 brevi
568 4570 598 4607 e
627 4555 895 4619 familiari
925 4555 1028 4605 alte
1074 4553 1322 4617 objeztom‘
1364 4553 1458 4614 piu
1504 4552 1682 4614 diffuse
1728 4558 1906 4603 contro
1939 4555 1994 4604 la
2024 4554 2299 4616 Belloione,
2363 4553 2414 4616 ξς
2444 4557 2492 4613 5,
2546 4555 2624 4614 39,
2660 4554 2752 4615 543

152 4616 716 4744 Q‚pffi??3?ndus’
749 4615 1028 4679 legendus.
1059 4641 1125 4653 —
1157 4614 1468 4679 Rodriguez‚
1502 4614 1992 4728 Scaramfllsilbletffi·
2345 4615 2370 4656 a
2402 4616 2579 4668 matth,
2616 4627 2669 4667 v,

200 4744 223 4784 ὅ
254 4745 317 4797 5.
349 4748 612 4807 Thomna,
648 4747 701 4804 2,
742 4746 797 4805 2,
830 4753 887 4804 q.
924 4739 1032 4802 ist,
1066 4751 1117 4790 a.
1152 4743 1202 4791 2.
1724 4740 1747 4779 ⁸
1782 4741 1959 4793 Matth.
1994 4752 2049 4791 v.
