3292 5167
518 335 644 403 144
1534 356 1652 401 ιιιι.
1698 356 1763 401 ιι.
1810 350 2025 401 τιιιιοτ.
2074 355 2130 399 v.

516 454 796 520 tabiliter
837 454 1144 529 varietur,
1188 456 1294 534 qui
1341 456 1434 517 sic
1487 455 1857 519 voluntarie
1903 455 2151 529 recitat,
2216 464 2347 514 non
2412 451 2652 531 poterit
2707 448 3006 514 excusari
3078 464 3112 512 a

513 534 793 610 mortali,
836 535 887 596 si
933 536 1257 612 quantitas
1305 536 1410 597 illa
1458 538 1540 598 sit
1583 539 1797 616 gravis
1844 538 1907 597 in
1954 534 2185 596 ordine
2228 532 2305 595 ad
2350 532 2673 604 Officium3
2709 547 2919 611 neque
2961 528 3114 592 ideo

515 619 594 680 ab
637 630 836 677 onere
882 614 1217 693 repetendi
1263 626 1532 695 partem,
1581 619 1648 678 in
1695 632 1815 696 qua
1862 630 2090 678 sensus
2136 613 2258 677 fuit
2300 621 2659 691 corruptus.
2704 611 2768 675 Si
2839 626 2997 674 vero
3048 608 3115 672 id

515 698 626 760 flat
670 695 1125 771 involuntarie,
1171 696 1250 758 ob
1295 696 1645 759 balbutiem
1695 697 1793 760 vel
1861 699 2284 757 inveteratam
2330 693 2913 767 monsuetudinem,
2986 693 3112 754 etsi

515 778 724 840 adbuc
770 785 996 855 agatur
1040 776 1119 839 de
1164 782 1340 855 gravi
1386 783 1765 856 quantitate,
1834 778 1887 838 si
1952 775 2206 837 studeat
2248 790 2316 836 se
2359 773 2727 851 emendare,
2795 772 2871 834 ad
2942 770 3117 834 nihil

516 857 790 941 amplius
833 856 1092 919 videtur
1137 860 1379 919 teneri:
1424 859 1529 920 ubi
1577 859 1751 922 nulla
1800 856 2005 935 culpa,
2051 855 2225 918 nulla
2274 869 2492 933 poena3
2543 853 2698 917 fecit
2731 858 2908 916 enim
2938 850 3116 933 quod

523 941 586 1000 in
633 956 702 1000 se
746 949 859 1001 est.
919 937 979 998 V.
1023 937 1303 1013 Lignori,
1351 938 1519 1016 Opus
1563 936 1742 1014 Mor„
1789 938 1955 1007 l.·1v,
2000 953 2061 998 ιι.
2110 937 2244 999 165.

594 1017 820 1078 zoa.
868 1015 984 1080 Sed
1026 1018 1177 1097 quid
1219 1018 1453 1097 (dices)
1494 1021 1567 1081 de
1608 1038 1694 1091 eo,
1739 1019 1847 1100 qm·
1889 1019 2123 1079 socium
2166 1013 2452 1097 syllabas
2516 1014 2917 1077 mutilantcm
2981 1010 3120 1078 sibu·

519 1100 792 1178 suscipit
834 1100 904 1161 in
949 1096 1165 1178 Officii
1207 1100 1622 1162 recitatione?
1786 1142 1795 1147 -

603 1179 670 1242 R.
717 1179 838 1241 lste
883 1194 1008 1240 non
1060 1187 1318 1241 tenetur
1358 1179 1644 1242 Officium
1694 1187 2008 1257 repetere.
2055 1178 2176 1239 nisi
2225 1186 2401 1239 certo
2447 1184 2697 1237 constet
2741 1177 2987 1237 socium
3023 1174 3113 1237 ita

520 1260 798 1339 syllabas
843 1260 1189 1332 mutilasse,
1234 1270 1305 1322 ut
1349 1276 1464 1339 pro
1510 1260 1778 1322 notabili
1852 1266 2031 1338 parte
2095 1275 2321 1320 sensus
2392 1257 2764 1319 notabiliter
2830 1264 3118 1319 mutatus

522 1344 627 1417 sit,
675 1342 1084 1420 praesumptio
1130 1345 1303 1402 enim
1350 1352 1475 1404 stat
1520 1357 1634 1419 pro
1681 1340 1893 1402 debita
1942 1341 2342 1402 recitatione.
2383 1337 2683 1400 Putamus
2716 1346 2929 1411 tamen
2964 1350 3121 1399 eun·

524 1423 668 1484 dem
716 1435 841 1482 non
887 1423 1176 1483 excusari
1225 1438 1256 1482 a
1296 1420 1557 1497 veniali,
1603 1424 1656 1482 si
1702 1431 1927 1509 sponte
1987 1420 2093 1482 tali
2163 1421 2333 1482 socio
2391 1422 2691 1493 uniatur3
2750 1420 2873 1479 nisi
2944 1417 3121 1480 adsit

524 1504 710 1564 cau'sa
760 1501 1184 1576 rationabiliS,
1229 1511 1300 1563 ut
1342 1503 1392 1563 si
1440 1518 1473 1565 a
1521 1505 1853 1581 superiore
1895 1501 1999 1566 vel
2044 1518 2077 1564 a
2125 1515 2396 1580 persona
2444 1502 2621 1578 gravi
2669 1498 3002 1560 invitetur.

605 1581 863 1644 Certum
908 1590 1004 1643 est
1047 1591 1281 1658 autem,
1323 1598 1433 1644 eos
1477 1599 1603 1644 non
1653 1581 2045 1648 satisfacere.
2073 1584 2178 1661 qui
2213 1580 2582 1643 alternatim
2618 1578 2950 1641 recitando
2985 1594 3118 1640 non

525 1670 868 1739 expectant
911 1676 1138 1724 versus
1183 1662 1445 1738 absolvi,
1489 1666 1538 1724 si
1587 1664 1706 1725 boc
1753 1664 1864 1724 flat
1911 1668 1975 1727 in
2024 1678 2248 1741 magna
2295 1663 2697 1739 quantitate;
2765 1661 2912 1738 quia
2963 1668 3121 1722 tunc

438 1750 442 1754 ’
526 1758 652 1805 una
699 1758 844 1821 pars
887 1742 1073 1804 alteri
1124 1760 1250 1805 non
1297 1744 1601 1805 succedit.
1650 1743 1728 1805 Et
1774 1746 1891 1805 hoc
1936 1752 2118 1808 caute
2166 1740 2517 1803 notandum
2563 1748 2688 1802 est:
2735 1749 2889 1819 quot
2932 1742 3123 1801 enim

525 1832 677 1885 sunt
719 1826 824 1902 qui
875 1832 1000 1884 tam
1047 1825 1368 1901 insignem
1414 1828 1773 1886 orationem
1806 1826 2290 1905 praecipitanter
2323 1830 2542 1899 agunt,
2580 1823 2956 1883 invocantes
2984 1826 3120 1882 non

529 1904 751 1983 utique
798 1904 908 1965 Dei
959 1903 1498 1978 benedictionem,
1542 1905 1652 1965 sed
1684 1906 1912 1984 'potius
1958 1904 2411 1968 maledictum!
2860 1904 2863 1909 ⁴

603 1982 816 2043 zoa.
849 1981 914 2055 Q.
954 1984 1007 2045 7.
1040 1985 1140 2047 An
1186 1986 1295 2063 qui
1334 1984 1655 2067 cumqaliis
1699 1985 2044 2049 choralitcr
2085 1985 2366 2048 recitant
2412 1979 2703 2061 Officium
2734 1980 2866 2058 maj
2876 1996 2971 2055 us,
3006 1986 3133 2044 aut

527 2064 989 2142 defunctorum,
1022 2070 1356 2127 teneantur
1388 2066 1678 2146 supplere
1720 2068 1971 2142 omissa,
2013 2067 2072 2128 si
2111 2066 2258 2127 dum
2286 2062 2406 2126 alii
2433 2070 2723 2134 cantant,
2767 2063 2889 2139 ipsi
2918 2075 2983 2122 se
3017 2077 3129 2139 pa-

527 2153 685 2208 rant
715 2146 797 2206 ad
831 2143 1292 2220 celebrandum,
1340 2156 1458 2208 aut
1499 2147 1901 2226 transferunt
1944 2146 2163 2221 libros,
2206 2145 2546 2223 requirunt
2588 2142 2888 2217 Psaimos,
2918 2141 3131 2204 thuri·

526 2225 742 2306 ficunt,
783 2228 1046 2304 pulsant
1084 2242 1445 2305 campanas,
1490 2229 1585 2290 vel
1627 2229 1760 2289 clia
1805 2229 1988 2291 cltoro
2030 2226 2389 2290 necessaria
2432 2225 2675 2303 ayant?

473 2334 484 2345 =
609 2304 678 2367 R.
723 2306 1059 2368 Affirmant
1101 2305 1447 2376 Bonacina,
1487 2306 1807 2371 Navarrus
1848 2318 1922 2371 et
1962 2308 2282 2387 Vasquez;
2329 2306 2770 2382 unusquisque
2814 2302 2995 2375 enim
3032 2310 3125 2395 te·

533 2396 723 2448 netur
768 2386 842 2448 ad
896 2394 1138 2465 partem
1186 2402 1394 2448 snam:
1462 2392 1604 2462 nisi,
1671 2391 1908 2469 excipit
1972 2388 2320 2462 Holzman,
2384 2387 2465 2446 sit
2530 2384 2775 2445 modica
2846 2391 3125 2446 materia

531 2470 783 2542 omissa,
827 2484 967 2546 quae
1014 2467 1090 2529 ad
1140 2470 1457 2546 integrum
1507 2469 1824 2531 Psalmum
1855 2484 2000 2531 non
2048 2471 2388 2548 pertingat.
2433 2463 2556 2526 Sed
2589 2465 3025 2527 communiter
3057 2472 3128 2526 et

520 2549 684 2622 ‚satis
729 2547 1150 2626 probabiliter
1194 2559 1434 2627 negant
1476 2549 1761 2626 Azorius,
1803 2550 2168 2623 Anacletus,
2228 2546 2439 2620 Croix,
2506 2545 2783 2625 Layman
2852 2552 2916 2607 et
2974 2541 3128 2619 alii;

533 2644 678 2690 nam
724 2628 872 2690 dum
919 2629 1151 2707 aliquis
1196 2638 1543 2709 occupatur
1590 2633 1653 2692 in
1702 2632 1893 2703 rebus
1937 2632 2013 2693 ad
2080 2629 2283 2693 Officii
2349 2626 2851 2690 celebrationem
2924 2627 3129 2704 perti·

532 2708 858 2783 nentibus,
910 2717 1077 2771 totus
1121 2708 1356 2777 clmrus
1403 2726 1516 2789 pro
1559 2725 1635 2771 eo
1679 2710 1964 2790 supplet:
2012 2719 2200 2790 prout
2242 2709 2346 2789 qui
2392 2707 2600 2770 Missae
2646 2704 2922 2769 inservit
2967 2721 3127 2768 cen·

427 2859 433 2867 ¹
532 2798 707 2851 setur
754 2804 892 2851 eam
937 2789 1183 2859 audire,
1230 2789 1378 2852 dum
1426 2796 1490 2853 in
1538 2804 1608 2852 re
1653 2792 2013 2854 necessaria
2042 2789 2339 2870 ‚paranda
2408 2786 2705 2850 attendit.
2773 2784 2929 2849 Item
2975 2802 3130 2865 pro·

533 2868 834 2932 habiliter
880 2869 1192 2931 satisfacit
1224 2873 1329 2949 qui
1369 2872 1520 2933 dum
1563 2871 1675 2933 alii
1712 2875 2011 2948 recitant,
2062 2873 2249 2934 tussit
2292 2868 2390 2930 vel
2424 2868 2837 2943 excreat,etsi
2877 2868 3139 2947 integer

531 2950 817 3014 Psalmus
867 2951 1125 3012 interim
1172 2949 1448 3014 dicatur:
1496 2968 1623 3013 non
1674 2962 1883 3015 tamen
1929 2954 2034 3033 qni
2094 2952 2461 3014 alternatim
2523 2947 2870 3028 respondet
2920 2947 3130 3010 choro

531 3045 844 3109 organum
889 3030 1226 3109 pulsando,
1269 3034 1422 3111 quin
1475 3033 1860 3095 versiculum
1907 3048 2038 3095 suae
2086 3032 2283 3112 partis
2329 3029 2647 3109 proferat3
2763 3029 2866 3090 uia
2931 3044 3126 3108 orga-

532 3126 684 3173 num
728 3111 921 3173 verba
970 3127 1095 3173 non
1145 3113 1404 3190 profert.
1448 3113 1665 3193 Neque
1709 3113 2022 3176 satisfacit
2063 3115 2169 3192 qui
2219 3112 2447 3173 devote
2492 3109 2674 3173 audit
2777 3124 2921 3172 oras
2968 3109 3132 3173 dum

533 3208 639 3254 eas
683 3193 906 3254 musici
954 3202 1236 3269 cantant,
1279 3195 1425 3274 quia
1474 3193 1618 3256 talis
1663 3194 1934 3257 audiens
1979 3209 2107 3255 non
2153 3201 2295 3255 orat
2336 3191 2670 3262 vocaliter,
2738 3205 2857 3251 nec
2921 3188 3126 3255 musi·

431 3314 438 3315 ff
534 3274 1353 3416 &rum10rationeffi3facit
1381 3290 1581 3352 suam,
1616 3289 1760 3337 cum
1792 3290 1921 3337 non
1954 3272 2233 3337 alternet
2277 3286 2418 3335 cum
2454 3272 2602 3335 iltis.
2640 3270 2925 3349 Liguori,
2960 3270 3137 3353 Opus

602 3368 716 3426 or„
788 3401 801 3414 .
847 3369 920 3425 ιι,
970 3369 1030 3414 n.
1202 3376 1212 3386 ·
2230 3370 2237 3379 ·
2756 3362 2763 3369 ’

613 3433 836 3495 Utrum
884 3433 1147 3495 Parocbi
1196 3433 1432 3512 aliique
1493 3435 1859 3497 sacerdotes
1923 3435 2213 3514 exequiis
2284 3441 2704 3501 mortuorum.
2773 3432 3139 3512 officiisque

535 3514 926 3594 quotidianis
968 3516 1358 3589 assistenteS‚
1400 3530 1473 3577 ac
1513 3532 1623 3599 pro
1655 3531 1726 3581 ea
1776 3515 2105 3577 functione
2150 3514 2544 3592 stipendium
2582 3514 3001 3591 accipientes,
3034 3522 3131 3576 te-

535 3603 814 3657 neantur
859 3610 968 3672 per
1011 3609 1078 3655 se
1122 3592 1407 3656 Officium
1453 3595 1903 3658 defunctorum
1953 3596 2477 3675 persolvere3an
2517 3608 2671 3654 vero
2706 3593 2983 3655 sufficiat
3031 3594 3135 3673 (ut

536 3675 782 3737 fructus
827 3673 1066 3736 faciant
1108 3675 1282 3747 suos)
1325 3674 1725 3737 solummodo
1763 3679 2084 3749 assistere,
2129 3676 2273 3740 aliis
2318 3672 2763 3754 recitantibus,
2796 3672 2923 3736 ‘vel
2963 3676 3137 3736 inte·

535 3772 643 3819 rea
690 3755 844 3896 aligs
871 3769 1091 3832 preces
1122 3752 1419 3833 fundere,
1450 3772 1503 3818 v.
1531 3773 1588 3837 g.
1623 3756 2021 3820 Breviarium
2056 3754 2380 3819 recitare?
2408 3753 2465 3817 S.
2494 3754 2561 3817 R.
2597 3753 2657 3817 C.
2686 3754 2726 3818 9
2768 3755 2915 3834 maji
2976 3754 3141 3818 1857

537 3854 640 3900 res
689 3852 769 3896 on
825 3837 873 3896 it
916 3851 989 3896 nc
1037 3836 1222 3897 alive.

745 3915 828 3977 8.
868 3850 1164 3975 oni-aqut«,
1206 3906 1833 3977 saeros-netues
1878 3916 2001 3978 Leo
2042 3915 2095 3978 X
2141 3914 2380 3980 dicenti
2439 3930 2578 3977 eam
2629 3914 2811 3978 flexis
2857 3914 3141 3995 genibus

537 3994 808 4059 indulsit
848 3994 1138 4059 defectus
1181 4004 1247 4058 et
1288 3998 1505 4078 cuipas
1549 4013 1662 4078 per
1699 3997 1954 4060 modum
1986 3996 2411 4075 Indulgentiae
2451 3998 2519 4058 in
2558 3996 2944 4058 recitatione
2980 4012 3140 4059 con-

538 4086 805 4151 tractas3
850 4092 1081 4154 nempe
1122 4077 1427 4154 veniales,
1470 4077 1651 4141 addit
1694 4077 1982 4153 Billuart,
2027 4076 2112 4139 ita
2150 4087 2216 4139 ut
2260 4078 2337 4139 ab
2381 4094 2457 4139 eo
2503 4092 2699 4139 onere
2735 4077 2825 4137 sic
2857 4082 3135 4141 recitata

536 4159 790 4220 eximat.
835 4156 1007 4219 Adeo
1054 4165 1124 4219 ut
1164 4157 1409 4235 (subdit
1453 4158 1647 4238 Dens)
1694 4158 2001 4225 defectus.
2044 4174 2099 4219 v.
2150 4175 2229 4237 g„
2272 4158 2595 4220 commissi
2635 4158 2701 4219 in
2738 4158 3131 4222 recitatione

533 4238 849 4313 Matutini,
891 4239 942 4299 si
991 4243 1130 4315 post
1173 4237 1547 4301 Matutinum
1593 4238 1846 4301 dicatur
1892 4237 2342 4314 sacrosanctis,
2383 4246 2525 4312 etc.,
2566 4250 2696 4299 non
2765 4238 3144 4304 coalescant

536 4333 679 4380 cum
724 4315 1100 4393 defectibus,
1143 4334 1301 4397 quos
1348 4328 1560 4398 postea
1607 4319 1830 4381 eodem
1877 4320 1982 4382 die
2025 4320 2167 4398 qu'is
2211 4318 2555 4380 committit
2620 4317 2684 4379 in
2751 4320 3140 4384 recitatione

538 4397 787 4473 primm,
829 4397 1085 4473 Tertiae,
1118 4409 1236 4461 etc.
1281 4398 1410 4465 Sed
1458 4398 1581 4461 dici
1630 4399 1822 4462 debet
1866 4399 2058 4462 corde
2101 4399 2417 4472 contrito;
2463 4396 2876 4477 indulgentia
2945 4402 3129 4463 enim

538 4480 839 4558 supponit
881 4479 1129 4557 culpam
1180 4483 1529 4542 remissam.
1578 4479 1645 4541 ln
1693 4483 1888 4542 cnoro
1934 4489 2145 4543 autem
2192 4479 2403 4555 (docet
2447 4477 2849 4559 Pellizarius)
2890 4480 3133 4551 sufficit

540 4568 609 4621 ut
653 4563 959 4621 recitetur
1002 4563 1079 4619 ab
1125 4576 1273 4631 uno,
1316 4560 1460 4622 aliis
1507 4559 2079 4639 respondentibus3
2124 4559 2424 4620 omnibus
2471 4569 2680 4621 tamen
2730 4563 2914 4623 flexis
2958 4560 3139 4639 genl-

541 4640 674 4703 bus.
718 4638 1010 4701 Ceterum
1061 4637 1206 4701 Pius
1256 4639 1340 4700 lX
1384 4639 1500 4702 die·
1534 4639 1611 4701 ¹2
1648 4639 1794 4719 julii
1858 4638 2012 4704 1856
2055 4656 2133 4701 ex
2180 4638 2439 4718 speciali
2485 4640 2692 4718 gratia
2761 4641 3135 4707 clementer

540 4719 830 4796 indulsit,
871 4728 942 4781 ut
987 4717 1092 4779 illa
1130 4717 1348 4781 Oratio
1391 4735 1506 4799 pro
1543 4719 1851 4783 lucranda
1901 4718 2332 4798 indulgentia,
2383 4721 2578 4782 etiam
2625 4737 2753 4782 non
2802 4723 2987 4784 nexis
3020 4738 3127 4801 ge-

544 4802 733 4864 nibus
776 4799 1033 4862 recitari
1081 4799 1276 4876 possit
1319 4799 1396 4861 ab
1439 4799 1539 4873 iis,
1581 4800 1688 4878 qui
1737 4799 2029 4878 legitime
2069 4799 2367 4879 impediti
2417 4798 2683 4877 tuerint,
2715 4800 2826 4864 sed
2862 4803 3138 4866 infirmi-

547 4886 692 4944 tatis
740 4892 980 4942 tantum
1028 4893 1239 4940 causa.
1860 4918 1871 4930 .
