3292 5167
1389 213 1465 258 ne
1513 209 1653 257 etun
2677 192 2817 259 613

391 318 450 385 3.
499 288 1024 403 Sapei-naturalis,
1083 315 1247 384 fides
1297 315 1471 384 enim
1523 323 1750 401 nostra
1817 315 2027 383 tendit
2075 314 2155 382 ad
2202 317 2413 384 Deum
2479 333 2809 402 superna·

201 422 514 491 turaliter
559 422 935 507 cognitum:
986 440 1144 507 ergo
1196 422 1338 508 ejus
1389 429 1575 490 actus
1624 421 2148 509 supernaturalis
2198 431 2319 489 est.

388 533 449 598 4.
504 533 658 612 Una,
702 529 885 615 juxta
935 529 1097 597 illud
1144 530 1474 616 Apostoli:
1532 550 1697 598 unus
1734 530 2058 611 Bormum,
2106 549 2236 596 una
2277 530 2442 616 fides,
2478 548 2674 597 unum
2705 530 2811 597 bct-

205 637 443 720 ptisma
498 640 539 704 ¹.
601 641 734 707 Una
786 644 926 704 tum
976 638 1233 705 ratione
1284 656 1505 706 rerum
1559 656 1708 724 quae
1761 634 2142 717 creduntur,
2198 642 2523 720 quatenus
2556 652 2811 705 =omnes

206 761 416 839 unum
467 751 530 812 et
581 744 756 814 idem
807 744 1076 833 credere
1127 744 1483 825 debemus;
1533 752 1675 812 tum
1727 744 1982 811 ratione
2033 742 2258 811 motivi
2299 743 2475 829 quod
2510 762 2631 812 nos
2669 762 2803 814 mo·

206 858 316 917 vet
364 851 443 917 ad
493 852 925 935 credendum,
978 853 1231 921 scilicet
1285 853 1577 921 una=Dei
1630 851 2013 919 auctoritas.

391 961 451 1025 5.
502 960 870 1027 Meritoria:
921 960 1072 1028 hinc
1123 959 1579 1027 Tridentinum
1630 958 1825 1026 docet
1886 958 2081 1024 fidem
2158 970 2532 1045 praeparare
2589 956 2803 1023 homi-

113 1082 124 1091 ·
208 1084 361 1133 nem
411 1066 492 1133 ad
532 1067 1073 1151 justificationem
1124 1064 1187 1129 ²:
1242 1077 1306 1135 et
1354 1067 1713 1153 Apostolus
1777 1066 1856 1133 de
1903 1065 2249 1133 Judicibus'
2321 1073 2386 1133 et
2456 1065 2805 1150 Prophetis

207 1180 438 1259 aperte
509 1173 665 1242 dicit
697 1198 711 1238 z
745 1193 861 1261 per
903 1175 1084 1261 fidem
1127 1176 1402 1243 vicerunt
1447 1164 1679 1260 Beona,
1722 1175 1967 1261 operati
2011 1185 2157 1240 sunt
2192 1172 2526 1259 justitiam,
2601 1172 2811 1259 adepti

195 1290 355 1346 sunt
390 1281 898 1366 repromissiones
946 1278 995 1348 ³.
1557 1316 1564 1325 ·

388 1389 449 1455 6.
503 1388 795 1471 Obscura,
846 1408 924 1456 ex
976 1397 1157 1474 parte
1197 1388 1285 1456 rei
1339 1388 1679 1456 revelatae:
1730 1408 1926 1456 secus
1982 1407 2109 1455 non
2191 1387 2553 1454 haberetur
2621 1387 2804 1471 fides,

201 1495 331 1564 sed
377 1496 673 1564 scientia.
724 1494 1052 1565 Revelatio
1105 1495 1373 1582 quidem
1423 1495 1572 1564 fidei
1638 1496 2058 1564 existentiam
2106 1494 2805 1581 infallibiliter-aperit,

199 1603 330 1671 sed
378 1611 678 1673 naturam
729 1605 871 1691 ejus
924 1622 1052 1672 non
1108 1604 1503 1672 manifestat.
1557 1607 1866 1672 Ceterum
1917 1605 2042 1672 hoc
2092 1621 2223 1673 non
2294 1603 2588 1689 impedit,
2641 1621 2803 1689 quo·

207 1711 431 1779 minus
480 1709 642 1778 fides
693 1710 1145 1781 omnimodam
1195 1710 1432 1780 habeat
1483 1711 1970 1793 certitudinem,
2023 1708 2529 1780 credibilitatem
2604 1715 2806 1795 atque

211 1821 704 1889 necessitatem.

291 1960 486 2034 Nou.
529 1963 660 2024 Etsi
711 1961 866 2031 fides
926 1965 1008 2026 sit
1055 1961 1541 2024 tundamentum
1586 1962 1794 2024 omnis
1834 1961 2334 2039 JustilicationiS,
2383 1976 2456 2023 ac
2501 1961 2641 2023 sine
2688 1959 2794 2022 illa

199 2042 384 2104 salus
432 2060 556 2104 non
601 2044 1009 2118 obtineatur3
1057 2059 1183 2104 non
1232 2041 1375 2103 ideo
1425 2053 1638 2104 tamen
1689 2044 1889 2120 prima
1952 2045 2153 2119 gratia
2190 2042 2315 2104 dioi
2362 2041 2585 2115 debet3
2632 2042 2808 2119 prior

209 2124 389 2184 enim
435 2133 532 2186 est
560 2125 762 2204 gratia
801 2121 906 2185 illa
941 2140 1081 2203 quae
1115 2133 1182 2185 ut
1219 2125 1542 2203 praevenit
1579 2122 1997 2197 voluntatem,
2032 2123 2123 2184 sic
2158 2124 2470 2200 praevenit
2498 2132 2562 2183 et
2595 2121 2803 2192 tidem,

211 2200 300 2265 Ita
352 2202 573 2265 fideles
618 2206 681 2265 e't
728 2205 1012 2266 haeretici
1059 2219 1227 2283 saepe
1270 2204 1512 2282 gratias
1555 2204 1945 2265 sufficientes
1993 2205 2334 2281 recipiunt,
2380 2201 2610 2281 quibus
2658 2201 2804 2263 alli·

193 2284 470 2345 ciuntur
513 2284 587 2346 ad
640 2285 827 2346 fidem
875 2288 1075 2363 ipsam
1122 2283 1650 2361 amplectendam.
1699 2282 2031 2344 Contraria
2078 2292 2295 2345 autem
2352 2283 2647 2344 doctrina
2697 2282 2805 2344 da-

201 2372 430 2426 mnata
475 2372 570 2427 est
615 2364 790 2427 Bulla
842 2374 973 2427 tum
1025 2363 1429 2445 Uniqem’tus,
1491 2373 1621 2426 tum
1666 2362 1999 2426 Auctorem
2040 2363 2198 2442 fidei.

571 2616 912 2691 Anricctu's
959 2624 1006 2689 1.
1058 2658 1132 2671 -
1191 2625 1276 2690 De
1318 2622 1462 2709 fidei
1506 2622 1868 2690 certitudine
1913 2644 1989 2690 oc
2033 2623 2451 2690 credibilitace.

309 2868 522 2932 899-
574 2874 645 2952 Q.
700 2874 756 2937 l.
805 2873 1053 2952 Quanta
1099 2883 1185 2938 est
1228 2872 1372 2958 fidei
1416 2872 1768 2939 certitudo?
2410 2954 2416 2962 .

203 3022 212 3031 -
306 2978 376 3045 R.
427 2978 630 3043 Tanta
681 2983 780 3043 est
831 2975 979 3042 fidei
1031 2976 1360 3045 certitudo
1411 2986 1653 3063 quanta
1704 2984 1804 3046 est
1856 2979 1995 3065 ipsa
2032 2978 2151 3045 Dei
2188 2977 2535 3044 revelantis
2575 2983 2803 3045 aucto-

217 3082 419 3150 ritas:
472 3082 624 3150 huic
673 3083 850 3150 enim
897 3083 1017 3150 soli
1073 3091 1386 3170 tanquam
1438 3084 1702 3170 objecto
1724 3103 1878 3171 „suo
1930 3082 2189 3151 formali
2239 3081 2559 3149 innititur.
2610 3082 2803 3167 Atqui
2904 3080 2933 3173 J

79 3218 88 3223 ·
205 3191 333 3260 Dei
389 3189 749 3259 auctoritas
800 3190 864 3258 in
916 3190 1264 3259 revelando
1314 3177 1684 3260 certissima
1737 3199 1836 3259 est
1856 3217 1873 3272 ;
1927 3210 2083 3276 ergo
2136 3197 2199 3258 et
2250 3188 2411 3259 fides
2472 3196 2714 3258 nostra.

302 3300 514 3385 Major
562 3317 692 3367 non
744 3298 1199 3383 impugnatur:
1249 3299 1457 3367 minor
1508 3300 1805 3385 rejicitur
1877 3316 1910 3363 a
1980 3298 2525 3377 PriscillianistiS‚
2598 3297 2804 3367 Mani-

201 3407 416 3478 ohaeis
464 3411 530 3472 et
577 3404 972 3491 quibusdam
1020 3405 1184 3488 aliiS,
1221 3405 1330 3491 qui
1368 3404 1859 3473 contendebant
1906 3407 2116 3473 Deum
2152 3404 2475 3473 mendacii
2513 3422 2665 3473 esse
2704 3421 2809 3471 ca-

210 3529 466 3601 pacem.
522 3510 653 3580 Sed
701 3519 800 3580 est
850 3518 1039 3579 atrox
1085 3511 1523 3597 blasphemia3
1568 3510 1926 3579 auctoritas
1977 3511 2150 3579 enim
2201 3511 2315 3579 Dei
2353 3511 2417 3578 in
2459 3509 2805 3579 revelando

204 3630 317 3689 est
366 3620 669 3705 quaedam
720 3619 906 3705 quasi
958 3620 1330 3705 complexio
1384 3628 1522 3688 tum
1571 3640 1651 3689 ex
1701 3619 1955 3688 infinita
2003 3621 2344 3707 sapientia,
2395 3638 2523 3706 qua
2572 3636 2677 3687 res
2710 3615 2805 3685 uti

208 3735 372 3798 sunt
421 3726 761 3815 itanovit,
814 3736 886 3793 ut
932 3727 1062 3794 falli
1119 3745 1248 3794 non
1301 3727 1546 3812 possit3
1596 3734 1736 3794 tum
1773 3746 1852 3795 ex
1891 3727 2145 3795 infinita
2180 3728 2497 3809 bonitate,
2534 3742 2661 3811 qua
2699 3739 2807 3792 res

209 3834 313 3903 uti
361 3839 561 3915 sunt,
610 3832 698 3900 ita
751 3833 941 3901 nobis
994 3832 1127 3899 vult
1192 3833 1523 3917 revelare,
1575 3841 1645 3902 ut
1698 3852 1828 3902 non
1904 3835 2114 3921 possit
2186 3834 2432 3903 fallere.
2505 3831 2671 3899 Hinc
2739 3830 2805 3899 in

205 3939 554 4024 Scriptura
608 3939 876 4023 legitur:
926 3941 1069 4004 Non
1117 3950 1203 4004 est
1249 3941 1418 4005 Deus
1462 3941 1645 4025 quas-i
1677 3941 1877 4022 homo,
1928 3952 1993 4006 ut
2043 3940 2424 4017 viventiacum
2470 3950 2556 4003 est
2601 3948 2811 4004 autem

212 4051 387 4116 Deus
413 4065 651 4124 verax;
684 4046 884 4113 omnis
904 4057 1112 4113 autem
1142 4046 1322 4113 homo
1354 4046 1645 4129 mendax.
1686 4047 1868 4115 Unde
1906 4047 2029 4114 tuti
2080 4046 2453 4114 exclamare
2487 4043 2611 4112 deb
2729 4062 2808 4114 us

203 4170 371 4227 cum
415 4153 774 4237 Apostolo:
818 4153 1008 4220 scio...
1047 4152 1149 4218 cui
1192 4151 1447 4232 credidi,
1483 4164 1540 4219 et
1584 4164 1790 4219 certus
1833 4173 1977 4219 sum
2009 4158 2040 4201 ⁴
2056 4178 2074 4232 3
2106 4152 2385 4241 Aprahae
2420 4151 2617 4218 fidem
2682 4150 2814 4218 mi-

215 4259 444 4341 tand0,
495 4259 608 4345 qui
648 4259 717 4326 in
748 4279 918 4346 spem
949 4271 1167 4327 contra
1202 4279 1371 4347 spem
1402 4258 1681 4343 credidit,
1716 4259 1781 4326 id
1819 4267 1919 4327 est
1952 4267 2344 4327 eventurum
2376 4257 2819 4328 infallibiliter

209 4364 496 4434 credidit
546 4364 725 4451 quod
774 4384 854 4434 ex
902 4367 1237 4435 communi
1289 4374 1542 4434 naturae
1607 4364 1841 4435 ordine
1913 4365 2325 4451 impossibile
2400 4365 2805 4449 videbatur,

287 4594 304 4633 ¹
340 4592 472 4657 Eph.
504 4605 571 4645 iv.
944 4594 969 4634 ²
1003 4594 1143 4646 Sese.
1182 4606 1252 4655 vt,
1295 4598 1425 4647 c..6.
2088 4592 2137 4649 ‚⁸
2173 4593 2323 4645 liebr.
2362 4606 2433 4647 xi.

275 4656 303 4699 ⁴
347 4658 500 4708 Num.
535 4667 693 4718 xxni3
729 4656 882 4708 Rom.
933 4670 1014 4720 ¹1¹3
1050 4661 1102 4710 et
1136 4657 1252 4709 Tim
1301 4670 1335 4708 1.

332 4739 601 4819 Scivtm,
654 4738 976 4825 Theoloqia
1028 4747 1152 4807 etc.
1202 4741 1274 4807 T.
1325 4740 1400 4806 ll.
1770 4774 1780 4789 2
2552 4738 2636 4804 39
