3292 5167
1216 240 1292 285 ne
1342 242 1820 288 vnAEscntrrtoNss
2676 223 2812 290 263

256 342 515 414 cessaria
562 341 996 427 praescriptiO,
1049 344 1202 429 quia
1246 361 1446 436 'nemo
1491 362 1629 413 rem
1663 361 1850 412 suam
1887 345 2306 429 praescribit3
2351 346 2464 415 sed
2501 347 2580 416 de
2613 348 2818 415 titulo

259 455 368 540 -qui
406 459 621 537 suapte
676 458 907 518 natura
958 452 1196 521 habilis
1248 454 1567 522 habeatur
1613 453 1695 520 ad
1743 453 2262 522 transferendam
2313 457 2812 542 proprietatem,

271 568 332 626 ut
368 563 525 626 esset
570 556 882 639 venditio,
931 557 1222 628 donatio.
1275 560 1604 628 claritatis
1654 578 1809 628 vero
1860 559 2061 645 gratia
2113 561 2520 650 quadruplex
2568 564 2694 633 boc
2743 565 2814 632 in

262 668 390 735 ioco
433 664 852 750 distinguitur
898 665 1164 734 titulus:
1216 667 1597 751 coloratuS,
1650 667 2062 735 existimatus
2113 677 2560 754 praesumptus
2612 677 2676 737 et
2724 670 2856 758 vi—,

272 773 465 841 tiosus.
512 774 836 841 coloratus
881 775 1016 843 sive
1067 772 1391 861 apparens
1440 783 1542 845 est
1590 776 1702 862 qui
1764 776 2018 843 occulta
2057 776 2307 842 laborat
2343 777 2676 846 nullitate:
2715 797 2816 847 es-

270 889 368 964 set,
410 880 458 946 si
507 899 539 947 a
588 881 759 948 Titio
810 900 947 950 rem
999 883 1291 964 emerim,
1345 901 1541 969 quam
1591 884 1903 970 putabam
1953 901 2100 951 esse
2149 883 2344 965 Titii,
2395 902 2545 951 cum
2594 892 2813 952 tamen

266 996 417 1056 esset
454 987 847 1071 Sempronii.
894 989 1313 1057 Eaeistimatus
1356 976 1457 1057 est
1508 989 1618 1075 qui
1671 989 2034 1076 prudenter
2077 989 2367 1057 creditur
2415 990 2815 1071 interfuisse,

266 1093 397 1161 iicet
444 1112 565 1161 non
618 1093 1029 1162 interfuerit:
1081 1102 1152 1162 ut
1200 1096 1255 1165 si
1305 1096 1480 1163 filius
1531 1114 1608 1164 ex
1661 1095 2046 1165 haereditate
2086 1095 2419 1182 possideat
2468 1115 2626 1179 rem,
2664 1114 2814 1183 quae

264 1218 300 1267 a
338 1206 499 1286 patre
548 1206 819 1286 putetur
864 1208 1122 1288 empta,
1174 1221 1324 1271 cum
1374 1211 1591 1288 empta
1642 1221 1774 1272 non
1815 1202 1921 1270 sit.
1957 1206 2384 1290 Praesumptus
2416 1212 2516 1271 est
2550 1203 2815 1289 quando

262 1308 497 1392 allegari
533 1326 664 1377 non
715 1315 936 1395 potest
984 1316 1206 1379 certus
1258 1309 1701 1400 titulus„sed
1773 1311 1857 1378 ob
1929 1310 2251 1394 temporis
2312 1309 2817 1379 diuturnitatem

272 1415 663 1499 praesumitur
708 1415 1105 1484 interfuisse.
1154 1417 1422 1484 Vitiosus
1460 1423 1563 1484 est
1613 1417 1724 1501 qui
1801 1422 1978 1484 caret
2049 1415 2265 1501 aliqua
2339 1416 2721 1484 conditione
2783 1432 2817 1482 a

270 1520 393 1607 lege
434 1528 691 1589 statuta.
739 1525 881 1590 Jam
929 1541 1082 1591 vero
1127 1522 1209 1590 ad
1255 1523 1615 1608 legitimam
1665 1522 2237 1608 praescriptionem
2275 1521 2506 1600 titulus
2541 1521 2818 1589 vitiosus

270 1629 500 1717 allegari
547 1650 678 1699 non
731 1638 984 1718 potest;
1039 1632 1190 1718 quia
1239 1632 1718 1717 dispositiones
1791 1631 1952 1716 legis
2025 1648 2362 1716 nunquam
2429 1635 2821 1715 reputantur

270 1738 514 1823 ignotae:
562 1738 741 1805 unde
787 1739 1040 1806 axioma
1072 1731 1096 1800 ξ
1134 1741 1355 1806 melius
1402 1750 1489 1806 est
1532 1759 1657 1806 non
1707 1739 1928 1806 habere
1995 1739 2241 1805 titulum
2270 1792 2287 1820 ,
2338 1757 2528 1822 quam
2572 1735 2824 1802 titulum

266 1845 542 1912 titiosum.
594 1844 851 1913 Titulus
901 1853 1119 1913 autem
1170 1846 1264 1914 vel
1317 1846 1653 1914 coloratus
1703 1846 1803 1913 vel
1853 1844 2265 1914 existimatus
2339 1845 2703 1933 requiritur
2757 1848 2823 1910 et

268 1952 503 2032 sufficit,
554 1971 705 2020 cum
740 1958 896 2020 tunc
944 1953 1104 2022 satis
1153 1952 1441 2020 salvetur
1487 1952 1662 2020 bona
1708 1951 1890 2018 fides.
1941 1954 2077 2022 lmo
2130 1952 2208 2018 ad
2246 1952 2825 2038 prat-scriptionem

266 2075 567 2142 annorum,
619 2060 884 2145 triginta
932 2061 1173 2129 sufficit
1224 2068 1718 2146 praesumptus,
1749 2075 1922 2127 ·cum
1972 2066 2152 2126 recte
2201 2067 2616 2146 supponatur
2664 2057 2822 2123 titu-

272 2165 388 2232 lum
428 2165 729 2248 adfuisse,
778 2168 899 2234 etsi
954 2167 1214 2252 probari
1265 2174 1550 2253 nequeat
1597 2167 1683 2234 ob
1735 2167 2051 2250 temporis
2102 2166 2601 2234 diuturnitatem
2655 2162 2709 2231 ¹.

349 2277 401 2340 t.
425 2273 743 2356 Possessio,
793 2261 941 2360 qua}
977 2276 1147 2343 solet
1181 2275 1475 2342 definiri:
1514 2276 1775 2342 detentio
1801 2277 1894 2340 rei
1923 2276 2016 2341 vel
2039 2276 2257 2361 fruitio
2278 2277 2450 2361 juris
2479 2294 2597 2360 per
2626 2293 2690 2339 se
2715 2282 2827 2336 aut

266 2383 589 2464 petatium,
616 2382 725 2467 qui
753 2394 965 2449 nostro
990 2367 1237 2450 nomine
1281 2402 1416 2448 rem
1445 2384 1623 2450 illam
1651 2383 1891 2463 detinet,
1934 2383 2026 2449 vel
2056 2382 2214 2449 illud
2232 2384 2343 2468 jus
2372 2393 2634 2448 exercet.
2670 2382 2826 2446 Haec

276 2505 449 2571 porro
495 2496 594 2558 est
645 2488 1143 2558 fundamentum
1203 2490 1760 2576 praescriptionis3
1810 2488 1984 2557 unde
2057 2490 2121 2556 in
2186 2489 2362 2575 jure:
2409 2489 2543 2556 sine
2581 2504 2830 2574 posses-

264 2596 422 2662 sione
471 2598 861 2685 proescriptio
907 2617 1032 2664 non
1074 2599 1368 2683 procedit.
1418 2600 1500 2666 Ut
1557 2608 1773 2664 tamen
1838 2598 2047 2664 valeat
2097 2595 2431 2680 possessio
2460 2649 2476 2678 ‚
2527 2613 2606 2663 ex
2654 2590 2828 2660 civili

274 2703 401 2788 lege
443 2704 640 2773 debet
688 2723 835 2773 esse
881 2706 1219 2787 continua,
1270 2706 1545 2791 proinde
1593 2706 1739 2773 sine
1787 2705 2271 2789 interruptione
2320 2711 2462 2772 toto
2527 2709 2831 2787 tempore

272 2813 556 2896 praefixo:
607 2814 722 2899 qui
772 2821 991 2881 tamen
1037 2813 1100 2880 in
1146 2832 1214 2882 re
1264 2813 1557 2882 succedit
1620 2813 1756 2881 sive
1808 2814 1999 2890 titulo
2048 2812 2396 2880 universali
2461 2827 2699 2894 nempe
2751 2825 2835 2875 ex

274 2916 657 3002 baereditate,
704 2920 1082 2988 sive.titulo
1136 2921 1530 3005 particulari,
1586 2929 1743 3007 puta
1797 2922 1948 3005 quia
1999 2938 2136 2986 rem
2186 2920 2364 2997 emit,
2399 2916 2480 2983 ad
2516 2912 2834 3002 praescri-

268 3024 537 3092 bendum
586 3034 767 3094 recte
815 3026 957 3093 unit
1007 3034 1271 3112 tempus
1307 3046 1438 3112 quo
1476 3028 1617 3112 ipse
1656 3027 1955 3113 possidet
1990 3045 2140 3094 cum
2174 3034 2473 3110 tempore
2508 3040 2640 3109 quo
2678 3037 2832 3105 pos-

268 3131 550 3201 sidebant
599 3134 741 3219 ejus
790 3141 1266 3203 antecessores.
1302 3136 1589 3221 Pacifico,
1624 3134 1800 3202 unde
1846 3134 1899 3201 si
1934 3133 2029 3201 vis
2066 3133 2453 3202 adhibeatur
2484 3129 2568 3200 ad
2605 3127 2834 3214 acqui-

272 3241 519 3309 rendam
572 3244 1109 3328 possessionem,
1161 3242 1333 3308 nulla
1387 3241 1802 3328 praescriptio
1821 3267 1838 3324 ;
1908 3248 2086 3309 esset
2157 3240 2401 3307 furtum
2437 3291 2453 3321 ,
2503 3256 2636 3306 non
2687 3250 2835 3302 vera

270 3349 613 3433 possessio
666 3347 937 3432 Publica,
989 3348 1052 3416 id
1100 3357 1201 3418 est
1251 3350 1360 3417 tali
1409 3357 1481 3416 ut
1530 3349 1606 3432 is,
1658 3355 1887 3416 contra
1923 3365 2116 3433 quem
2154 3346 2360 3414 currit
2394 3342 2836 3431 praescriptiO,

274 3471 393 3525 eam
442 3474 852 3543 cognoscere
901 3457 1111 3543 possit
1160 3464 1225 3526 et
1287 3443 1679 3540 reclamare,
1727 3457 1782 3524 si
1831 3455 2025 3524 vellet
2095 3462 2397 3523 accurate
2460 3450 2834 3521 attendere:

274 3565 352 3631 sic
383 3565 493 3649 qni
544 3563 773 3631 furtim
822 3582 1059 3650 aquam
1108 3565 1326 3632 haurit
1373 3581 1452 3632 ex
1500 3564 1718 3633 alieno
1770 3570 1992 3650 pute0,
2029 3555 2179 3652 licet
2219 3580 2336 3648 per
2369 3562 2640 3645 longum
2674 3564 2839 3622 tem·

276 3689 398 3756 pus,
437 3672 551 3757 jus
602 3690 734 3739 non
771 3670 1052 3757 acquirit
1105 3671 1216 3740 illo
1264 3671 1677 3741 clandestino
1729 3690 1876 3738 usu.
1927 3673 2070 3739 Non
2116 3676 2427 3755 oequivoca
2464 3684 2581 3735 seu
2616 3660 2837 3741 dubia,

274 3778 376 3846 sed
418 3787 622 3861 certa,
673 3778 739 3846 id
786 3786 884 3848 est
937 3778 1385 3848 demonstrata
1420 3797 1538 3865 per
1587 3785 1775 3847 actus
1811 3778 2221 3846 attestativos
2254 3795 2425 3845 verae
2463 3767 2838 3860 possessio-

274 3885 377 3970 nis,
425 3889 515 3954 ita
564 3880 639 3953 ut
681 3886 793 3973 qui
845 3886 1183 3971 possidet,
1235 3887 1573 3956 moraliter
1620 3893 1842 3954 certus
1891 3886 1976 3952 sit
2048 3885 2127 3953 de
2189 3903 2305 3950 sua
2378 3878 2839 3968 possessione:

270 3992 548 4080 alioquin
599 3991 862 4061 deesset
913 3994 1085 4061 bona
1136 3992 1317 4061 fides.
1373 3995 1573 4062 Titulo
1602 3996 2044 4081 proprietarii:
2079 3992 2229 4058 hinc
2270 3989 2379 4075 qui
2417 3987 2664 4054 detinet
2698 4001 2841 4051 rem

274 4102 525 4169 nomine
572 4099 888 4183 alteriuS,
938 4106 1009 4167 ut
1058 4099 1380 4183 colonuS,
1430 4099 1878 4185 depositarius
1910 4154 1926 4184 ,
1977 4095 2537 4167 ususfructuarius
2611 4090 2842 4176 nequit

282 4210 700 4289 praescribere
732 4212 761 4255 ²
811 4208 1054 4294 (neque
1102 4225 1336 4276 eorum
1385 4226 1740 4276 successor
1789 4208 1981 4275 titulo
2032 4204 2432 4288 universali).
2492 4202 2656 4269 Hinc
2721 4217 2838 4267 ne-

1450 4387 1483 4420 b

326 4430 345 4471 ¹
378 4453 396 4475 ι
434 4430 721 4483 Prescritto
751 4430 787 4480 il
822 4429 999 4480 debito
1032 4429 1115 4480 del
1148 4429 1375 4491 capitale
1406 4441 1501 4492 per
1531 4441 1617 4480 ess
1632 4443 1681 4481 tr
1712 4431 1877 4489 giuntl
1912 4430 1961 4480 al
1993 4429 2108 4479 loro
2143 4428 2365 4478 termine
2398 4425 2464 4486 gli
2501 4424 2626 4475 anni
2650 4425 2728 4480 30,
2749 4420 2844 4482 piu
2925 4423 2938 4436 ⁰

280 4503 365 4545 non
396 4506 535 4544 sono
568 4492 757 4543 dovuti
790 4492 857 4543 ne
888 4492 1054 4542 anche
1088 4492 1271 4564 quegli·
1296 4491 1533 4542 interessi
1568 4505 1597 4542 e
1618 4493 1879 4603 proventi,
1903 4493 1984 4564 pei
2006 4492 2149 4556 quali
2181 4491 2316 4552 presi
2340 4487 2709 4564 isolatamente
2733 4493 2839 4532 non

280 4555 479 4608 sarebhe
514 4567 609 4619 per
641 4565 778 4606 anco
810 4565 961 4605 corsa
993 4555 1045 4605 la
1077 4553 1445 4617 prescnzlone.
1488 4573 1505 4596 ι
1546 4556 1614 4604 De
1637 4554 2038 4618 la-Margberita,
2073 4556 2209 4604 Dette
2237 4561 2605 4622 prescrtzaeom„
2669 4605 2848 4667 parm

276 4610 2002 4747 ³2²1missetat.¹3⁰3st³333021fattssltttttt‘tuttt‘tsstt
2031 4612 2708 4736 ..dt-tsttslffitttsss...
2740 4668 2850 4719 ω-
