3292 5167
528 206 658 273 494
1219 226 1332 271 mu.
1382 226 1447 271 n.
1495 227 1705 272 macr.
1757 223 1857 272 vn.
1901 199 2052 274 mse.
2103 224 2166 273 ιι.
2220 229 2351 276 ωε».
2400 229 2442 274 1.

704 332 763 397 2.
816 332 896 399 Ut
945 328 1057 415 qui
1108 333 1598 414 aggressionem
1653 329 1918 416 patitur,
1982 349 2117 400 non
2191 341 2416 400 utatur
2490 328 2721 417 maJori
2791 327 3118 415 violentia,

528 455 725 523 quam
797 455 1070 506 necesse
1131 436 1216 504 sit
1280 436 1356 504 ad
1408 437 2095 510 mortem'vitandam.
2145 415 2436 526 Ideofiue
2483 438 2535 507 si
2585 438 2667 507 ab
2716 438 2965 524 injusto
3016 458 3122 525 ag-

526 562 836 629 gressore
887 545 1169 622 liberare
1217 563 1290 612 se
1341 552 1538 631 queat
1588 545 1955 628 clamando,
2006 546 2320 631 fugiendo
2371 547 2468 614 vei
2521 543 2927 614 vulnerando
2984 553 3120 614 tan·

525 658 686 734 tum,
737 671 868 720 non
923 658 1146 737 potest
1195 650 1545 733 occidere3
1594 650 1893 738 alioquin
1945 652 2277 722 occideret
2326 651 2571 738 injuste
2604 707 2620 736 ‚
2670 660 2736 721 et
2787 660 3123 722 teneretur

526 757 634 855 ad⁸
668 759 1183 841 restitutionem,
1235 777 1384 841 cum
1426 759 1537 844 jns
1590 767 1748 828 tunc
1796 761 2147 829 excederet
2197 778 2232 829 a
2285 771 2516 829 natura
2569 762 2891 830 tributum
2944 765 2993 829 ¹.

704 867 762 934 3.
816 869 895 934 Ut
968 857 1306 951 aggressio
1377 866 1462 934 sit
1535 866 1798 952 injusta.
1851 868 2017 936 Hinc
2085 886 2217 937 non
2278 868 2433 938 licet
2482 886 2597 936 reo
2646 887 2719 937 se
2767 868 3121 939 defendere

527 980 760 1040 contra
806 974 1151 1043 ministros
1192 973 1495 1062 justitiae,
1548 991 1579 1039 a
1632 965 1874 1059 quibus
1919 974 2000 1042 ad
2048 973 2452 1061 supplicium
2501 976 2785 1043 trahitur
2834 977 2934 1044 vel
2970 975 3121 1045 cum

515 1080 698 1167 juste
744 1083 963 1166 ipsum
1012 1081 1519 1168 aggrediantur:
1570 1100 1730 1150 sane
1779 1101 1911 1150 non
1962 1082 2157 1151 datur
2195 1084 2311 1171 jus
2348 1085 2479 1170 jnri
2530 1084 2939 1170 oppositum.

701 1191 761 1255 4.
813 1191 893 1256 Ut
940 1189 1276 1274 aggressio
1326 1196 1476 1257 actu
1526 1181 1870 1258 moraffler
1918 1189 2254 1273 inferatur,
2304 1189 2369 1258 id
2416 1198 2517 1260 est
2565 1190 2654 1257 ita
2726 1189 3122 1292 impendens

521 1293 627 1376 sit,
682 1302 754 1361 ut
805 1313 935 1363 non
988 1296 1221 1381 possit,
1275 1295 1398 1363 nisi
1449 1295 1743 1363 adhibita
1791 1296 1872 1378 vi,
1910 1313 2066 1364 eam
2132 1297 2408 1382 repelli3
2481 1296 2537 1364 si
2607 1297 2784 1365 enim
2858 1293 3126 1382 aggres-

520 1402 777 1471 sionem
828 1404 931 1471 vix
979 1402 1393 1489 probabilem
1442 1404 1888 1510 feriendo'vel
1940 1404 2307 1474 occidendo
2360 1406 2843 1492 praeveniamus
2873 1459 2891 1487 ,
2966 1406 3121 1474 vitae

521 1510 751 1578 alienae
803 1500 1228 1618 aggressores
1279 1530 1406 1584 nos,
1451 1512 1575 1597 ipsi
1629 1512 2013 1596 efficiemur,
2066 1532 2196 1581 non
2240 1510 2626 1588 defensores
2678 1520 2925 1580 nostrae
2972 1513 3039 1581 ³.

596 1649 786 1713 am.
832 1653 902 1726 Q.
947 1654 1003 1716 2.
1049 1654 1147 1716 An
1190 1652 1367 1716 nobis
1413 1655 1602 1717 liceat
1645 1654 1959 1732 injustum
2000 1671 2431 1735 aggressorem
2472 1654 2748 1716 occidere
2790 1653 2875 1717 ad
2914 1653 3124 1733 defen-

517 1733 780 1795 dendam
825 1736 1020 1796 vitam
1061 1735 1390 1813 proximi?
2942 1765 2953 1776 ·

600 1813 669 1874 R.
714 1814 1056 1876 Affirmant
1099 1816 1560 1889 communiter-3
1604 1814 1657 1876 si
1704 1815 1877 1877 enim
1910 1813 2063 1877 licet
2095 1813 2172 1878 ad
2220 1811 2693 1880 defendendam
2740 1816 2938 1875 vitam
2978 1829 3123 1892 pro·

519 1895 746 2036 griam,
795 1896 946 1957 item
994 1896 1213 1958 licebit
1255 1896 1332 1959 ad
1379 1893 1855 1957 defendendam
1904 1896 2105 1957 vitam
2152 1895 2426 1974 proximi
2476 1893 2869 1968 innocentie,
2919 1909 3113 1972 quem

564 1974 826 2037 ebemus
871 1992 951 2038 ex
994 1977 1214 2038 divino
1260 1978 1593 2038 charitatis
1640 1985 1967 2055 praecepto
2004 1976 2279 2055 diligere
2341 1975 2506 2037 sicut
2569 1992 2684 2037 nos
2744 1976 2931 2052 ipsos.
2977 1973 3112 2036 Hoc

519 2054 710 2118 modo
755 2073 800 2116 s.
861 2055 1133 2118 Thomas
1177 2073 1207 2119 a
1257 2057 1435 2136 culpa
1483 2067 1746 2118 excusat
1802 2055 2078 2135 Moysen,
2139 2057 2246 2136 qui
2309 2056 2549 2118 occidit
2612 2055 2982 2135 AEgyptium
3054 2053 3120 2114 ³:

515 2134 728 2197 Potest
767 2136 914 2210 dici,
965 2138 1126 2218 quod
1168 2137 1404 2216 Moyses
1446 2138 1678 2199 occidit
1717 2137 2080 2216 AEqyptium
2145 2135 2518 2216 defendendo
2580 2153 2736 2212 euin,
2783 2135 2895 2215 qui
2937 2135 3113 2213 inju-

515 2216 681 2277 riam
723 2216 1109 2294 patiebacur,
1157 2235 1299 2279 cum
1342 2218 1762 2279 moderamine
1806 2218 2147 2295 inculpatae
2191 2215 2425 2279 tutelae.
2490 2216 2621 2277 imo
2676 2216 3117 2278 communiter

520 2294 1071 2378 docent.LessiuS,
1112 2297 1305 2377 Lugo,
1347 2298 1910 2374 Salmanticenses,
1953 2308 2100 2372 etc.,
2137 2300 2200 2359 id
2252 2283 2458 2358 iocum
2508 2297 2766 2367 habere,
2816 2294 3117 2374 quamvis

516 2391 855 2455 aggressus
902 2378 1073 2442 velit*
1103 2388 1227 2458 pati
1267 2378 1503 2442 occidi:
1550 2389 1702 2441 tunc
1747 2380 1920 2439 enim
1968 2396 2096 2441 non
2141 2376 2532 2440 defenderes
2564 2377 2670 2455 Jus
2702 2375 2872 2456 quod
2908 2376 3117 2440 habet

518 2473 857 2535 aggressus
901 2478 968 2522 se
1015 2459 1258 2531 tuendi,
1308 2462 1404 2522 cui
1454 2464 1677 2529 cessit;
1723 2458 1830 2519 sed
1876 2460 1982 2538 jus
2024 2459 2102 2520 ad
2152 2461 2368 2533 vitam,
2415 2460 2517 2520 cui
2564 2456 2797 2520 cedere
2861 2459 3114 2536 nequit.

597 2538 712 2601 Sed
752 2538 1060 2619 (Quaeres)
1104 2557 1189 2603 an
1230 2542 1318 2602 sit
1358 2543 1549 2603 ctiam
1590 2537 1896 2616 „litigatio
1938 2539 2304 2619 defendendi
2364 2540 2564 2602 vitam
2603 2538 2890 2617 proximi
2941 2537 3119 2598 inno·

512 2621 894 2682 conciacum
935 2622 1238 2684 occisione
1280 2622 1669 2700 aggressores
1707 2619 1991 2697 insueti?

477 2707 486 2718 ·
595 2699 665 2761 R.
715 2699 969 2763 Certum
1019 2710 1114 2762 est
1186 2701 1259 2763 ad
1310 2702 1372 2762 id
1421 2704 1627 2764 teneri
1706 2699 2057 2779 PrincipeS,
2098 2699 2507 2778 Magistratus
2563 2706 2627 2770 et
2670 2697 2931 2774 milites,
3000 2698 3118 2777 qui

521 2780 895 2857 specialiter
941 2781 1236 2845 conducti
1285 2790 1434 2843 sunt
1478 2781 1554 2844 ad
1602 2782 1839 2845 civium
1889 2780 2357 2842 defensionem.
2404 2777 2510 2842 lst'i
2562 2788 2869 2844 tenentur
2902 2779 3117 2840 etiam

517 2876 660 2922 cum
710 2862 1001 2940 periculo
1045 2865 1195 2924 vitae
1240 2863 1534 2941 propriae,
1606 2862 1747 2928 ubi,
1786 2871 2010 2939 agatur
2055 2860 2136 2922 de
2181 2859 2537 2923 avertendo
2583 2877 2614 2920 a
2650 2858 2897 2921 civibus
2943 2857 3121 2920 malo

515 2942 815 3019 publico;
883 2942 993 3004 sed
1067 2943 1172 3006 ubi
1220 2945 1434 3021 agitur
1502 2942 1581 3004 de
1628 2944 1752 3005 vita
1800 2941 2133 3004 dumtaxat
2176 2940 2450 3019 aiicujus
2521 2941 2781 3020 privati,
2842 2955 2977 3032 noq
3018 2948 3117 3000 te·

511 3032 758 3084 nentur
805 3039 947 3085 cum
998 3033 1173 3087 tanto
1213 3023 1618 3085 incommodo
1655 3040 1799 3087 eum
1850 3024 2036 3084 tueri.
2072 3021 2163 3084 Ad
2203 3021 2364 3100 aiios
2407 3026 2618 3084 autem
2650 3019 2816 3100 quod
2856 3027 3120 3096 attinet,

511 3103 907 3179 probabilius
954 3113 1054 3166 est
1094 3121 1238 3167 cum
1283 3101 1516 3176 Lessio,
1562 3103 1734 3183 Lugo
1798 3114 1862 3166 et
1924 3103 2264 3181 Tourneiy,
2315 3100 2539 3164 saitem
2611 3101 2972 3180 generatim
3019 3099 3118 3161 lo-

507 3184 764 3260 quendo
806 3201 914 3247 eos
959 3201 1084 3246 non
1131 3185 1401 3264 obligari
1448 3185 1524 3246 ad
1574 3185 1765 3247 talem
1813 3179 2176 3248 innocentis
2249 3181 2692 3244 defensionem
2764 3195 2909 3242 cum
2954 3182 3123 3243 occi·

506 3265 690 3328 sione
735 3267 1130 3343 aggressoris
1178 3267 1441 3343 injusti;
1490 3266 1814 3344 tum,quia
1860 3274 2244 3344 praeceptum
2312 3263 2647 3325 charitatis
2714 3277 2790 3322 eo
2847 3264 2914 3321 in
2961 3277 3123 3324 casu

506 3358 632 3404 non
683 3345 936 3407 videtur
994 3347 1282 3425 rigorose
1345 3346 1655 3428 obligare,
1701 3362 1842 3408 cum
1914 3347 2125 3424 potius
2192 3351 2458 3421 praestet
2500 3345 2757 3406 evitare
2832 3350 3117 3405 mortem

506 3430 813 3486 aeternam
857 3429 1289 3504 aggressoris;
1336 3436 1482 3490 tum.
1510 3427 1654 3506 quia
1706 3428 1769 3487 in
1817 3425 2084 3488 alterius
2128 3421 2449 3485 occisione
2523 3439 2656 3485 non
2715 3429 2927 3501 potest
2973 3422 3117 3484 evi·

506 3505 626 3565 tari
693 3505 1164 3570 incommodum
1234 3524 1448 3587 grave,
1511 3524 1568 3568 v.
1611 3524 1695 3586 g.‚
1751 3507 2047 3568 timorem
2107 3504 2596 3567 inimicitiarum
2658 3514 2767 3566 aut
2826 3501 3120 3580 pubiicae

499 3583 791 3662 iustitiae,
839 3585 932 3647 vel
1010 3587 1342 3650 horrorem
1389 3589 1496 3667 qui
1571 3588 1934 3666 concipitur
2004 3584 2305 3648 foedando
2350 3600 2579 3645 manus
2635 3590 2890 3657 nostras
2950 3598 3113 3644 san·

500 3666 697 3758 guine
733 3666 1047 3808 h'ugnan03
1081 3685 1269 3747 porro
1302 3668 1637 3742 charitatis
1669 3675 2055 3747 praeceptum
2096 3677 2272 3727 certe
2303 3681 2427 3726 non
2468 3664 2712 3742 obligat
2746 3678 2889 3727 cum
2928 3671 3120 3726 tanto

500 3761 819 3808 incommo
872 3766 924 3809 o.
2060 3751 2075 3769 ⁶
2716 3803 2725 3810 .

582 3826 905 3889 Diximus:
946 3829 1168 3889 saltem
1210 3829 1557 3908 pancratim
1602 3828 1931 3906 loque-ndo,-
1978 3842 2120 3889 nam
2160 3819 2414 3902 excipe:
2449 3823 2610 3912 ⁴0¹)
2635 3828 2684 3886 si
2714 3821 2977 3888 invasus
3006 3839 3121 3886 es·

498 3917 596 3971 set
637 3910 1039 3970 necessarius
1068 3909 1145 3971 ad
1193 3910 1430 3971 bonum
1472 3908 1821 3988 publicum,
1860 3907 1937 3971 ad
1985 3905 2155 3988 quod
2217 3902 2572 3974 curandum
2610 3906 2882 3985 quisque
2926 3914 3115 3968 tene·

554 4127 577 4169 ¹
613 4130 722 4180 Hoc
753 4131 932 4181 tamen
967 4129 1016 4180 in
1051 4142 1199 4191 casu,
1229 4130 1382 4192 juxta
1418 4130 1613 4191 piures,
1658 4131 1758 4194 qui·
1788 4129 2131 4182 moderamen
2176 4124 2403 4187 excedit,
2438 4135 2547 4177 non
2599 4126 2867 4177 teneretur
2914 4124 2982 4177 ad
3031 4127 3125 4179 to·

496 4192 609 4241 tum
642 4191 918 4253 damnum,
952 4192 1042 4243 sed
1081 4195 1285 4244 tantum
1320 4189 1386 4244 ad
1422 4192 1571 4252 iilud,
1609 4193 1753 4256 quod
1790 4193 2225 4256 proportionetur
2285 4187 2524 4239 excessui
2580 4187 2922 4247 defensionis»,
2976 4190 3126 4253 quia.

493 4251 773 4305 duni-taxat
807 4255 926 4307 talis
963 4267 1217 4307 excessus
1252 4256 1482 4316 injustus
1513 4258 1625 4306 est:
1665 4256 1765 4306 hoc
1798 4257 1966 4306 count
1996 4252 2125 4303 dicit
2159 4250 2682 4303 -communissimum
2720 4262 2859 4302 esse.
2898 4252 2967 4302 At
3000 4263 3117 4302 no·

493 4314 715 4365 tandum
750 4317 891 4378 quod
929 4317 1076 4368 hisce
1109 4318 1164 4367 in
1199 4317 1562 4369 accidentibus
1597 4329 1706 4367 non
1743 4317 1877 4368 adeo
1912 4315 2080 4367 facilis
2113 4316 2192 4366 est
2220 4312 2428 4363 consilii
2464 4312 2612 4363 iocus
2646 4316 2776 4376 atqu
2853 4313 3123 4365 modera-

495 4375 652 4426 tioni:
690 4377 982 4443 aliquando
1014 4380 1156 4430 enirn
1190 4380 1418 4431 excitato
1454 4379 1688 4430 clamore
1722 4379 1805 4430 vet
1844 4378 2096 4439 tumultu,
2133 4376 2288 4427 tacite
2335 4377 2589 4437 putamus
2639 4387 2751 4426 nou
2839 4387 2961 4426 osse
3095 4403 3120 4413 -

491 4449 786 4498 gressorem
816 4441 1056 4502 abigere3
1092 4444 1148 4492 at
1179 4443 1473 4505 aliquando
1506 4443 1579 4492 ita
1614 4440 1795 4493 subito
1828 4443 1976 4491 tanto
2010 4440 2203 4492 timore
2235 4438 2585 4509 percutimur,
2607 4438 2833 4510 utiuxta
2851 4386 3121 4491 nostiffii

492 4502 707 4560 captum
742 4501 807 4552 de
841 4503 996 4554 nobis
1029 4506 1206 4554 actum
1241 4506 1334 4564 sit,
1367 4506 1466 4554 nisi
1497 4503 1680 4554 subito
1732 4504 2111 4564 percutiamus,
2162 4500 2311 4564 quod
2360 4502 2541 4573 evenit
2594 4507 2859 4559 maxime‚·
2898 4501 2945 4550 st
2996 4511 3117 4553 no·

491 4563 665 4614 cturni
696 4563 837 4615 iures
871 4565 1062 4618 armati
1098 4577 1195 4615 nos
1229 4566 1622 4628 aggrediantur,
1656 4566 1736 4615 vei
1772 4577 1838 4617 ex
1874 4564 2081 4626 insidiis
2110 4563 2167 4613 in
2204 4574 2303 4615 nos
2337 4562 2614 4625 precipites
2649 4563 2827 4613 ruant.

552 4625 576 4662 Ξ
615 4626 668 4676 V.
703 4627 822 4677 cod.
856 4639 1013 4686 poen„
1054 4629 1148 4677 art.
1180 4628 1294 4686 563,
1330 4628 1420 4678 ubi
1456 4639 1669 4680 earcere
1704 4629 1942 4688 punitur,
1976 4641 1979 4644 ’
2057 4626 2071 4675 i
2109 4624 2454 4677 moderamen
2486 4623 2719 4677 excedit.
2944 4607 2997 4658 *Ι

431 4743 440 4752 ,
552 4688 575 4727 ⁸
610 4691 656 4749 2,
691 4691 739 4749 2,
768 4700 822 4751 q.
855 4691 935 4749 60,
974 4698 1025 4739 a.
1059 4690 1106 4740 6.
1141 4713 1202 4727 -
1236 4690 1369 4740 Item·
1403 4691 1520 4742 cod.
1553 4691 1773 4753 prenae„
1809 4689 1908 4739 art.
1943 4691 1974 4739 ὅ
2070 4690 2123 4739 et
2155 4699 2302 4753 seqq.
