3292 5167
573 216 705 283 606
1394 237 1508 282 un.
1555 236 1621 281 11.
1669 235 1882 283 ruer.
1930 231 2057 280 vin.
2106 235 2257 282 mse.
2305 236 2346 280 1.

1372 473 1708 543 CAPUT
1780 473 2347 546 SECUNDUM

905 663 1001 720 DE
1040 662 1233 718 FIDEI
1271 660 1599 733 OBJECTO,
1637 662 1946 735 REGULA,
1983 663 2299 723 ANALYSt
2337 663 2430 725 Ac
2466 662 2835 723 SUBJECTO.

663 895 864 961 891.
915 898 988 977 Q.
1039 899 1098 963 1.
1152 895 1478 977 Quodnam
1525 909 1612 962 est
1660 897 1957 982 objectum
2000 895 2190 983 fidei?

651 1004 722 1072 R.
777 1007 850 1071 1:
901 1005 1228 1072 Materiale
1273 1002 1426 1073 fidei
1482 1003 1818 1090 objectum
1868 1004 2017 1090 (seu
2088 1005 2424 1088 materieS,
2475 1005 2646 1073 circa
2720 1020 2922 1090 quam
2997 1003 3151 1071 fides

562 1119 788 1181 nostra
862 1118 1247 1199 occupatur,
1296 1112 1437 1180 sive
1507 1109 1689 1197 quod
1770 1111 2042 1180 credere
2090 1113 2424 1209 tenemur)
2491 1120 2591 1182 est
2654 1115 2836 1181 Deus
2884 1113 3050 1199 ipse,
3096 1117 3155 1180 et

557 1217 722 1286 illud
771 1236 969 1288 omne
1017 1219 1196 1305 quod
1245 1219 1324 1288 ab
1371 1236 1452 1287 eo
1502 1219 1865 1287 revelatum
1914 1218 2055 1286 fuit.
2108 1222 2288 1288 Deus
2339 1220 2609 1307 quidem
2650 1220 2796 1305 ipse
2831 1226 2936 1287 est
2981 1219 3153 1305 obje-

559 1332 738 1394 ctum
788 1326 1005 1395 minus
1055 1326 1398 1413 proprium
1446 1331 1513 1394 et
1583 1326 2070 1394 secundarium.
2119 1329 2186 1395 Si
2230 1348 2394 1409 vero,
2448 1327 2539 1394 ait
2573 1326 2632 1393 d.
2668 1327 2980 1408 Thomas,
3018 1345 3153 1393 con·

554 1432 894 1500 sideremus
952 1433 1364 1501 materialiter
1406 1452 1500 1515 ea,
1548 1425 1801 1519 quibus‘
1835 1433 1984 1519 fides
2051 1436 2410 1516 assentitur,
2457 1454 2586 1500 nou
2653 1434 2859 1501 solum
2904 1443 2995 1500 est
3030 1432 3150 1519 ipse

556 1540 739 1620 Deus,
786 1537 896 1606 s'ed
939 1542 1126 1607 etiam
1171 1541 1372 1606 multa
1417 1541 1552 1607 alia
1560 1566 1585 1619 ;
1628 1560 1769 1626 qua:
1824 1552 2031 1608 tamen
2078 1543 2189 1607 sub
2236 1561 2494 1608 assensu
2537 1541 2679 1627 fidei
2723 1560 2857 1607 non
2900 1539 3144 1623 maura,

548 1644 678 1711 nisi
720 1647 1055 1713 secundum
1100 1646 1263 1732 quod
1306 1647 1527 1714 habent
1572 1648 1844 1733 aliquem
1888 1647 2168 1715 ordinem
2213 1648 2298 1715 ad
2346 1651 2539 1716 Deum
2573 1650 2621 1730 ¹,
2657 1647 2794 1715 sive
2828 1653 3136 1732 tanquam

553 1750 955 1839 principium
1004 1771 1037 1821 a
1089 1772 1221 1839 quo
1273 1754 1664 1840 procedunt,
1714 1756 1849 1823 sive
1902 1761 2213 1842 tanquam
2263 1754 2462 1824 finem
2497 1754 2578 1823 ad
2612 1772 2812 1841 quem
2851 1752 3145 1822 tendunt.

649 1866 720 1933 R.
769 1866 845 1930 2:
899 1862 1244 1947 objectum
1309 1879 1463 1929 vero
1511 1863 1780 1948 formale
1826 1863 1978 1930 fidei
2029 1881 2147 1930 seu
2193 1862 2487 1931 formalis
2546 1870 2612 1930 et
2676 1862 2907 1929 ultima
2960 1860 3145 1943 rati0,

552 1992 703 2060 quae
754 1990 875 2039 nos
924 1978 1143 2038 movet
1191 1970 1272 2036 ad
1319 1969 1745 2053 credendum,
1788 1976 1890 2038 est
1940 1971 2395 2039 testimonium
2437 1970 2730 2037 divinum
2781 1968 3144 2050 infallibile3

552 2081 769 2149 omnis
818 2095 1102 2162 namque
1149 2076 1312 2145 fides
1361 2076 1667 2144 innititur
1714 2076 2099 2166 testimonio
2148 2096 2377 2146 verum
2412 2077 2730 2145 dicentis:
2765 2076 2919 2146 ideo
2975 2075 3141 2144 enim

551 2187 745 2257 alicui
782 2185 1135 2265 credimuS,
1175 2183 1326 2269 quia
1365 2201 1557 2251 verax
1599 2191 1703 2251 est
1737 2192 1803 2253 et
1837 2202 1987 2252 vera
2023 2202 2289 2270 semper
2320 2184 2642 2270 loquitur.
2679 2187 2853 2268 Ergo
2889 2200 3141 2251 summa

549 2293 908 2363 auctoritas
958 2291 1076 2359 Dei
1129 2290 1465 2377 loquentis
1515 2299 1616 2358 est
1667 2291 1832 2358 ratio
1882 2291 2393 2359 fundamentalis
2466 2298 2715 2358 nostrae
2788 2289 2965 2372 fidei,
3026 2307 3139 2359 seu

546 2401 868 2468 motivum
917 2397 1363 2466 determinans
1406 2415 1753 2466 assensum
1802 2405 2106 2465 nostrum
2154 2396 2204 2465 ².
2258 2401 2397 2465 Hoc
2445 2416 2606 2465 sane
2654 2415 2856 2467 sensu
2890 2394 3139 2491 inquie-

545 2508 658 2575 bat
708 2504 1104 2592 Apostolus:
1158 2507 1314 2571 Gum
1358 2505 1747 2591 accepissetis
1792 2525 1834 2572 a
1878 2505 2055 2572 nobis
2120 2507 2374 2572 verbum
2442 2506 2695 2572 auditus
2764 2505 2899 2585 Dei,
2970 2524 3136 2571 acce·

536 2617 725 2703 pistis
772 2614 933 2682 illud
977 2633 1106 2680 non
1151 2625 1219 2679 ut
1263 2614 1517 2679 verbum
1554 2614 1897 2697 hominum,
1945 2613 2053 2680 sed
2100 2614 2311 2697 (sicuti
2342 2625 2430 2680 est
2460 2616 2628 2697 vere)
2664 2613 2921 2679 verbum
2943 2612 3060 2678 Dei
3089 2613 3134 2679 ⁸.

544 2726 627 2791 Et
675 2723 741 2789 in
792 2727 944 2788 actu
993 2719 1143 2788 fidei
1196 2737 1518 2806 expresse
1568 2718 1888 2789 dicimus:
1930 2717 2148 2802 Credo,
2187 2721 2469 2804 Domine,
2503 2719 2805 2806 quidquid
2832 2717 3134 2800 revelasti,

542 2830 693 2916 quia
737 2847 976 2895 summe
1020 2844 1222 2893 veram
1290 2848 1371 2909 ες,
1421 2828 1529 2912 qui
1574 2846 1687 2894 nec
1729 2828 1879 2913 salli
1925 2848 2036 2894 nec
2078 2827 2299 2913 fallere
2357 2839 2547 2914 potes.
2608 2826 2777 2895 Hinc
2846 2823 3134 2912 perbelle

544 2936 761 3022 ajebat
838 2934 1229 3002 Cassianus:
1279 2937 1447 3001 Deus
1491 2934 1605 3000 hoc
1651 2933 1864 3000 dia-it?
1910 2934 2161 3001 verbum
2207 2935 2381 3001 illius
2410 2952 2657 3005 sumvmz
2686 2933 2851 3000 ratio
2882 2944 3007 2999 est.-
3044 2951 3136 2998 re·

539 3062 750 3110 moveo
781 3041 1272 3129 disputationem
1303 3042 1439 3108 sola
1472 3040 1630 3107 mihi
1664 3041 1887 3128 sufficit
1917 3042 2003 3107 ad
2032 3041 2457 3108 credulitatem
2490 3061 2762 3127 persona
2794 3039 3055 3107 dicentis
3082 3034 3131 3105 ⁴.

615 3151 831 3215 092.
885 3150 955 3229 Q.
1009 3149 1071 3214 Ξ.
1125 3151 1426 3229 Quianam
1471 3159 1559 3214 est
1602 3148 1824 3233 requla
1866 3147 2050 3234 fidei?

627 3252 698 3318 R.
747 3254 993 3338 Regula
1043 3253 1196 3322 fidei
1245 3252 1492 3321 dicitur
1537 3252 1698 3321 illud
1749 3270 1965 3338 omne,
2036 3254 2216 3339 quod
2284 3271 2512 3323 verum
2584 3252 2734 3321 fidei
2797 3253 3129 3339 objectum

535 3358 636 3426 vel
688 3360 984 3429 continet
1029 3362 1129 3430 vel
1180 3361 1501 3430 declarat:
1552 3371 1688 3431 tres
1740 3361 1935 3447 vulgo
1984 3363 2408 3448 assignantur
2453 3360 2605 3430 fidei
2640 3363 2931 3447 regulae:
2971 3360 3127 3429 Scri·

527 3482 742 3555 ptura,
791 3468 1008 3536 divina
1061 3471 1337 3539 Traditio
1385 3479 1451 3539 et
1498 3473 1795 3539 Ecclesia.
1848 3470 2171 3552 Quoniam
2220 3488 2374 3538 vero
2425 3489 2641 3556 neque
2713 3487 2901 3539 sacra
2962 3468 3131 3538 Scri-

533 3582 727 3662 ptura
777 3594 994 3663 neque
1040 3577 1331 3646 Traditio
1382 3578 1690 3647 veritates
1738 3578 1802 3645 in
1852 3596 1924 3647 se
1972 3584 2318 3646 contentas
2366 3579 2507 3645 viva
2570 3595 2731 3647 voce
2780 3576 3126 3664 explicant,

531 3683 779 3753 iccirco
829 3684 1145 3770 appellari
1196 3685 1415 3754 solent
1464 3685 1711 3770 regulae
1785 3684 1937 3755 fidei
1986 3691 2270 3753 mortuae
2321 3703 2439 3754 seu
2489 3685 2949 3766 innanimatae3
3003 3686 3124 3753 Ec-

531 3791 731 3860 clesia
779 3798 1020 3875 autem,
1056 3810 1205 3878 quae
1253 3794 1664 3879 scripturam
1714 3801 1779 3860 ei
1829 3791 2281 3861 Traditionem
2331 3792 2503 3861 clara
2538 3809 2612 3859 ac
2644 3791 2972 3861 infallibili
3019 3810 3126 3860 au-

587 4041 611 4080 ¹
643 4043 693 4100 2,
729 4045 777 4101 2,
814 4054 865 4104 q.
904 4043 950 4091 1.
985 4066 1047 4079 -
1088 4040 1142 4090 V.
1177 4039 1378 4101 Kilber,
1417 4042 1485 4091 De
1521 4040 1710 4104 obJ‘ecto
1759 4040 1894 4104 fidei.
1945 4065 2009 4078 —
2063 4039 2397 4104 Reinerdiug,
2476 4040 2640 4092 Theoi.
2693 4039 3124 4102 fundamentalis,

526 4114 579 4163 p.
614 4115 649 4157 ι,
681 4115 725 4153 s,
759 4106 806 4156 3.
845 4102 1180 4164 Monasterii;
1213 4104 1418 4176 typogr.
1455 4103 1946 4164 AschendorffiauS,
1985 4104 2125 4155 1865.

586 4165 611 4204 Ξ
646 4166 898 4226 Quaenam
924 4167 1031 4217 sint
1063 4163 1152 4216 iila
1176 4164 1428 4218 attributa
1458 4177 1577 4229 quae
1608 4166 1945 4217 constituunt
1974 4164 2345 4216 auctoritatem
2378 4165 2468 4215 Dei
2500 4163 2788 4228 loquentis,
2820 4163 3125 4228 disputatur

523 4227 662 4278 inter
686 4229 1026 4291 Theologos:
1049 4228 1134 4280 aiii
1169 4229 1469 4280 statuerunt
1505 4228 1757 4279 Deitatem
1789 4229 1845 4278 in
1879 4226 2176 4279 abstracto·
2216 4227 2304 4277 alii
2339 4227 2513 4277 solam
2546 4228 2880 4279 veracitatem
2909 4227 3123 4290 propter

525 4298 688 4361 quam
719 4292 1002 4362 Deusnuu
1045 4301 1169 4341 uam
1208 4291 1462 4341 mentitur
1493 4301 1592 4341 nec
1618 4289 1830 4341 mentiri
1867 4291 2073 4351 potest3
2126 4264 2216 4339 aiii
2262 4288 2468 4341 addunt
2498 4289 2661 4340 etiam
2690 4291 3003 4362 sapientiam
3049 4298 3117 4340 ex

523 4360 632 4412 qua
668 4350 975 4415 intelligitur
1050 4365 1173 4404 eum
1208 4363 1316 4403 nou
1349 4352 1528 4404 solum
1563 4363 1673 4402 nou
1708 4351 1840 4402 velle
1871 4351 2069 4412 tallere,
2104 4350 2194 4403 sed
2232 4361 2330 4403 nec
2358 4350 2468 4402 fatti
2502 4362 2689 4413 posse3
2746 4351 2837 4403 alti
2874 4348 3119 4403 animad-

521 4414 739 4464 vertunt
769 4413 834 4464 ad
869 4414 1162 4466 credendas
1197 4414 1504 4466 firmissime
1538 4415 1922 4477 promissiones
1959 4426 1991 4465 a
2022 4415 2132 4465 Deo
2164 4413 2331 4465 factas
2364 4413 2608 4465 sufficere
2656 4412 2914 4466 attributa
2956 4413 3115 4475 fideli·

523 4476 645 4525 tatis
677 4477 729 4525 et
760 4477 1122 4537 onnipotentioe
1153 4476 1378 4538 diviuae3
1413 4486 1538 4527 nam
1574 4477 1781 4528 ratione
1813 4476 2211 4541 omnipotentiae
2252 4476 2392 4528 Deus
2438 4476 2621 4526 omnia
2671 4477 2866 4539 potest,
2915 4477 3121 4529 ratione

522 4534 793 4588 fidelitatis
826 4539 1122 4590 certissime
1154 4538 1312 4591 faciet
1340 4536 1392 4590 id
1428 4537 1572 4601 quod
1608 4539 1891 4602 promittit.
1926 4539 2119 4590 Confer
2150 4538 2527 4589 scholasticos.

584 4617 611 4721 Ξ
641 4618 990 4740 &regar-23,
1027 4679 1061 4730 1.
1097 4691 1168 4742 nv,
1206 4692 1251 4730 c.
1288 4683 1339 4734 7.
1371 4705 1436 4717 —·
1477 4679 1534 4729 V.
1568 4679 1805 4743 Lignori,
1843 4678 1977 4743 Opus
2011 4680 2165 4742 Mor„
2200 4680 2236 4731 1.
2270 4691 2329 4741 ιι,
2361 4691 2414 4731 n.
2447 4680 2495 4731 4.
