3292 5167
1206 271 1286 317 nn
1332 246 1782 320 commensus
2656 255 2787 322 297

185 380 294 443 est
336 371 632 441 venditio
680 356 835 441 salis
887 378 939 440 ¹.
993 373 1266 459 Vulyare
1310 390 1467 442 vero
1516 374 1766 460 patitur
1809 373 2247 457 latitudinem,
2289 393 2442 445 cum
2489 393 2788 445 commu-

197 480 377 547 niter
423 480 489 548 in
544 497 748 547 unum
798 478 1166 565 peritorum
1207 478 1531 564 judicium
1596 481 1950 549 convenire
2011 498 2150 549 non
2219 482 2448 551 soleat.
2522 482 2788 568 Triplex

186 587 445 657 iccirco
488 587 955 672 distinguitur:
1015 606 1351 669 summum,
1399 604 1596 673 supra
1646 586 1828 673 quod
1876 605 1912 653 a
1960 587 2402 673 prudentibus
2471 589 2783 658 aestimari

183 712 319 763 non
359 690 934 781 sol'et;·infimum,
982 692 1147 760 infra
1211 692 1392 779 quod
1453 693 1900 778 intelligentes
1971 713 2105 762 non
2176 694 2394 764 solent
2458 695 2787 781 J'udicare;

180 802 462 869 medium
510 808 641 870 stat
686 801 864 868 inter
913 817 1249 868 summum
1297 807 1362 869 et
1411 800 1733 868 infimum.
1784 804 1941 869 Haec
1975 808 2196 870 autem
2238 801 2460 886 regula
2495 820 2796 871 commu-

180 908 363 977 niter
430 906 752 994 assignari
799 907 969 975 solet
1019 906 1083 973 in
1133 905 1686 975 determinatione
1734 907 1930 993 pretii
1979 908 2299 993 vulgaris:
2351 913 2423 974 ut
2458 927 2561 977 res
2599 910 2794 977 vilior

181 1017 540 1097 minorem,
603 1013 965 1101 pretiosior
1007 1031 1164 1081 vero
1212 1013 1530 1100 majorem
1580 1015 1818 1083 babeat
1854 1015 2292 1085 latitudinem.
2327 1015 2511 1084 Unde
2547 1016 2789 1098 vinum,

191 1144 257 1192 V.
305 1142 387 1209 g.‚
456 1121 635 1209 quod
682 1123 851 1189 valet
899 1123 959 1204 5,
1011 1126 1233 1207 potest
1278 1121 1470 1188 vendi
1520 1106 1711 1191 6'vel
1759 1126 1835 1204 43
1886 1142 1993 1191 res
2033 1130 2253 1192 autem
2289 1123 2604 1209 pretiosa,
2641 1140 2790 1209 quae

190 1231 364 1299 valet
420 1232 568 1311 100,
616 1236 841 1315 potest
888 1227 1076 1296 vendi
1127 1230 1214 1295 95
1264 1227 1360 1295 vel
1414 1230 1561 1295 105.
1608 1231 1750 1296 Imo
1800 1229 1855 1296 si
1907 1247 2012 1297 res
2077 1231 2289 1298 rarius
2348 1230 2559 1298 soleat
2608 1247 2794 1297 com-

187 1336 426 1425 parari,
464 1335 750 1407 admittit
784 1334 1200 1403 latitudinem
1234 1335 1618 1402 maximam:
1673 1355 1733 1402 V.
1780 1353 1861 1420 g„
1898 1335 2135 1404 domus
2171 1353 2322 1422 quae
2357 1338 2583 1421 elapso
2620 1353 2795 1405 anno

187 1443 453 1512 vendita
504 1444 627 1511 fuit
681 1445 898 1525 1,500,
947 1441 1076 1510 hoc
1125 1459 1297 1509 anno
1345 1441 1537 1509 vendi
1586 1449 1811 1528 potest
1851 1445 2051 1527 2500
2096 1440 2147 1509 2.

276 1553 394 1618 Est
444 1557 671 1618 contra
714 1549 1043 1635 justitiam
1092 1566 1231 1616 rem
1280 1546 1564 1635 vendere
1610 1567 1812 1634 supra
1889 1550 2180 1636 pretium
2255 1549 2645 1633 legitimum,
2694 1547 2795 1616 vel

184 1658 460 1742 vulgare
500 1674 859 1738 summum,
898 1656 1019 1723 nisi
1058 1655 1377 1741 speciales
1413 1656 1851 1726 interveniant
1884 1656 2399 1725 circumstantiae
2441 1656 2798 1724 honestan-

186 1771 293 1832 tes
311 1790 331 1846 3
396 1765 451 1831 si
520 1765 696 1831 enim
745 1762 1031 1848 pretium
1104 1760 1376 1831 excedat
1446 1761 1738 1830 valorem
1817 1763 1928 1845 rei,
1980 1763 2078 1831 vel
2128 1782 2165 1831 e
2212 1781 2533 1830 converso
2583 1763 2638 1829 si
2690 1780 2796 1830 res

186 1870 467 1941 excedat
517 1871 804 1958 pretium
858 1888 889 1936 a
937 1869 1082 1954 lege
1130 1877 1242 1937 aut
1292 1887 1326 1937 a
1376 1869 1815 1960 prudentibus
1866 1869 1973 1937 hic
2048 1875 2114 1938 et
2179 1888 2355 1938 nunc
2428 1870 2794 1955 praefixum,
2838 1874 2842 1881 '

184 1979 451 2047 tollitur
490 1979 767 2066 J'ustitiae
819 1979 1182 2065 aequalitas.
1234 1978 1399 2045 Hinc
1448 1978 1842 2063 Apostolus:
1906 1980 2000 2044 Ne
2068 1979 2208 2063 quis
2267 1977 2794 2064 superyrediacur,

186 2106 388 2173 neque
433 2087 879 2155 circumveniat
925 2089 993 2153 in
1036 2086 1284 2172 neqotio
1325 2087 1591 2171 fratrem
1637 2105 1841 2168 suum,
1891 2085 2188 2171 quo-niam
2253 2086 2488 2152 vindex
2533 2096 2620 2151 est
2665 2088 2796 2151 Do-

189 2195 407 2260 minus
455 2194 529 2261 de
575 2196 671 2261 his
716 2194 998 2260 omnibus
1047 2189 1311 2259 ³.·llinc
1346 2191 1659 2278 -quamvis
1711 2191 1774 2258 in
1827 2192 1970 2259 foro
2033 2200 2305 2260 externo
2371 2209 2502 2258 non
2566 2191 2797 2257 invali-

193 2300 390 2369 detur
440 2302 769 2382 venditio,
844 2300 964 2369 nisi
1020 2298 1323 2384 deceptio
1375 2300 1459 2368 sit
1496 2300 1665 2367 ultra
1699 2297 2045 2366 dimidium
2079 2300 2240 2385 justi
2278 2298 2508 2385 pretii;
2547 2298 2610 2365 in
2645 2297 2795 2366 foro

193 2414 414 2476 tamen
467 2409 728 2476 interno
777 2407 992 2474 omnis
1042 2406 1356 2474 damnosa
1408 2405 1713 2490 deceptio
1791 2406 2036 2490 obligat
2112 2405 2191 2471 ad
2257 2403 2795 2472 restitutionem:

190 2515 519 2602 injustitia
572 2514 745 2583 enim
797 2519 861 2581 et
908 2513 973 2581 in
1026 2513 1241 2600 parvis
1292 2518 1356 2580 et
1403 2512 1470 2580 in
1520 2500 1775 2597 magnis
1825 2512 2049 2579 locum
2099 2513 2321 2579 habet.

275 2676 440 2751 Quia
481 2678 541 2738 si
600 2676 871 2738 venditio
914 2691 1109 2753 supra
1153 2675 1425 2753 pretium
1470 2675 1813 2753 legitimum
1854 2673 1952 2735 vel
1985 2673 2251 2752 vulqare
2300 2669 2459 2735 oona
2492 2671 2610 2750 fide
2652 2688 2796 2733 con·

192 2757 465 2837 tiyerit?
520 2756 622 2819 Vel
662 2757 720 2818 si
759 2756 1014 2836 utrique
1068 2752 1501 2816 contrahentes
1543 2753 1816 2815 valorem
1879 2755 1974 2815 rei
2033 2769 2298 2832 prorsus
2361 2753 2682 2833 iquorem,-
2740 2756 2803 2812 et

220 2839 358 2899 ideo
392 2855 523 2900 sese
563 2843 778 2898 mutuo
820 2836 1243 2898 commiserint
1282 2836 1440 2895 sorti
1495 2835 1563 2895 in
1606 2833 2030 2896 contrahendo
2056 2838 2088 2896 ?

273 2918 344 2980 R.
391 2919 461 2981 In
508 2921 715 2997 primo
761 2933 929 2991 casu,
966 2915 1269 2978 venditor
1317 2922 1576 2977 tenetur
1623 2915 1684 2976 id
1734 2914 1959 2976 saltem
2013 2915 2381 2987 restituere,
2428 2915 2492 2973 in
2539 2928 2662 2991 quo
2709 2912 2798 2972 sa·

196 3008 339 3062 ctus
384 3008 483 3061 est
527 3000 739 3073 ditior,
787 2997 847 3059 id
896 3004 994 3059 est
1038 2997 1104 3058 in
1151 3013 1276 3074 quo
1319 2997 1456 3058 suis
1504 2994 1647 3057 ideo
1695 2997 2006 3074 pepercit,
2078 3011 2158 3056 ne
2204 2995 2477 3055 ditescat
2523 2993 2599 3053 de
2647 2990 2796 3053 alie·

196 3082 321 3141 nie.
367 3079 437 3141 In
483 3079 767 3142 secundo
814 3094 982 3147 casu,
1026 3077 1075 3138 si
1125 3077 1580 3138 contrahentes
1647 3091 1950 3155 expresse
1995 3091 2063 3136 se
2112 3076 2272 3136 sorti
2344 3072 2801 3145 commiserint,

192 3168 423 3239 utpote
466 3160 551 3222 de
590 3174 745 3221 vero
788 3159 1010 3220 valore
1054 3156 1445 3230 dubitanteS‚
1495 3154 1665 3217 valet
1731 3164 2121 3232 contractus„
2188 3155 2310 3216 etsi
2357 3163 2571 3231 postea
2624 3153 2796 3213 dete·

195 3250 390 3320 gatur
436 3240 728 3319 deceptio
752 3258 772 3314 3
864 3255 967 3301 uia
1012 3245 1312 3301 censetur
1350 3246 1620 3316 uterque
1664 3236 1785 3297 sibi
1829 3237 2106 3298 invicem
2160 3234 2435 3295 voluisse
2470 3247 2801 3295 excessum

192 3319 561 3383 liberaliter
606 3335 801 3382 conce
851 3335 983 3382 ere.
2184 3327 2193 3337 ·

286 3473 507 3537 405·
557 3479 631 3557 Q.
678 3477 741 3544 8.
793 3473 1209 3557 Quandonam
1247 3472 1409 3538 licite
1430 3480 1628 3557 potest
1656 3469 1933 3557 pretium
1964 3467 2367 3535 ordinarium
2397 3486 2505 3534 seu
2539 3468 2804 3553 vulqore

195 3585 427 3671 anyer-i
471 3586 567 3650 vel
619 3582 820 3649 minui
861 3582 995 3649 sine
1044 3580 1290 3647 loesione
1325 3578 1644 3665 justitiae?

287 3696 363 3761 R.
414 3690 512 3759 Ad
562 3695 628 3758 l:
686 3690 979 3758 Pretium
1012 3686 1276 3773 vulgare
1312 3684 1533 3770 augeri
1576 3689 1818 3769 potest,
1857 3702 1976 3752 seu
2010 3680 2315 3750 venditor
2355 3682 2496 3749 sine
2523 3680 2800 3768 justitiae

198 3797 484 3869 laesione
535 3803 756 3883 potest
803 3793 1053 3881 aliquid
1098 3810 1296 3879 supra
1343 3808 1677 3860 summum
1727 3790 2014 3877 pretium
2062 3789 2354 3874 exigere:

380 3908 441 3974 l.
492 3905 767 3974 Ratione
810 3902 1028 3969 damni
1072 3898 1579 3986 mmeritis-vel
1632 3898 1794 3965 lucri
1840 3898 2162 3980 cessantis,
2214 3893 2392 3983 quod
2458 3893 2608 3962 ideo
2674 3890 2800 3977 ipsi

197 4012 426 4083 evenit
472 4011 703 4098 (modo
752 4014 1017 4096 emptor
1063 4005 1517 4088 admoneatur,
1572 4004 1627 4073 si
1676 4005 1851 4087 velit,
1902 4022 2042 4072 rem
2091 4003 2270 4071 illam
2333 4000 2457 4070 sibi
2523 3997 2802 4065 diversi-

196 4119 405 4193 mode
442 4117 858 4205 comparare)
874 4142 894 4199 3
942 4115 1121 4183 nulla
1170 4111 1347 4182 enim
1388 4111 1645 4180 ratione
1698 4117 1964 4179 tenetur
2004 4105 2499 4177 incommodum
2537 4104 2699 4172 illud
2738 4104 2803 4170 in

258 4348 285 4390 ¹
319 4349 545 4412 Excipe:
581 4348 633 4406 l)
665 4346 710 4396 si
747 4357 780 4396 a
815 4343 1001 4408 majori
1035 4344 1184 4407 parte
1218 4353 1325 4393 non
1362 4341 1623 4402 servetur,
1659 4340 1898 4404 principe
1929 4339 2129 4391 sciente
2165 4340 2217 4390 et
2250 4336 2495 4398 tacente;
2532 4333 2582 4399 2)
2616 4335 2662 4385 si
2697 4347 2806 4386 mu-

190 4412 324 4464 tatis
356 4410 796 4470 circumstantiis,
830 4411 956 4459 taxa
986 4405 1179 4457 evadat
1209 4404 1441 4466 injusta;
1488 4405 1539 4464 3)
1560 4404 1604 4454 si
1639 4413 1842 4454 merces
1873 4403 1981 4453 sint
2013 4399 2319 4452 notabiliter
2341 4396 2683 4462 pretiosiores
2717 4409 2806 4449 so-

194 4476 299 4527 lito
329 4475 413 4526 vel
447 4473 756 4524 deteriores.
794 4470 956 4532 Gur-y.
2540 4524 2550 4534 .

263 4537 294 4578 ἱ
320 4535 554 4587 Pretium
589 4545 697 4584 non
730 4534 840 4584 tam
859 4530 1153 4583 aestimatur
1180 4527 1478 4580 secundum
1509 4527 1585 4578 rei
1607 4524 1938 4589 dignitatem,
1969 4535 2133 4580 uuam
2161 4522 2456 4576 secundum
2476 4522 2623 4575 illius
2643 4532 2803 4572 usum

194 4601 257 4652 in
290 4597 618 4650 commercio
636 4605 653 4659 ;
688 4595 927 4659 alioquin
961 4603 1165 4653 musca,
1198 4603 1319 4655 quae
1350 4591 1432 4641 est
1462 4587 1667 4639 animal
1699 4586 1967 4648 sensibile,
2004 4586 2223 4649 majoris
2259 4588 2400 4640 esset
2429 4586 2605 4650 pretii,
2637 4594 2801 4648 quam

194 4671 431 4723 cemma,
464 4670 589 4724 quae
621 4658 702 4709 est
732 4658 1043 4708 inanimata.
1066 4679 1129 4692 -
1169 4654 1223 4704 V.
1262 4653 1490 4715 Lignori,
1604 4690 1616 4701 .
1652 4651 1813 4711 Mor„
1843 4648 1877 4701 l.
1910 4661 1985 4710 m,
2022 4661 2076 4700 n.
2110 4651 2224 4702 808.

266 4724 293 4764 ⁸
323 4734 367 4785 ι,
397 4723 588 4774 Thess.
622 4730 696 4771 w.
721 4745 787 4758 —
826 4720 882 4771 V.
915 4717 1174 4778 camere,
1206 4717 1278 4768 De
1304 4716 1557 4767 contracti
1652 4749 1670 4776 ,
1702 4723 1796 4765 nn.
1830 4714 1923 4765 877
1954 4711 2007 4763 et
2037 4723 2185 4776 seqq.

1973 4832 2005 4869 Q
