3292 5167
498 267 590 332 70
1194 288 1308 333 Lm.
1360 289 1423 333 n.
1474 290 1684 335 rnAcr.
1735 291 1788 335 v,
1836 272 1990 337 nts'r.
2039 289 2081 335 1.
2128 293 2257 338 cAr.
2304 293 2384 338 iv,

500 389 989 474 Theologorum
1039 388 1339 458 doctrina
1387 410 1463 460 ac
1512 392 1807 461 fidelium
1868 393 2231 479 persuasio,
2299 394 2463 462 Hinc
2511 395 2946 462 Innocentius
3015 393 3118 462 xl

500 495 828 568 damnavit
877 497 1043 563 hanc
1091 498 1214 565 sub
1265 517 1325 565 n.
1377 501 1463 565 52
1510 499 2076 585 propositionem:
2149 505 2531 586 Proecwtum
2596 501 2892 567 servandi
2939 501 3119 587 festa

495 623 625 672 non
669 603 897 688 obliqat
943 605 1055 670 sub
1120 606 1394 686 mortali,
1464 593 1725 691 seposito
1794 606 2109 688 scandalo,
2194 607 2247 674 si
2312 607 2470 673 absit
2525 618 2932 693 contemptus.
2981 610 3120 675 Est

500 716 721 777 autem
769 710 1275 792 observandum,
1327 711 1595 779 nomine
1639 716 1966 779 Festorum
2018 720 2262 798 praeter
2323 711 2464 780 dies
2527 712 2928 796 dominicoS,
2980 731 3120 782 eos

499 818 695 886 etiam
729 817 1027 902 intelligi,
1055 835 1339 903 quorum
1368 819 1962 888 sanctificationem
1993 820 2296 906 praecipit
2329 821 2620 889 Ecclesia
2648 821 2818 888 intra
2849 820 3122 889 hebdo-

496 926 756 992 madam
804 924 905 993 vel
952 925 1015 992 in
1066 925 1389 994 honorem
1444 927 1861 1010 Sanctorum,
1914 929 2010 996 vel
2061 927 2142 995 ad
2193 928 2579 998 memoriam
2629 929 2910 1014 aliquus
2970 932 3119 997 Re-

498 1032 900 1118 demptionis
951 1040 1196 1100 nostrae
1248 1034 1547 1118 mysterii·
1581 1030 1628 1100 ¹.

590 1143 728 1206 Hoc
777 1144 1206 1224 praeceptum,
1236 1146 1562 1224 quatenus
1596 1140 1677 1208 ab
1705 1140 1997 1208 Ecclesia
2024 1139 2556 1224 determinatum,
2585 1141 2833 1226 obligat
2862 1159 3122 1210 omnes

498 1246 727 1314 fideles
776 1245 1047 1313 rationis
1092 1243 1460 1332 compoteS,
1514 1246 1575 1315 id
1645 1254 1747 1315 est
1796 1248 1968 1315 circa
2033 1225 2231 1317 finem
2280 1250 2644 1335 septennii;
2695 1257 2852 1318 tunc
2917 1248 3118 1318 enim

499 1359 782 1439 possunt
830 1352 990 1420 illud
1039 1353 1235 1421 modo
1286 1354 1573 1422 humano
1625 1354 1978 1423 observare
2026 1351 2075 1422 ².

596 1460 743 1523 98.
797 1463 867 1541 Q.
908 1463 977 1527 ·4.
1027 1460 1125 1528 Ad
1167 1462 1318 1546 quid
1361 1462 1581 1548 obliqet
1620 1473 1999 1548 praeceptum
2044 1461 2475 1547 sanctificandi
2518 1463 2751 1529 Festo?
3058 1538 3062 1542 ‚

587 1570 657 1637 R.
708 1569 1118 1653 Praeceptum
1168 1569 1618 1638 sanctificandi
1669 1572 1863 1638 Festa
1915 1581 2042 1637 nos'
2087 1569 2336 1654 obligat
2384 1569 2508 1637 sub
2550 1571 2723 1654 gravi
2795 1570 2876 1636 ad
2926 1568 3116 1636 duo:

503 1676 568 1762 l)
617 1675 696 1742 ad
744 1676 1141 1747 audiendum
1194 1679 1503 1759 Sacrnm3
1554 1679 1623 1763 2)
1660 1677 1740 1744 ad
1789 1677 2256 1746 abstinendum
2296 1677 2376 1744 ab
2427 1678 2763 1762 operibus,
2816 1695 2969 1762 quae
3007 1676 3120 1743 di·

500 1791 741 1851 cuntur
787 1784 1062 1850 servilia.
1104 1787 1470 1870 Utrumque
1520 1791 1932 1870 praeceptum
1981 1793 2080 1853 est
2122 1781 2180 1849 3:
2233 1792 2591 1869 utrumque
2634 1805 2756 1852 usu
2809 1792 2876 1854 et
2913 1781 3114 1870 praxi

497 1887 792 1958 fidelium
842 1890 1322 1959 confirmatum.
1359 1894 1439 1959 Et
1488 1892 1632 1960 haec
1673 1891 1804 1958 duo
1854 1898 2108 1958 tantum
2143 1910 2222 1960 ex
2271 1891 2327 1957 vi
2367 1892 2644 1976 praecise
2693 1891 2892 1977 hujus
2931 1909 3118 1974 prae-
3205 1973 3212 1982 .

499 1995 670 2081 cepti
722 2015 868 2063 esse
920 1997 1310 2081 praestanda,
1384 2016 1513 2065 non
1566 1997 1823 2066 videtur
1873 2017 2071 2083 posse
2135 1997 2463 2065 dubitari:
2525 2002 2762 2065 Proeter
2807 2001 2958 2079 hoec,
3011 1997 3116 2064 ait

500 2101 1332 2186 clarissimus¹Roncaglia‚
1378 2103 1545 2170 nihil
1598 2103 1778 2170 aliud
1809 2105 2145 2189 importare
2181 2089 3119 2189 obliqctionemsanctificandi

496 2208 680 2294 festos
724 2209 870 2290 dies,
920 2221 1005 2275 est
1051 2212 1397 2278 communis
1444 2215 1779 2278 Doctorum
1823 2212 2142 2278 sententia.
2204 2211 2320 2279 Vel
2373 2211 2494 2296 ipsi
2548 2211 2898 2296 rigidiores
2961 2228 3110 2279 uon

499 2314 742 2382 audent
775 2315 1083 2384 damnare
1120 2316 1200 2384 de
1238 2317 1499 2384 mortali
1543 2335 1680 2398 θος,
1738 2317 1848 2401 qui
1887 2317 2029 2384 baec
2077 2316 2294 2383 solum
2330 2323 2598 2401 agerent
2621 2343 2641 2398 ς
2673 2335 2825 2384 cum
2876 2324 3112 2384 tamen

499 2420 672 2507 apud
722 2439 951 2520 omnes
999 2423 1063 2489 in
1127 2425 1433 2492 confesso
1482 2424 1587 2505 sit,
1640 2424 2061 2492 violationem
2103 2426 2453 2492 Festorum
2506 2425 2567 2492 in
2622 2444 2690 2492 re
2741 2424 2916 2509 gravi
2956 2442 3112 2509 gra-

497 2547 643 2598 vem
691 2550 857 2599 esse.
906 2535 999 2599 Ita
1051 2532 1222 2600 inter
1268 2533 1431 2600 alios
1479 2531 1786 2613 Antoine,
1835 2532 2137 2613 Billuart‚
2217 2532 2588 2618 cajetanus,
2643 2534 2908 2614 Pontas,
2963 2533 3113 2600 Cu-

500 2639 704 2706 niliati
757 2656 830 2706 ac
881 2639 1168 2706 Concina
1219 2639 1328 2723 qui
1380 2646 1610 2725 aperte
1658 2639 1916 2720 fatetur,
1985 2638 2163 2723 quod
2213 2646 2461 2708 nostrae
2511 2640 2864 2708 sententiae
2917 2656 3114 2707 com-

495 2735 787 2814 muniter
831 2745 1152 2814 accedunt
1200 2754 1338 2814 tum
1387 2746 1703 2831 Theologi
1756 2753 1897 2813 tum
1945 2745 2265 2814 Casuistae
2318 2764 2569 2814 omnes.

583 2884 699 2948 Sed
742 2885 976 2966 (dices)
1021 2905 1220 2951 nonne
1249 2888 1468 2950 saltem
1503 2888 1714 2951 concio
1745 2896 1840 2950 est
1871 2888 1943 2949 de
1973 2887 2341 2949 necessitate
2382 2885 2697 2950 audienda
2739 2885 2807 2948 in
2852 2885 3100 2960 Fastis,

499 2973 576 3030 ut
616 2968 745 3030 ista
787 2968 1085 3030 dicantur
1126 2968 1519 3048 sanctificari
1548 2972 1579 3031 9

577 3046 644 3109 R.
691 3047 852 3111 Sunt
909 3052 1014 3128 qui
1079 3049 1417 3123 affirmant,
1477 3057 1541 3111 et
1594 3047 1868 3127 probant
1927 3056 2056 3109 tum
2103 3064 2183 3108 ex
2224 3046 2628 3121 Tridentino,
2684 3045 2875 3124 quod.
2908 3044 3108 3123 jubet

502 3126 800 3191 Parocbis
845 3138 914 3192 ut
960 3129 1088 3192 illis
1124 3129 1352 3192 diebus
1394 3131 1767 3191 concionem
1796 3127 2281 3206 babeant‚quod
2317 3126 2555 3189 frustra
2604 3126 2806 3200 fleret,
2841 3126 2893 3186 si
2936 3124 3103 3188 fide·

500 3204 595 3269 les
657 3225 795 3271 eam
841 3210 1064 3272 audire
1133 3226 1259 3271 non
1325 3217 1742 3283 tenerentur;
1813 3217 1944 3271 tum
1989 3225 2067 3288 ex
2109 3207 2367 3270 Nicolao
2415 3207 2435 3269 1
2482 3207 2558 3269 ad
2605 3205 2905 3269 Consulta
2941 3204 3099 3267 Bul-

502 3303 823 3365 garorum‚
868 3290 978 3352 ubi
1025 3290 1301 3369 idipsum
1348 3292 1738 3369 praecipitur.
1783 3289 1906 3351 Nos
1951 3297 2163 3351 tamen
2211 3288 2505 3362 dicimus,
2541 3286 2710 3367 quod
2758 3303 2837 3348 ex
2881 3302 2950 3346 se
3001 3287 3096 3349 lo·

501 3368 754 3446 quendo
802 3368 978 3431 festis
1023 3369 1246 3432 diebus
1293 3370 1467 3433 nulla
1513 3369 1695 3432 adest
1739 3369 2044 3448 obligatio
2089 3370 2464 3431 concionem
2524 3365 2853 3443 audiendi,
2905 3370 3102 3444 quasi

502 3463 731 3526 nempe
779 3464 903 3509 non
954 3451 1411 3512 interessentes
1454 3452 1738 3528 graviter
1798 3467 1870 3511 ac
1935 3451 2182 3528 precise
2238 3448 2621 3528 delinquant
2679 3455 2900 3508 contra
2943 3463 3088 3526 spe·

502 3526 662 3590 ciale
708 3537 1094 3606 praeceptum
1140 3531 1668 3592 sanctificationis
1712 3530 2084 3600 Festorum;
2138 3544 2282 3590 nam
2334 3528 2564 3591 nullibi
2614 3527 2885 3605 legimus
2933 3542 3104 3605 prae·

500 3617 753 3686 ceptum
821 3611 1043 3670 stricte
1111 3610 1251 3673 tale.
1316 3611 1644 3672 Tenentur
1709 3611 1966 3690 quidem
2025 3609 2320 3688 Episcopi
2368 3619 2432 3671 et
2490 3608 2756 3669 Paroclii
2803 3606 3104 3670 Verbum

501 3688 615 3751 Dei
660 3687 926 3768 sinyulis
969 3688 1186 3774 diebus
1229 3691 1558 3753 dominicis
1615 3697 1677 3752 et
1730 3688 2206 3753 solemnioribus
2262 3689 2446 3769 sestis
2495 3705 2606 3768 per
2651 3703 2718 3748 se
2769 3688 2864 3748 vel
2927 3687 3104 3751 alios

562 3929 581 3967 ¹
616 3927 891 3990 objectum
926 3931 1200 3981 Festorum
1233 3930 1358 3978 sunt
1394 3939 1499 3978 non
1540 3928 1744 3978 tantum
1778 3929 1937 3986 Dein,
1972 3925 2062 3975 sed
2100 3927 2258 3977 etiam
2291 3928 2346 3976 B.
2391 3927 2545 3988 Virgo
2576 3927 2629 3976 et
2674 3926 2874 3985 Sancti,
2906 3925 2958 3976 in
2984 3927 3105 3989 qui·

497 3990 601 4042 bus
633 3991 747 4053 ipse
784 3993 922 4043 Deus
958 3986 1214 4043 mirabilis
1245 3991 1542 4041 exhibetur.
1582 3990 1878 4040 Universali
1914 3992 2091 4040 autern
2143 3990 2527 4040 consuetudine
2575 3990 2842 4039 sancitum
2896 3989 2996 4048 est,
3033 3990 3104 4040 ut

499 4055 706 4117 quaevis
738 4054 974 4106 Ecclesia
1009 4055 1060 4104 in
1099 4054 1354 4106 bonorem
1391 4052 1615 4114 alicujus
1651 4051 1897 4110 Mvsterii‚
1935 4052 2016 4102 vel
2052 4050 2227 4102 Sancti
2280 4054 2371 4101 aut
2419 4051 2624 4100 Sanctae
2677 4051 3002 4112 erigeretur:
3052 4051 3104 4102 si

485 4103 3104 4237 {ztr’stzattzssittaa‘vat-1¹5?{timiamate{uitiatas'iararzr‘dt’ssz‘a

499 4240 692 4293 dentis.
724 4267 788 4280 —
827 4245 879 4292 V.
919 4243 1231 4294 Benedictus
1262 4242 1397 4302 xlv,
1432 4242 1503 4291 De
1534 4241 1712 4291 Fastis.
1747 4265 1811 4278 —
1842 4239 2074 4301 Lignori,
2097 4239 2230 4301 Opus
2246 4237 2401 4297 Mor„
2434 4238 2470 4287 l.
2506 4248 2583 4297 tn,
2616 4249 2672 4287 ῃ.
2704 4240 2818 4289 270.
2850 4262 2917 4274 —
2966 4239 3093 4289 Fer·

497 4304 666 4364 raris;
701 4305 765 4354 V.
794 4305 960 4364 Festa,
993 4307 1326 4372 Festivitates.
2180 4362 2188 4371 Ι

560 4365 586 4404 2
620 4365 803 4424 Quoad
838 4377 1029 4427 pueros
1064 4367 1183 4417 vide
1217 4365 1487 4430 disputata
1519 4364 1630 4415 Lib.
1667 4376 1703 4422 ι,
1742 4374 1794 4413 n.
1826 4362 1945 4424 203;
1985 4362 2211 4424 Liguon,
2247 4360 2289 4412 1.
2321 4373 2402 4420 m,
2438 4372 2491 4411 n.
2527 4362 2637 4412 290.

563 4427 586 4467 ⁸
619 4428 675 4477 C.
718 4427 827 4477 Vice
859 4429 996 4479 iltius
1027 4430 1086 4480 de
1120 4433 1316 4491 creona,
1351 4428 1449 4479 etc.
1486 4425 1538 4478 Si
1569 4427 1684 4490 quis
1715 4426 1774 4475 de
1805 4436 2052 4484 consecr„
2088 4423 2282 4484 disput.
2318 4435 2372 4483 1;
2405 4425 2459 4474 et
2490 4434 2537 4474 c.
2572 4424 2621 4474 3.
2654 4424 2792 4474 Licet
2823 4422 2882 4473 de
2923 4422 3093 4484 seriis.

498 4490 576 4542 De
607 4489 751 4540 Sacri
787 4489 1058 4544 auditione
1084 4491 1320 4542 diximus
1351 4490 1410 4540 de
1443 4489 1648 4552 leuibus,
1684 4488 1821 4549 disp.
1858 4499 1917 4538 11.
1956 4512 2014 4523 —
2053 4486 2144 4536 Hic
2185 4484 2308 4534 vide
2358 4484 2397 4534 Ο
2431 4489 2587 4537 erette
2635 4485 2690 4537 di
2736 4484 3102 4537 Emmanuele

498 4552 736 4605 Mariano
765 4551 1095 4614 d’ltturiaga,
1132 4553 1236 4604 vol.
1276 4566 1345 4606 11:
1383 4553 1753 4603 Dissertazione
1784 4551 1921 4600 sulla
1955 4545 2342 4619 Santiflcazione
2436 4549 2503 4598 ite
2535 4548 2697 4598 Festa.

627 4609 680 4666 Si
713 4615 901 4666 festum
937 4614 1006 4664 ob
1043 4615 1179 4664 diem
1211 4613 1522 4677 impeditum
1562 4613 1909 4664 transferatur
1941 4611 1993 4661 in
2030 4609 2172 4660 ahud
2209 4609 2386 4672 quoad
2422 4609 2676 4670 officium,
2727 4621 2837 4660 non
2875 4609 3092 4660 trasfer-

496 4677 588 4728 tur
618 4678 866 4739 obligatio
900 4675 1148 4726 audiendi
1182 4676 1406 4727 Sacrum
1442 4679 1494 4726 et
1525 4673 1826 4725 abstinendi
1861 4673 1928 4722 ab
1963 4669 2212 4734 operibus
2247 4671 2548 4723 servilibus.
2583 4673 2674 4724 Est
2707 4681 3015 4733 commune,
3040 4673 3096 4722 et

496 4740 620 4791 talis
654 4742 734 4792 est
765 4739 1011 4790 Ecclesiae
1045 4739 1251 4804 praxis:
1287 4739 1408 4790 vide
1440 4738 1670 4801 Lignori,
1708 4737 1843 4798 Opus
1875 4735 2031 4797 Mor„
2067 4732 2102 4784 Ι.
2138 4743 2215 4794 111,
2249 4742 2303 4784 n.
2338 4736 2452 4786 267.
