3292 5167
478 194 613 262 340
1190 214 1305 258 ιιυ.
1354 213 1415 258 ιι.
1464 213 1675 260 τιιΑστ.
1724 215 1804 258 v1.
1848 214 1971 260 nss.
2020 214 2100 259 tv.
2149 214 2282 260 car.
2331 213 2420 258 ιιι.

480 326 633 388 sunt
665 318 814 403 (art.
860 278 1086 403 1932).
1121 315 1189 384 Si
1237 335 1390 385 vero
1453 322 1684 402 agatur
1738 317 1819 386 de
1866 316 2226 386 mobilibus
2274 335 2406 385 non
2443 314 2804 402 requiritur
2856 315 3080 402 hypo-

481 427 690 508 theca,
739 422 855 492 sed
888 422 969 491 de
1004 423 1397 492 necessitate
1438 442 1669 492 omnes
1720 442 1825 494 res
1859 424 2242 511 singillatim
2276 422 2696 508 designandae
2732 442 2810 493 su
2825 429 2896 490 nt
2924 440 3084 492 cum

482 531 729 620 proprii
778 529 1019 598 valoris
1070 530 1536 601 declaratione.

656 640 717 706 2.
767 640 849 707 Ut
896 636 1166 705 donatio
1205 658 1337 706 non
1373 639 1458 707 sit
1494 639 1659 707 sacta
1694 622 1817 708 sub
1868 626 2249 708 conditione
2281 635 2678 721 impossibili
2729 643 2840 704 aut
2874 635 3083 706 honis

482 746 780 815 moribus
827 746 1192 827 contraria3
1241 747 1340 815 vel
1392 749 1515 816 sub
1565 746 1982 828 conditione,
2050 746 2239 832 cujus
2287 743 2791 830 implementum
2840 762 2875 813 a
2927 742 3084 813 solo

482 850 770 921 donante
810 850 1117 937 pendeat3
1153 852 1251 921 vel
1287 855 1410 922 sub
1447 854 1827 924 conditione
1861 852 2305 922 satisfaciendi
2340 851 2655 921 oneribus
2700 853 2902 921 etiam
2937 868 3082 919 non

483 958 816 1044 expressis
864 966 978 1037 aut
1026 977 1154 1027 non
1204 961 1580 1030 extantibus
1650 961 2025 1030 donationis
2077 967 2410 1047 tempore,
2468 959 2697 1045 excipe
2746 958 2874 1027 nisi
2926 975 3081 1045 aga-

488 1072 599 1133 tur
649 1066 729 1134 de
777 1066 1201 1134 matrimonio
1248 1067 1301 1137 ¹.

672 1174 732 1239 3.
781 1173 862 1240 Ut
911 1171 1179 1241 donatio
1229 1174 1315 1241 sit
1347 1193 1381 1242 a
1432 1174 1774 1244 donatario
1825 1179 2158 1260 acceptata
2176 1199 2193 1255 ;
2250 1173 2518 1258 abipso
2569 1171 2835 1259 quidem
2887 1171 2942 1269 si
2994 1170 3088 1240 sit

489 1282 717 1367 major,
767 1282 863 1350 vel
912 1282 992 1351 ab
1041 1282 1167 1350 alio
1215 1282 1392 1352 illius
1445 1284 1731 1353 nomine.
1776 1286 1841 1353 Si
1894 1302 2046 1352 vero
2097 1284 2182 1352 sit
2230 1283 2466 1357 minor.
2518 1300 2651 1349 non
2701 1281 3082 1366 emancipa-

491 1396 596 1456 tus
637 1390 734 1456 vel
767 1388 1180 1471 interdictus,
1208 1408 1242 1457 a
1290 1400 1475 1477 patre
1508 1392 1606 1459 vel
1644 1397 1897 1472 tutore;
1935 1396 2155 1476 potest
2180 1389 2378 1458 etiam
2411 1388 2735 1473 acceptari
2776 1405 2810 1454 a
2870 1395 3086 1456 matre

491 1502 554 1564 et
602 1496 743 1563 aliis
792 1496 1323 1580 ascendentibus,
1372 1499 1425 1565 si
1477 1488 1828 1566 concurrat
1879 1496 2224 1566 tribunalis
2273 1496 2723 1564 auctorizatio.
2776 1495 2907 1562 Pro
2959 1494 3084 1562 mi-

492 1620 652 1670 nore
702 1603 1114 1689 emancipato
1164 1611 1229 1672 et
1264 1605 1514 1691 majore
1563 1603 1974 1674 inhabilitato
2025 1602 2388 1690 acceptatio
2425 1596 2500 1669 fit
2544 1619 2698 1670 cum
2746 1606 3085 1670 consensu

493 1707 837 1777 curatoris.
905 1709 1193 1778 Tandem
1252 1729 1373 1796 pro
1430 1713 1790 1800 corporibus
1842 1712 2201 1795 moratione,
2258 1717 2331 1777 ut
2395 1708 2644 1785 dicunt,
2710 1709 3083 1794 acceptatio

495 1815 725 1901 nequit
774 1815 991 1883 locum
1027 1816 1268 1885 habere
1303 1817 1445 1885 sine
1493 1818 1793 1904 gubernii
1830 1817 2348 1885 auctorizatione
2383 1826 2532 1900 (art.
2582 1817 2736 1899 932,
2790 1817 2990 1902 1050)
3031 1813 3090 1884 ².

576 1959 770 2021 Addit
814 1970 1025 2021 tamen
1072 1958 1285 2023 Codex
1343 1961 1589 2024 civilis:
1638 1963 1717 2025 Le
1778 1961 2114 2025 donaziom'
2154 1960 2314 2040 fatte
2375 1960 2445 2022 in
2501 1960 2806 2040 riquardo
2868 1959 2937 2022 di
2991 1978 3084 2021 tm

494 2039 907 2102 determinato
950 2040 1166 2121 futuro
1208 2043 1607 2128 matrimogzio
1653 2045 1751 2105 sia
1813 2052 1917 2105 tra
1958 2043 2051 2123 qli
2092 2043 2259 2121 spesi
2300 2039 2412 2121 fra
2457 2041 2607 2115 toro,
2648 2042 2747 2102 sia
2796 2040 2878 2102 da
2920 2040 3096 2105 altri

498 2136 538 2181 a
580 2118 792 2199 favore
831 2121 993 2200 aequ
1035 2122 1201 2200 spesi
1244 2141 1277 2185 o
1319 2123 1484 2186 della
1526 2125 1699 2203 prole
1743 2124 2076 2186 nascitura
2118 2123 2227 2185 dai
2269 2120 2605 2197 medesimi,
2657 2137 2782 2183 non
2823 2137 3092 2199 possano

496 2218 696 2263 essere
739 2202 1097 2281 impaqnate
1137 2219 1249 2281 per
1291 2220 1643 2266 mancanza
1687 2205 1752 2265 di
1793 2204 2218 2266 accettazione
2262 2202 2412 2280 (art.
2457 2201 2662 2280 1062).
2713 2200 3091 2281 Qualanque

496 2282 837 2344 donazione
879 2283 1048 2362 satta
1090 2284 1159 2345 in
1201 2284 1503 2364 riquardo
1545 2286 1613 2346 di
1652 2284 1870 2365 futuro
1913 2284 2314 2347 matrimonio
2355 2285 2385 2344 e
2430 2298 2622 2345 senza
2667 2283 2871 2363 effetto
2914 2298 2979 2343 ee
3033 2283 3094 2343 it

498 2363 894 2425 matrimonio
934 2382 1058 2426 non
1099 2380 1316 2442 seque:
1361 2365 1418 2425 to
1461 2372 1654 2427 stesso
1691 2364 1770 2427 lta
1802 2366 1978 2444 tuoyo
2014 2382 2074 2426 se
2112 2365 2160 2427 it
2201 2364 2603 2426 matrimonio
2633 2364 2665 2423 e
2700 2361 3034 2425 annullato
3058 2382 3089 2433 ‚-

498 2457 600 2503 ma
646 2443 707 2504 la
748 2440 1110 2519 donazione,
1174 2447 1241 2506 in
1285 2452 1517 2524 quanto
1548 2445 1871 2524 ,riquarda
1917 2446 1943 2506 i
1994 2445 2148 2525 fimi,
2206 2446 2450 2507 rimane
2494 2444 2732 2524 efficace
2798 2442 2900 2505 nei
2944 2442 3092 2504 casi

498 2524 765 2603 espressi
806 2524 1098 2589 nell’art.
1163 2525 1278 2587 116
1337 2524 1431 2604 (td
1495 2534 1592 2588 est
1647 2528 1697 2587 si
1745 2527 2226 2588 matrimonium
2274 2529 2336 2586 in
2385 2524 2546 2586 bona
2605 2522 2730 2586 fide
2790 2530 2889 2584 est
2931 2538 3088 2585 con·

507 2605 844 2682 tractum);
885 2622 916 2667 e
957 2622 1102 2669 sono
1145 2622 1268 2683 pur
1308 2605 1472 2668 salvi
1514 2607 1538 2668 i
1576 2606 1796 2669 div-icti
1837 2607 2185 2684 acquistati
2237 2605 2349 2668 dai
2391 2604 2559 2666 terzi
2599 2603 2702 2666 nel
2747 2611 2942 2682 tempo
2988 2604 3087 2665 in·

508 2685 798 2746 termedio
841 2684 990 2764 (art.
1038 2686 1242 2764 1068).
1285 2686 1321 2747 Ι
1357 2687 1604 2761 minori,
1645 2687 1738 2765 qli
1780 2686 2128 2761 interdetti,
2189 2703 2220 2748 e
2284 2686 2566 2765 qualitiva
2613 2685 2701 2746 lta
2764 2684 2942 2747 altro
2984 2684 3092 2746 do·

502 2766 789 2840 natat-io,
835 2783 958 2829 non
1002 2783 1147 2829 sono
1190 2767 1504 2829 restituiti
1545 2767 1612 2828 in
1656 2768 1857 2830 intere
1896 2784 2011 2846 per
2052 2767 2115 2828 ta
2157 2782 2506 2830 mancanza
2594 2766 2618 2826 i
2657 2765 3092 2829 accettazione

502 2844 658 2906 detto
717 2846 1076 2915 donaziom',
1124 2848 1294 2909 salvo
1338 2847 1391 2909 it
1431 2864 1710 2926 represso
1753 2853 1970 2909 contro
2013 2846 2115 2909 chi
2157 2864 2311 2910 avea
2358 2847 2400 2908 t’
2427 2843 2672 2925 obbliyo
2715 2845 3080 2907 detl'accet-

505 2927 752 2987 tazione
796 2927 942 3005 (art.
980 2926 1181 3005 1063).
1212 2927 1350 2990 Non
1386 2937 1639 2990 tenetur
1682 2939 1892 2990 autem
1931 2928 2202 2991 donator
2246 2928 2324 2989 de
2362 2928 2682 2989 evictione
2715 2924 3094 2987 indemnem

508 3005 778 3069 reddere
823 3007 1257 3081 donatarium3
1303 3009 1425 3070 nisi
1472 3008 1571 3070 vel
1638 3009 1895 3070 donatio
1959 3010 2262 3086 respiciat
2305 3007 2474 3069 dotis
2522 3007 3102 3081 constitutionem3

503 3084 606 3146 vel
653 3086 923 3149 donator
971 3088 1030 3150 id
1077 3104 1375 3163 expresse
1409 3089 1807 3167 promiserit3
1853 3087 1952 3149 vel
1990 3090 2223 3150 evictio
2259 3088 2339 3149 ab
2383 3089 2518 3166 ipso
2552 3086 2718 3148 tacto
2761 3086 3096 3166 personali

507 3166 604 3227 vel
653 3167 799 3229 dolo
834 3169 1163 3231 donatoris
1200 3177 1346 3230 nata
1395 3172 1481 3231 sit
1525 3167 1591 3243 ⁸3
1626 3167 1728 3231 vel
1774 3170 1909 3248 ipsa
1946 3169 2207 3232 donatio
2244 3170 2327 3230 sit
2370 3182 2662 3243 onerosa,
2691 3168 2756 3228 in
2802 3183 2874 3227 ea
2910 3180 3094 3246 parte

505 3262 624 3324 qua
673 3265 833 3310 onus
880 3251 1180 3329 importat
1223 3250 1375 3329 (art.
1425 3249 1627 3327 1077).

595 3381 791 3445 47²·
843 3387 916 3465 Q.
965 3389 1025 3453 6.
1070 3388 1171 3454 An
1218 3387 1575 3454 donationes
1616 3388 1959 3470 manuam,
2006 3405 2144 3472 quoe
2186 3406 2401 3475 nempe
2443 3387 2578 3452 sine
2621 3384 2754 3451 ulta
2797 3383 3094 3451 solemni-

506 3501 646 3571 tate,
694 3492 800 3555 sed
842 3493 977 3558 sola
1021 3495 1354 3561 traditione
1396 3497 1572 3581 fiunt,
1621 3495 1846 3561 validae
1889 3494 2013 3560 sint
2033 3499 2065 3558 ἲ
2726 3536 2732 3543 ‹

597 3600 669 3665 R.
738 3599 1104 3669 Commune
1175 3610 1277 3670 est
1325 3608 1390 3669 et
1437 3603 1505 3670 in
1557 3602 1697 3686 ipsa
1746 3601 1916 3669 civili
1961 3598 2481 3685 jurisprudentia
2529 3603 2871 3682 receptum
2921 3594 3092 3663 dona

509 3704 761 3771 usualia
814 3714 879 3774 et
927 3707 1105 3783 brevi
1154 3728 1373 3793 manu,
1409 3710 1462 3778 si
1514 3710 1645 3777 sint
1679 3709 1885 3777 libere
1920 3708 2085 3775 facta
2135 3707 2308 3775 inter
2354 3724 2670 3793 personas
2721 3704 2993 3786 habiles,
3027 3702 3096 3772 in

512 3820 695 3898 parte
743 3813 1146 3899 disponibili,
1198 3817 1261 3883 in
1314 3816 1717 3886 conscientia
1769 3834 1842 3883 ac
1886 3815 2057 3884 civili
2125 3815 2268 3883 foro
2311 3815 2440 3882 vim
2488 3814 2765 3894 habere;
2815 3810 2940 3879 etsi
2991 3828 3094 3878 ce-

511 3928 672 3989 terae
724 3920 1181 3993 solemnitates
1230 3926 1309 3994 ab
1356 3924 1497 4010 ipsa
1550 3925 1691 4009 lege
1741 3922 1910 3991 civili
1950 3922 2359 4009 praescriptae
2411 3940 2540 3990 non
2576 3920 2820 3989 fuerint
2868 3918 3098 3986 obser-

511 4033 699 4111 vatae‚
737 4029 830 4095 uti
859 4029 914 4097 si
951 4029 1325 4099 donationis
1361 4041 1548 4100 actus
1581 4049 1713 4098 non
1753 4029 2134 4115 perficiatur
2165 4031 2489 4115 scriptura
2523 4026 2930 4114 praescripta.
2974 4026 3096 4093 Co-

512 4131 691 4203 dices
745 4136 920 4204 enim
979 4139 1199 4207 civiles
1256 4139 1384 4207 illis
1446 4138 1983 4207 solemnitatibus
2056 4156 2130 4207 ac
2187 4136 2679 4206 conditionibus
2743 4134 3124 4202 voluerunt.

578 4378 594 4419 ¹
634 4383 741 4433 Art.
778 4386 925 4447 1056;
953 4410 1014 4424 -
1049 4386 1102 4437 C.
1139 4388 1200 4437 A.
1230 4389 1351 4449 9435
1383 4413 1448 4426 -
1479 4387 1534 4439 G.
1572 4389 1630 4439 G.
1665 4388 1762 4442 8v4
1792 4388 1843 4439 et
1870 4388 1999 4449 831;
2031 4412 2095 4424 -
2128 4385 2183 4436 C.
2218 4386 2268 4437 S.
2298 4386 2393 4437 814
2424 4386 2478 4437 et
2507 4387 2629 4446 85&
2671 4407 2735 4421 —
2768 4384 2824 4435 C.
2857 4385 2916 4434 P.
2944 4384 3093 4446 ¹886;

512 4467 576 4479 —
613 4444 664 4493 c.
703 4447 768 4496 M.
806 4450 953 4509 18593
986 4450 1127 4497 -ιι,
1170 4443 1225 4499 T.
1257 4453 1366 4501 977.

577 4504 600 4543 ²
639 4506 696 4555 v.
730 4509 837 4558 Lex
868 4512 1045 4570 civilis,
1081 4515 1141 4563 29
1168 4512 1303 4574 junii
1339 4513 1487 4575 186ss
1521 4513 1573 4565 et
1599 4512 1711 4574 jam
1744 4512 2010 4575 disputata
2040 4520 2203 4572 supra
2238 4520 2287 4559 n.
2320 4509 2433 4560 354.

578 4568 600 4607 ⁸
634 4570 777 4629 Dolo,
817 4574 874 4621 ut
905 4572 950 4622 si
983 4574 1215 4625 alienum
1247 4575 1551 4636 donaverit3
1599 4574 1754 4636 sacto,
1811 4594 1831 4619 ι
1868 4584 1926 4623 se
1959 4584 2065 4623 non
2100 4572 2252 4634 pagui
2286 4571 2304 4621 i
2351 4570 2511 4623 debiti
2545 4570 2662 4622 suoi
2707 4567 2962 4633 ipotecari
3015 4569 3098 4620 sul

514 4627 676 4682 londo
710 4632 927 4695 donate,
962 4636 1059 4687 che
1085 4648 1194 4687 non
1230 4647 1358 4700 pose
1391 4648 1424 4688 a
1455 4647 1581 4701 nese
1615 4635 1698 4689 del
1730 4636 2028 4687 donatario.
2065 4653 2086 4679 ι
2125 4636 2387 4695 cananea,
2423 4633 2615 4687 Codice
2639 4633 2912 4683 annotato·
