3292 5167
523 231 663 298 582
1171 219 1220 266 ’
1547 255 1662 318 cis.
1710 255 1775 300 ιι.
1823 254 2034 302 τιιΑατ.
2081 249 2187 300 vn.

528 375 557 410 ι
602 360 701 415 tro
743 352 875 432 flgli
920 370 956 416 e
1003 363 1099 416 tre
1135 353 1421 432 figliuole
1463 356 1582 418 che
1629 357 1845 419 hauno
1878 355 2144 434 bisogno
2177 354 2239 416 di
2273 369 2409 425 me;
2444 350 2612 414 oltre
2653 366 2687 414 a
2720 350 2824 413 cib
2861 348 2922 411 io
2952 361 3131 410 sono

528 456 555 489 ι
599 433 727 496 alto
770 450 805 496 e
848 435 1105 513 pingue.
1154 452 1188 496 e
1226 445 1293 497 tu
1332 436 1575 514 piccolo
1618 454 1654 500 e
1697 453 1915 511 secc03
1956 436 2227 511 ebbone,
2255 449 2324 496 se
2357 433 2502 495 vuoi
2535 432 2654 494 cbo
2688 432 2745 492 ci
2780 430 3131 508 battiamm

530 537 556 568 ι
601 515 663 576 ιο
704 523 906 577 metto
949 516 1014 576 in
1058 515 1181 577 mia
1222 530 1373 578 vece
1417 531 1501 579 un
1549 515 1717 580 fusto
1763 516 2046 580 d'albero
2089 515 2218 578 alto
2262 529 2298 576 e
2341 529 2566 592 grosso
2625 526 2809 574 come
2854 525 3000 584 me,
3042 523 3129 570 se

527 617 554 650 ι
599 600 667 656 ιιι
711 592 771 655 lo
813 593 1099 674 colpisci,
1145 596 1206 658 io
1250 596 1335 657 mi
1382 603 1578 659 metto
1623 597 1793 660 dalla
1827 609 1962 671 tua;
2005 613 2073 658 se
2120 612 2222 671 no,
2255 602 2320 658 tu
2356 592 2528 657 dalla
2564 595 2711 655 mia.
2742 615 2765 645 ι
2810 587 3129 654 Conobbe

526 673 701 737 Tizio
749 673 806 737 la
855 674 1379 754 ragionevolezza
1422 676 1591 739 della
1639 686 1977 758 proposta;
2023 678 2145 740 tiro
2196 675 2276 738 ed
2323 674 2368 736 il
2413 671 2597 752 colpo
2633 672 2804 734 audo
2862 668 3131 733 fallite:

528 753 729 817 allora
774 756 825 817 si
870 758 1108 818 misero
1150 756 1504 820 d’accordo
1547 773 1583 820 e
1626 767 1960 822 restarouo
2006 757 2194 819 amici
2241 770 2418 818 come
2464 754 2694 833 prima.
2742 748 2996 815 comba.

1572 1050 1696 1132 (K)
1739 1052 1891 1134 paq.
1935 1052 2074 1116 492.

606 1305 795 1369 851.
842 1309 909 1373 In
955 1309 1148 1373 dubio
1192 1310 1272 1372 de
1318 1311 1510 1376 foetus
1574 1315 1969 1377 animatione
1999 1360 2015 1388 ,
2062 1313 2278 1376 verius
2340 1312 2919 1375 excommunicatio
2985 1325 3127 1373 nou

532 1387 910 1467 incurritur,
952 1391 1097 1470 quia
1146 1407 1475 1455 versamur
1519 1394 1583 1456 in
1643 1394 1918 1457 odiosis:
1983 1393 2185 1456 multo
2245 1394 2456 1456 minus
2510 1391 3003 1470 irregularitas»,
3047 1398 3131 1453 ut

527 1465 716 1531 nobis
760 1481 1009 1535 certum
1056 1470 1343 1548 videtui-3
1389 1488 1534 1536 nam
1578 1474 1733 1537 Jure
1777 1475 2086 1538 canonico
2133 1472 2445 1536 habemus
2486 1488 2627 1535 eam
2667 1488 2794 1534 non
2845 1473 3125 1546 incurri,

525 1550 653 1615 nisi
703 1552 768 1612 in
825 1552 963 1631 lege
1008 1552 1091 1613 sit
1132 1567 1435 1631 expressa
1482 1554 1566 1632 (c.
1607 1557 1665 1617 is
1699 1557 1840 1634 quis
1905 1555 1979 1617 de
2030 1562 2184 1618 sent.
2228 1570 2517 1616 excomm.
2544 1600 2560 1628 ,
2606 1554 2670 1614 in
2717 1552 2821 1631 6):
2866 1553 2947 1613 de
2994 1552 3125 1614 hoc

523 1645 719 1772 forro
762 1647 911 1696 casu
957 1632 1122 1693 nibil
1172 1631 1441 1699 habetur
1485 1650 1878 1713 expressum.
1922 1634 2082 1697 Hinc
2126 1633 2519 1697 concludunt
2578 1632 2766 1696 valde
2810 1631 3115 1712 probabi·

557 1716 684 1778 iter
721 1727 848 1774 nou
881 1710 1274 1776 censendum
1323 1714 1764 1793 irregularem,
1809 1715 2035 1779 saltem
2080 1716 2143 1776 in
2178 1713 2314 1776 foro
2345 1722 2639 1789 externe,
2679 1714 2786 1792 qui
2824 1715 2997 1775 intra
3033 1711 3125 1776 80

527 1793 666 1857 dies
710 1809 742 1855 a
792 1793 981 1856 foetus
1026 1795 1443 1874 conceptione
1487 1795 1780 1858 abortum
1828 1797 2210 1876 procuravit.
2258 1794 2547 1858 Diximus
2592 1795 2768 1857 intra
2812 1792 2894 1855 80
2934 1793 3071 1855 dics
3096 1812 3125 1863 ,-

527 1878 675 1953 quia
710 1874 903 1936 etiam
937 1875 1004 1936 in
1050 1872 1244 1937 dubio
1274 1892 1354 1938 au
1403 1875 1593 1938 foetus
1623 1879 1707 1938 sit
1735 1874 2130 1940 masculinus
2163 1874 2265 1938 vel
2305 1874 2670 1950 foemineuS,
2706 1877 2915 1953 potius
2948 1888 3122 1953 prae·

528 1956 810 2018 sumitur
855 1953 1231 2017 foemineus:
1277 1972 1418 2019 cum
1464 1973 1542 2019 ex
1586 1955 2015 2035 frequentiori
2048 1965 2285 2019 eventu
2321 1955 2595 2036 amplior
2626 1953 2843 2016 forsan
2880 1959 2967 2016 sit
2998 1968 3117 2016 nu-

523 2050 743 2098 merus
789 2033 1217 2110 foeminarum,
1260 2052 1447 2112 quam
1493 2038 1957 2111 masculorum
2014 2044 2077 2099 at
2121 2039 2184 2098 in
2232 2036 2426 2099 dubio
2466 2051 2567 2098 res
2598 2034 2979 2099 resolvenda
3017 2040 3121 2096 est

524 2116 704 2194 juxta
738 2116 902 2194 quod
951 2116 1239 2179 crebrius
1285 2117 1622 2195 contingit.
1671 2117 1823 2180 -V.
1873 2118 2154 2198 Lignori,
2195 2116 2361 2196 Opus
2413 2116 2594 2190 Mor„
2639 2114 2678 2176 l.
2725 2131 2825 2188 ιιι,
2868 2132 2932 2176 ιι.
2975 2112 3118 2177 396.

606 2195 707 2259 An
753 2196 1061 2276 (quaeres)
1104 2197 1413 2272 mulieres,
1460 2214 1594 2277 quoe
1630 2200 1697 2261 in
1739 2201 2084 2280 semetipsis
2126 2196 2415 2262 abortum
2458 2202 2828 2275 procurant,
2871 2210 3117 2258 excom·

523 2277 974 2339 municationis
1012 2294 1254 2356 poenam
1299 2280 1689 2342 incurrant?

608 2355 868 2421 Certum
915 2365 1032 2431 est,
1075 2358 1378 2422 mulieres
1423 2375 1551 2422 non
1600 2375 1782 2439 posse
1825 2359 2118 2423 abortum
2165 2357 2283 2421 sibi
2333 2372 2676 2437 procurare
2720 2357 2917 2419 etiam
2962 2365 3121 2418 ante

526 2435 728 2501 foetus
762 2438 1218 2501 animationem
1245 2486 1261 2515 ,
1304 2442 1591 2519 quamvis
1634 2442 1757 2503 sibi
1801 2441 2065 2504 videant
2125 2457 2203 2503 ex
2262 2442 2426 2502 uteri
2471 2436 2860 2516 graviditate
2904 2435 3114 2499 immi·

527 2532 690 2581 nere
778 2516 1090 2580 ericulum
1139 2518 1443 2595 infamias,
1488 2520 1588 2584 vel
1631 2524 1824 2584 etiam
1869 2523 2135 2596 mortis3
2178 2535 2320 2582 cum
2366 2519 2427 2583 id
2475 2523 2560 2580 sit
2590 2518 2945 2580 intrinsece
2983 2530 3113 2577 ma·

527 2595 683 2660 lum.
783 2606 805 2660 t
847 2597 1223 2662 deducimus
1266 2602 1456 2663 etiam
1502 2616 1577 2663 ex
1625 2604 1767 2677 ista,
1810 2618 1994 2680 quam
2034 2618 2095 2663 n.
2139 2600 2217 2663 34
2260 2599 2675 2662 Innocentius
2707 2596 2790 2660 XI
2847 2597 3115 2659 damna·

522 2678 618 2741 vit
663 2680 1199 2758 propositionem:
1239 2680 1414 2743 Licet
1451 2698 1797 2760 procurare
1837 2680 2131 2745 abortum
2171 2687 2322 2743 ante
2383 2680 2826 2743 animationem
2882 2676 3070 2756 soetus
3097 2722 3121 2752 ,

524 2774 600 2822 nc
632 2760 843 2838 puella
884 2758 1261 2838 deprehensa
1302 2763 1567 2842 yravida
1610 2764 1941 2826 occidatur
1981 2764 2078 2826 vel
2120 2761 2485 2841 infametur.
2531 2758 2685 2822 Item
2731 2767 2983 2821 certum
3016 2767 3115 2820 est

521 2854 791 2931 peccare
835 2839 1198 2902 mortaliter
1241 2851 1305 2904 et
1366 2843 1783 2907 homicidium
1848 2845 2250 2905 committere
2317 2842 2653 2904 mulierem
2671 2847 2697 2912 ’,
2738 2855 2885 2918 quae
2928 2839 2999 2900 in
3040 2853 3117 2901 se

527 2935 665 2999 ipsa
713 2928 1015 2999 procurat
1058 2919 1350 2985 abortum
1399 2922 1592 2985 foetus
1628 2926 1911 2987 animati.
1955 2957 2033 2970 —
2075 2923 2313 2987 Verum
2344 2931 2558 2984 utrum
2594 2922 2889 2981 incurrat
2916 2919 3113 2981 etiam

522 3001 1261 3064 excommunicationem
1308 3020 1339 3065 a
1371 3002 1550 3065 Sixto
1579 3003 1632 3066 V
1665 3006 2032 3082 irrogatam,
2057 3004 2379 3066 sententia
2410 3000 2932 3063 communissima
2968 3013 3113 3061 cum

523 3078 878 3157 Bonacina‚
919 3080 1158 3162 Sporer
1202 3092 1392 3161 atque
1434 3083 1614 3153 Viva.
1660 3086 1765 3163 qui
1813 3084 1972 3147 dicit
2013 3085 2181 3147 hanc
2224 3099 2364 3145 esse
2395 3100 2513 3145 usu
2544 3088 2891 3159 receptam,
2934 3077 3109 3142 affir-

522 3170 698 3236 mat3
739 3164 846 3240 qui
893 3164 1067 3225 enim
1112 3162 1371 3226 abortus
1416 3167 1618 3245 magis
1665 3181 1813 3228 reus
1854 3174 1952 3228 est
1993 3174 2197 3229 matre
2243 3164 2398 3243 ipsa,
2440 3178 2581 3241 quae
2626 3161 2771 3223 ideo
2816 3161 3113 3239 pharma-

524 3255 667 3304 cum
714 3243 1026 3322 suscipit‘?
1069 3243 1145 3309 Et
1191 3245 1255 3306 in
1301 3243 1478 3309 Bulla
1525 3254 1748 3325 aperte
1791 3244 2028 3325 legitur
2073 3245 2105 3326 Β
2153 3248 2219 3309 t:
2264 3245 2487 3306 Poenas
2544 3244 2874 3305 incurrere
2922 3240 3115 3303 etiam

520 3329 920 3402 proeynantcs
963 3324 1134 3402 ipsas
1180 3325 1489 3401 mulieres,
1532 3343 1667 3406 quoe
1719 3329 1989 3389 scienter
2017 3325 2343 3405 proemissa
2383 3323 2680 3402 fecerum
2735 3329 2806 3384 et
2845 3320 2881 3402 3
2927 3320 2965 3384 7
3004 3321 3113 3382 ite·

526 3415 668 3463 rum
713 3402 1009 3465 Pontifex
1053 3407 1544 3484 comprehendit
1586 3407 1877 3470 mulieres
1907 3408 2101 3486 ipsas,
2133 3422 2267 3487 quw
2301 3405 2510 3468 eadem
2539 3402 2762 3484 pocula
2790 3401 2905 3481 (ad
2936 3399 3115 3465 abor·

526 3481 690 3559 tum)
731 3490 946 3562 sponte
988 3500 1064 3545 ac
1105 3486 1375 3549 scienter
1416 3493 1817 3566 sumpserint.

608 3559 733 3624 Sed
781 3563 1100 3626 sententia
1137 3580 1380 3645 negans
1423 3577 1522 3630 est
1563 3567 1751 3629 valde
1798 3565 2149 3648 probabilis
2192 3573 2257 3627 et
2298 3572 2538 3628 attenta
2578 3563 2718 3641 ejus
2753 3563 3109 3625 intrinseca

521 3644 795 3719 ratione,
839 3642 1249 3722 probabilior.
1295 3647 1468 3710 Hanc
1513 3648 1873 3711 defendunt
1915 3647 2094 3710 Avila
2128 3693 2144 3724 ,
2187 3647 2442 3708 Lexana
2470 3693 2488 3721 ,
2538 3643 2773 3706 Naldus
2803 3688 2821 3718 ,
2861 3641 3108 3703 Ronca·

518 3724 673 3801 glia‚
719 3721 1259 3789 Salmanticenses
1302 3737 1366 3791 et
1409 3727 1581 3808 Lugo
1624 3728 1761 3807 (qui
1812 3737 2020 3792 tamen
2066 3726 2396 3790 concludit
2440 3724 2738 3788 standum
2796 3738 2914 3802 pro
2960 3736 3108 3783 con·

525 3813 728 3866 traria
774 3806 1095 3868 sententia
1122 3851 1139 3881 ,
1179 3808 1235 3868 si
1279 3810 1634 3872 communis
1679 3826 1830 3872 usus
1894 3810 2178 3887 regionis
2222 3808 2311 3870 sic
2354 3805 2634 3885 explicet
2674 3813 2740 3868 et
2786 3800 3113 3882 intelligat

518 3882 825 3965 Bullam).
869 3883 1036 3948 Sane
1084 3887 1146 3947 in
1194 3895 1465 3965 utroque
1506 3888 1759 3968 objecto
1803 3890 2228 3970 paragrapho,
2263 3889 2373 4029 ιῖιιι
2404 3893 2641 3949 matres
2687 3882 3109 3961 comprehen-

521 3965 638 4042 dit,
684 3964 985 4028 Pontifex
1030 3973 1326 4046 patenter
1371 3968 1652 4048 loquitur
1695 3970 1791 4048 (ιιι
1838 3969 2060 4033 sedulo
2092 3973 2157 4032 in
2241 3967 2366 4033 ula
2415 3963 2929 4044 observavimus)
2976 3971 3108 4026 tan·

523 4054 660 4109 tum
707 4046 787 4108 de
831 4046 1038 4126 poenis
1089 4048 1543 4127 temporalibus
1588 4061 1810 4113 contra
1856 4050 2211 4113 homicidas
2254 4048 2546 4123 statutia;
2589 4060 2734 4109 nam
2781 4061 2928 4108 cum
2962 4043 3109 4107 dein

520 4127 794 4206 gradum
843 4127 1055 4191 facere
1098 4127 1295 4191 vellet
1338 4130 1414 4192 ad
1465 4144 1687 4209 poenas
1729 4130 2117 4211 spirituales,
2166 4130 2526 4210 praesertim
2562 4125 2639 4190 ad
2678 4125 3110 4188 excommuni-

518 4210 839 4270 cationem
871 4208 1286 4286 infligendam
1319 4211 1385 4271 ιιι
1432 4209 1464 4291 5
1510 4209 1566 4285 7,
1609 4210 1861 4274 subdit:
1902 4211 2177 4290 Insuper
2203 4218 2281 4273 ut
2312 4206 2753 4272 immanissimi
2784 4205 2981 4283 husus
3008 4205 3105 4267 de·

520 4285 661 4349 licti
700 4290 1014 4368 pravitati
1038 4307 1159 4355 non
1188 4290 1394 4352 solum
1437 4290 1904 4370 temporalibus,
1946 4309 2160 4355 verum
2198 4293 2390 4355 ctiam
2432 4285 2887 4368 spiritualibus
2911 4286 3109 4366 poenis

512 4371 972 4448 prospiciamus
1013 4377 1077 4433 ct
1113 4370 1537 4446 consulamus,
1570 4388 1774 4434 omnes
1804 4379 1868 4436 et
1899 4373 2176 4454 sinqulos
2204 4372 2636 4450 cuiuscunque
2683 4368 2950 4450 aradus,
2977 4373 3108 4429 sta·

520 4453 685 4509 tus...
722 4450 835 4528 qui
862 4452 976 4528 vel,
1018 4468 1151 4531 quoe
1193 4452 1291 4514 uti
1331 4452 1738 4532 principales,
1781 4453 1877 4518 vel
1919 4461 1994 4517 ut
2030 4454 2213 4516 socioe
2251 4453 2335 4517 ad
2378 4450 2503 4515 talo
2543 4450 2800 4530 facinus
2843 4447 3111 4511 commit·

520 4528 791 4601 tendum,
823 4546 1017 4624 opem,
1044 4532 1396 4607 consilium,
1438 4530 1741 4613 favorem,
1787 4535 2092 4612 potionem
2134 4533 2229 4596 vel
2270 4533 2404 4596 alia
2439 4531 2891 4594 medicamenta
2911 4527 3107 4591 scien·

517 4611 619 4672 tor
660 4609 965 4688 dederint,
1005 4619 1115 4675 etc.
1166 4612 1508 4692 Loqueudo
1554 4615 1660 4677 bic
1702 4615 1901 4695 igitur
1945 4615 2025 4678 de
2070 4613 2279 4693 poenis
2323 4611 2789 4693 spiritualibus,
2824 4624 2956 4671 non
2986 4622 3108 4672 am·

501 4688 690 4771 jplius
733 4691 1023 4753 nominat
1063 4692 1368 4756 mulieres
1412 4705 1844 4774 praegnantes,
1885 4695 1997 4758 sed
2044 4701 2291 4758 tantum
2336 4708 2468 4771 eos,
2513 4691 2612 4755 vel
2659 4706 2811 4769 eas,
2858 4689 2970 4771 qui
3012 4686 3115 4752 cel
