3292 5167
1436 289 1514 337 ue
1563 290 1702 336 rme
2050 280 2059 289 '
2725 276 2871 342 619

257 386 601 473 gationem
649 387 850 469 illam,
899 387 1120 474 aliqua
1171 389 1335 459 fides
1386 391 1711 478 explicita·
1745 408 2011 477 semper
2055 392 2177 462 fuit
2225 395 2592 465 necessaria
2631 395 2713 464 de
2748 415 2871 467 ne·

255 494 575 565 cessitate
623 496 820 565 medii
872 498 953 564 ad
1003 506 1320 566 aeternam
1371 501 1674 568 salutem.

351 590 731 690 Ac'primo:
781 606 925 673 haec
959 605 1090 674 duo
1139 604 1405 675 fuerunt
1455 607 1635 674 omni
1689 614 1986 692 tempore
2035 610 2115 678 ab
2187 610 2529 694 omnibuS,
2581 618 2665 687 et,
2707 611 2859 682 ideo

249 710 460 778 etiam
509 718 661 779 ante
708 712 1038 798 Evangelii
1092 714 1714 799 promulgationem,
1768 714 1850 783 de
1901 714 2294 785 necessitate
2355 717 2586 800 medii,
2635 717 2859 787 deter-

251 816 506 884 minate
557 824 622 885 et
670 818 979 904 explicite
1031 819 1354 889 credenda
1405 820 1534 888 fide
1584 821 2114 907 supernaturali,
2167 839 2404 908 nempe
2451 826 2660 893 Deum
2718 826 2859 896 exi-

245 930 456 1007 stere,
508 933 706 1011 atque
774 927 996 1012 justos
1061 922 1125 994 in
1202 928 1328 995 vita
1393 929 1609 996 futura
1675 946 1822 997 esse
1887 935 2478 997 remuneraturum.
2529 928 2716 999 Patet
2779 951 2861 1002 ex

247 1032 574 1117 Apostolo
617 1035 685 1077 ¹·
671 1035 994 1102 Credere
1037 1036 1203 1103 enim
1250 1048 1483 1123 oportet
1528 1037 1917 1104 accedentem
1968 1036 2053 1102 ad
2119 1040 2351 1118 Deum,
2422 1039 2572 1122 qnia
2612 1052 2737 1122 est,
2804 1061 2862 1125 eg

243 1139 714 1223 inquirentibus
759 1163 821 1208 se
867 1156 1302 1210 remunerator
1344 1145 1445 1210 sit.
1499 1143 1662 1211 llinc
1708 1144 2118 1230 propositio:
2169 1144 2441 1210 Nonnisi
2481 1145 2628 1231 fides
2673 1146 2862 1213 unius

253 1246 370 1313 Dei
415 1248 770 1313 necessaria
817 1249 1057 1319 videtur
1102 1250 1456 1317 necessitate
1503 1251 1723 1332 medii,
1770 1272 1901 1317 non
1943 1262 2151 1317 autem
2197 1252 2498 1337 ezr-plicita
2554 1254 2859 1319 Remune-

248 1355 504 1432 ratoris‚
554 1355 634 1421 ab
684 1357 1070 1425 Innocentio
1119 1358 1206 1424 Xl
1269 1356 1574 1425 damnata
1624 1366 1726 1427 est
1773 1359 1899 1426 sub
1948 1377 2010 1425 n.
2061 1360 2168 1425 22.
2221 1360 2300 1425 Et
2348 1377 2538 1441 sane,
2590 1367 2661 1426 ut
2709 1360 2857 1446 quis

245 1459 452 1527 vitam
508 1468 823 1529 aeternam
876 1471 1227 1546 mereatur,
1299 1464 1497 1532 modo
1563 1464 2047 1549 supernaturali
2116 1466 2330 1533 vivere
2398 1464 2628 1545 debet3
2678 1465 2858 1552 quod

251 1586 393 1636 non
448 1574 709 1652 potest,
763 1569 885 1637 nisi
936 1573 1149 1638 Deum
1213 1578 1777 1640 remuneratorem
1857 1580 2235 1658 cognoscat.
2300 1573 2856 1642 communissima

249 1681 475 1742 autem
526 1674 788 1756 docent,
830 1676 1024 1744 fidem
1076 1677 1450 1763 explicitam
1500 1681 1617 1747 Dei
1671 1680 1882 1748 bonos
1933 1679 2437 1762 remunerantur,
2486 1680 2850 1766 importare

243 1784 450 1850 etiam
501 1782 696 1850 fidem
746 1784 1120 1870 explicitam
1159 1786 1275 1853 Dei
1327 1787 1534 1855 malos
1586 1787 1940 1873 punientis.
1979 1824 2069 1835 -
2099 1790 2241 1854 Non
2291 1794 2511 1865 autem
2554 1805 2855 1856 necessa-

251 1888 356 1955 ria
404 1889 525 1956 fuit
574 1897 725 1957 ante
774 1893 1198 1977 Evangelium
1249 1893 1411 1962 fides
1461 1894 1768 1980 explicita
1810 1894 1873 1960 in
1912 1892 2330 1973 Trinitatem3
2368 1892 2483 1961 sed
2518 1894 2676 1961 satis
2711 1903 2851 1962 erat

245 1994 417 2063 fides
468 1996 780 2080 implicita
828 2006 894 2067 et
943 1999 1212 2084 quidem
1263 2000 1479 2068 latiori
1531 2019 1754 2069 sensu.
1805 2000 1872 2067 Si
1943 2016 2139 2068 secus
2204 2005 2412 2083 esset,
2463 2001 2639 2067 Deus
2704 2001 2852 2068 Tri-

248 2104 481 2174 nitatis
534 2090 1025 2176 revelationem
1055 2106 1440 2174 Iudaeorum
1492 2108 1686 2195 vulgo
1737 2127 1867 2176 non
1919 2105 2340 2192 denegasset:
2384 2106 2563 2192 quod
2627 2115 2848 2176 tamen

251 2216 499 2285 merito
551 2218 723 2299 fecit,
770 2235 850 2305 ne
900 2215 1020 2302 ipsi
1073 2214 1137 2282 in
1189 2215 1440 2282 cultum
1491 2214 1820 2284 idolorum
1862 2215 2001 2301 jam
2052 2215 2244 2301 proni
2297 2217 2585 2283 Deorum
2635 2214 2853 2300 plura-

250 2322 509 2391 litatem
558 2324 1057 2410 suspicarentur
1107 2341 1186 2390 ex
1239 2321 1345 2388 tali
1401 2322 1652 2390 notitia.

343 2432 578 2498 Utrum
629 2449 781 2498 vero
833 2436 985 2516 post
1031 2427 1189 2496 Adae
1243 2435 1584 2514 peccatum
1650 2435 1799 2496 ante
1867 2427 2356 2513 promulgatum
2427 2426 2851 2511 Evangelium

243 2536 458 2605 fuerit
507 2538 877 2606 necessaria
929 2536 1321 2604 necessitate
1371 2535 1568 2604 medii
1620 2537 1814 2604 etiam
1866 2536 2080 2622 aliqua
2130 2534 2294 2602 fides
2379 2535 2854 2603 Incarnationis

245 2664 366 2712 seu
419 2645 482 2711 in
534 2646 896 2727 Christum,
948 2643 1230 2712 affirma:
1283 2645 1480 2711 homo
1530 2644 1706 2712 enim
1754 2644 1977 2729 lapsus
2028 2642 2315 2728 reparari
2398 2661 2528 2710 non
2595 2649 2850 2729 potest,

247 2753 376 2821 nisi
427 2753 647 2838 aliquo
700 2752 895 2820 modo
949 2734 1214 2821 uniatur
1261 2750 1686 2836 Redemptori
1760 2759 1824 2819 et
1894 2769 2016 2837 per
2087 2750 2597 2836 Redemptorem
2661 2752 2844 2826 Deo;

235 2859 429 2943 quod
479 2858 617 2928 fieri
672 2859 898 2944 nequit
949 2854 1070 2926 nisi
1128 2877 1243 2942 per
1288 2857 1574 2943 aliquam
1625 2856 1840 2926 fidem.
1915 2842 2217 2926 Hinc'in
2268 2858 2656 2942 Scriptura:
2702 2861 2847 2924 Non

228 2977 332 3031 est
377 2967 444 3032 in
489 2968 616 3033 alio
663 2968 874 3052 atiquo
921 2967 1111 3049 saltas,
1159 2984 1271 3033 nec
1317 2965 1500 3033 aliud
1543 2969 1795 3033 Nomen
1856 2978 1945 3033 est
2005 2968 2116 3034 sub
2169 2968 2315 3034 coeto
2384 2966 2597 3033 datum
2642 2966 2845 3033 homi-

241 3074 427 3140 nibus
473 3075 540 3140 in
586 3094 704 3158 quo
751 3086 1026 3161 oporteat
1070 3093 1184 3140 nos
1228 3074 1436 3141 salvos
1477 3075 1655 3159 fieri,-
1697 3093 1826 3140 non
1867 3075 2262 3161 justificatur
2308 3075 2613 3140 homo-ea:
2646 3072 2845 3159 operi-

237 3181 358 3246 bus
406 3181 576 3266 lepte,
623 3183 750 3248 nisi
785 3202 898 3269 per
940 3174 1304 3268 fidem‘Jesu
1355 3180 1586 3249 Christi
1618 3178 1668 3247 ²,
1717 3180 1911 3248 Fides
1961 3188 2180 3248 autem
2234 3181 2376 3248 haec
2439 3187 2589 3248 ante
2656 3180 2843 3248 suffi-

243 3288 534 3356 cientem
585 3288 913 3373 Evangelii
966 3288 1584 3374 promulgationem·
1616 3288 1985 3356 sufficiebat
2033 3286 2368 3373 implicita,
2405 3286 2467 3353 in
2507 3305 2704 3355 sensu
2741 3295 2843 3353 ta-

241 3411 396 3461 men
448 3396 700 3463 stricto.
754 3397 917 3464 Hinc
964 3396 1326 3482 Apostolus
1365 3398 1646 3481 loquens
1696 3395 1777 3463 de
1827 3395 2140 3480 mysterio
2191 3394 2670 3462 Incarnationis
2705 3395 2840 3480 aje-

237 3503 356 3571 bat
394 3506 455 3568 ⁸:
507 3503 671 3590 quod
714 3504 1137 3572 absconditum
1183 3506 1304 3589 fuit
1351 3526 1393 3571 a
1436 3503 1683 3571 saeculis
1730 3516 1783 3570 et
1831 3504 2372 3590 ρεπεναιίοηίὸαε,
2420 3523 2588 3570 nunc
2631 3516 2840 3569 autem

231 3611 711 3695 .·1nanisestatum
758 3623 846 3678 est
885 3612 1123 3677 Sanctis
1170 3613 1324 3697 ejas.
1370 3615 1463 3679 Ita
1516 3608 1879 3695 generatim
1930 3627 2079 3677 cum
2130 3628 2182 3677 s.
2233 3610 2484 3677 Thoma
2522 3610 2570 3675 ⁴.

333 3700 642 3784 Secundo.-
694 3718 923 3799 hodie,
973 3718 1141 3786 facta
1190 3717 1519 3804 Evangelii
1576 3717 2153 3803 promulgatione,
2205 3734 2336 3784 non
2401 3713 2642 3783 sufficit
2705 3713 2836 3782 fide

159 3844 190 3877 ι
237 3823 548 3908 explicita
600 3823 869 3892 credere
918 3825 1131 3891 Deum
1180 3823 1464 3892 existere
1513 3830 1578 3891 et
1651 3822 1714 3891 in
1789 3823 1991 3893 altera
2063 3823 2192 3889 vita
2265 3828 2834 3889 remuneratorem

235 3948 432 4012 esse3
481 3930 598 3998 sed
645 3931 921 4015 insuper
968 3931 1332 4016 requiritur
1376 3928 1457 3998 de
1507 3931 1906 3999 necessitate
1954 3930 2174 4011 medii,
2245 3935 2317 3995 ut
2387 3925 2693 4012 explicite
2761 3944 2835 3994 ac

231 4037 675 4107 determinate
733 4028 1086 4105 credantur
1122 4037 1431 4123 mysteria
1468 4044 1607 4104 tum
1642 4039 1744 4104 Ss,
1775 4038 2133 4118 TrinitatiS,
2170 4045 2308 4103 tum
2336 4033 2832 4115 IncarnationiS,

229 4144 370 4212 sub
419 4164 546 4231 qua
594 4144 1182 4231 comprehenditur
1230 4130 1657 4231 Redemptio.
1708 4145 1953 4214 etenim
2005 4152 2154 4230 post
2218 4142 2646 4227 Evangelium
2695 4147 2833 4209 sta-

304 4412 325 4452 ¹
361 4411 511 4464 Hehr.
543 4425 617 4464 xi.
1117 4412 1141 4452 ²
1174 4413 1287 4463 Act.
1321 4421 1407 4471 1v3
1446 4411 1497 4461 et
1532 4408 1646 4461 Gal.
1682 4422 1757 4462 xi.
2254 4410 2279 4449 θ
2313 4410 2521 4462 coloss.
2558 4423 2594 4460 ι.

304 4474 327 4515 ⁴
359 4478 408 4533 2,
445 4478 491 4533 2,
526 4486 580 4538 q.
614 4478 661 4534 2,
696 4485 747 4525 a.
781 4479 829 4527 7.
867 4472 942 4525 Ad
978 4485 1092 4524 rem
1123 4474 1175 4525 d.
1211 4446 1538 4533 Augus'unus
1572 4472 1760 4531 (Serm.
1799 4484 1857 4524 m
1883 4472 1939 4522 in
1970 4473 2055 4522 Ps.
2090 4473 2277 4531 xxxo:
2310 4473 2492 4524 Omnes
2525 4472 2694 4535 quiae
2721 4473 2822 4523 ini·

235 4538 314 4590 tio
347 4540 518 4588 soeeatt
546 4538 758 4599 suerunt
778 4538 928 4601 justi,
964 4539 1119 4598 capnt
1153 4537 1413 4588 Christum
1446 4535 1675 4594 habeam
1710 4536 1857 4586 illum
1885 4535 2023 4585 enim
2054 4539 2327 4586 venturum
2359 4548 2461 4585 esse
2477 4536 2827 4591 erediderunt,

227 4600 1210 4725 2¹:22²?ffiffflffetttffipz'tttma
1227 4597 1522 4712 ‘famia
1525 4598 2232 4720 ftmttta‘att‘z‘tztta
2246 4599 2826 4724 ‘'baffi“affiuss

231 4737 398 4789 arsque
428 4725 481 4774 in
511 4725 680 4786 tinem.
