<?xml version="1.0" encoding="UTF-8"?>
<!DOCTYPE html PUBLIC "-//W3C//DTD XHTML 1.0 Transitional//EN"
    "http://www.w3.org/TR/xhtml1/DTD/xhtml1-transitional.dtd">
<html xmlns="http://www.w3.org/1999/xhtml" xml:lang="en" lang="en">
 <head>
  <title>
</title>
<meta http-equiv="Content-Type" content="text/html;charset=utf-8" />
  <meta name='ocr-system' content='tesseract 3.04.00' />
  <meta name='ocr-capabilities' content='ocr_page ocr_carea ocr_par ocr_line ocrx_word'/>
</head>
<body>
  <div class='ocr_page' id='page_1' title='image "./theologiamorali04scavgoog_0399.png"; bbox 0 0 3292 5167; ppageno 0'>
   <div class='ocr_carea' id='block_1_1' title="bbox 1296 248 2827 315">
    <p class='ocr_par' dir='ltr' id='par_1_1' title="bbox 1296 248 2827 315">
     <span class='ocr_line' id='line_1_1' title="bbox 1296 248 2827 315; baseline 0.007 -11"><span class='ocrx_word' id='word_1_1' title='bbox 1296 258 1753 307; x_wconf 66' lang='lat' dir='ltr'>Annon-rienes</span> <span class='ocrx_word' id='word_1_2' title='bbox 2693 248 2827 315; x_wconf 77' lang='lat'>339</span> 
     </span>
    </p>
   </div>
   <div class='ocr_carea' id='block_1_2' title="bbox 215 393 2700 481">
    <p class='ocr_par' dir='ltr' id='par_1_2' title="bbox 215 393 2700 481">
     <span class='ocr_line' id='line_1_2' title="bbox 215 393 2700 481; baseline 0.004 -37"><span class='ocrx_word' id='word_1_3' title='bbox 215 395 343 454; x_wconf 74' lang='lat' dir='ltr'>(Vel</span> <span class='ocrx_word' id='word_1_4' title='bbox 374 393 624 457; x_wconf 67' lang='lat' dir='ltr'>brevius.)</span> <span class='ocrx_word' id='word_1_5' title='bbox 1020 425 1023 429; x_wconf 79' lang='lat'>.</span> <span class='ocrx_word' id='word_1_6' title='bbox 1132 396 1364 459; x_wconf 74' lang='lat' dir='ltr'>Novata,</span> <span class='ocrx_word' id='word_1_7' title='bbox 1401 396 1574 460; x_wconf 81' lang='lat' dir='ltr'>primo</span> <span class='ocrx_word' id='word_1_8' title='bbox 1606 396 1833 460; x_wconf 80' lang='lat' dir='ltr'>gennajo</span> <span class='ocrx_word' id='word_1_9' title='bbox 1867 397 2010 449; x_wconf 86' lang='lat' dir='ltr'>mille</span> <span class='ocrx_word' id='word_1_10' title='bbox 2042 400 2311 453; x_wconf 75' lang='lat' dir='ltr'>ottocento</span> <span class='ocrx_word' id='word_1_11' title='bbox 2346 403 2700 481; x_wconf 83' lang='lat' dir='ltr'>sessant’otto.</span> 
     </span>
    </p>
   </div>
   <div class='ocr_carea' id='block_1_3' title="bbox 216 512 2825 737">
    <p class='ocr_par' dir='ltr' id='par_1_3' title="bbox 216 512 2825 737">
     <span class='ocr_line' id='line_1_3' title="bbox 298 512 2824 594; baseline 0.004 -19"><span class='ocrx_word' id='word_1_12' title='bbox 298 512 419 576; x_wconf 72' lang='lat' dir='ltr'>Ne!</span> <span class='ocrx_word' id='word_1_13' title='bbox 463 529 636 575; x_wconf 78' lang='lat' dir='ltr'>nome</span> <span class='ocrx_word' id='word_1_14' title='bbox 679 513 779 576; x_wconf 77' lang='lat' dir='ltr'>del</span> <span class='ocrx_word' id='word_1_15' title='bbox 823 512 1045 587; x_wconf 77' lang='lat' dir='ltr'>Padre,</span> <span class='ocrx_word' id='word_1_16' title='bbox 1089 514 1187 577; x_wconf 74' lang='lat' dir='ltr'>dei</span> <span class='ocrx_word' id='word_1_17' title='bbox 1228 513 1433 594; x_wconf 73' lang='lat' dir='ltr'>Fiqlio</span> <span class='ocrx_word' id='word_1_18' title='bbox 1478 532 1507 576; x_wconf 79' lang='lat' dir='ltr'>e</span> <span class='ocrx_word' id='word_1_19' title='bbox 1551 513 1711 576; x_wconf 76' lang='lat' dir='ltr'>dello</span> <span class='ocrx_word' id='word_1_20' title='bbox 1757 513 1994 594; x_wconf 78' lang='lat' dir='ltr'>Spirito</span> <span class='ocrx_word' id='word_1_21' title='bbox 2042 515 2252 581; x_wconf 70' lang='lat' dir='ltr'>Same.</span> <span class='ocrx_word' id='word_1_22' title='bbox 2323 518 2384 581; x_wconf 89' lang='grc' dir='ltr'>Ῑο</span> <span class='ocrx_word' id='word_1_23' title='bbox 2428 522 2824 586; x_wconf 77' lang='lat' dir='ltr'>sottoscritto</span> 
     </span>
     <span class='ocr_line' id='line_1_4' title="bbox 216 592 2825 737; baseline 0.005 -83"><span class='ocrx_word' id='word_1_24' title='bbox 216 592 706 737; x_wconf 48' lang='lat' dir='ltr'>fgffimgar‘i&#39;oede</span> <span class='ocrx_word' id='word_1_25' title='bbox 769 594 1129 657; x_wconf 71' lang='lat' dir='ltr'>universale</span> <span class='ocrx_word' id='word_1_26' title='bbox 1172 595 1237 658; x_wconf 82' lang='lat' dir='ltr'>di</span> <span class='ocrx_word' id='word_1_27' title='bbox 1284 596 1439 659; x_wconf 79' lang='lat' dir='ltr'>tutti</span> <span class='ocrx_word' id='word_1_28' title='bbox 1481 596 1505 657; x_wconf 82' lang='lat' dir='ltr'>i</span> <span class='ocrx_word' id='word_1_29' title='bbox 1544 596 1691 658; x_wconf 82' lang='lat' dir='ltr'>miei</span> <span class='ocrx_word' id='word_1_30' title='bbox 1752 593 1895 657; x_wconf 77' lang='lat' dir='ltr'>beni</span> <span class='ocrx_word' id='word_1_31' title='bbox 1957 597 2009 658; x_wconf 80' lang='lat' dir='ltr'>il</span> <span class='ocrx_word' id='word_1_32' title='bbox 2068 598 2190 660; x_wconf 80' lang='lat' dir='ltr'>mio</span> <span class='ocrx_word' id='word_1_33' title='bbox 2256 602 2647 665; x_wconf 78' lang='lat' dir='ltr'>amatissimo</span> <span class='ocrx_word' id='word_1_34' title='bbox 2688 601 2825 681; x_wconf 78' lang='lat' dir='ltr'>fra·</span> 
     </span>
    </p>
   </div>
   <div class='ocr_carea' id='block_1_4' title="bbox 1721 755 2747 840">
    <p class='ocr_par' dir='ltr' id='par_1_4' title="bbox 1721 755 2747 840">
     <span class='ocr_line' id='line_1_5' title="bbox 1721 755 2747 840; baseline 0.006 -22"><span class='ocrx_word' id='word_1_35' title='bbox 1721 755 1955 819; x_wconf 74' lang='lat' dir='ltr'>Pta&#39;rno</span> <span class='ocrx_word' id='word_1_36' title='bbox 1998 757 2165 819; x_wconf 64' lang='lat' dir='ltr'>Minis</span> <span class='ocrx_word' id='word_1_37' title='bbox 2207 758 2307 821; x_wconf 79' lang='lat' dir='ltr'>del</span> <span class='ocrx_word' id='word_1_38' title='bbox 2346 759 2419 840; x_wconf 78' lang='lat' dir='ltr'>fu</span> <span class='ocrx_word' id='word_1_39' title='bbox 2461 760 2747 824; x_wconf 65' lang='lat' dir='ltr'>Annaea,</span> 
     </span>
    </p>
   </div>
   <div class='ocr_carea' id='block_1_5' title="bbox 203 902 2828 2844">
    <p class='ocr_par' dir='ltr' id='par_1_5' title="bbox 203 902 2828 1870">
     <span class='ocr_line' id='line_1_6' title="bbox 303 902 2825 992; baseline 0.004 -25"><span class='ocrx_word' id='word_1_40' title='bbox 303 902 444 967; x_wconf 83' lang='lat' dir='ltr'>Non</span> <span class='ocrx_word' id='word_1_41' title='bbox 492 904 939 969; x_wconf 87' lang='lat' dir='ltr'>tantummodo</span> <span class='ocrx_word' id='word_1_42' title='bbox 984 906 1438 984; x_wconf 75' lang='lat' dir='ltr'>surdo-mutuS,</span> <span class='ocrx_word' id='word_1_43' title='bbox 1484 908 1592 970; x_wconf 91' lang='lat' dir='ltr'>sed</span> <span class='ocrx_word' id='word_1_44' title='bbox 1642 911 1777 989; x_wconf 91' lang='lat' dir='ltr'>ipse</span> <span class='ocrx_word' id='word_1_45' title='bbox 1823 926 2028 972; x_wconf 85' lang='lat' dir='ltr'>caecus</span> <span class='ocrx_word' id='word_1_46' title='bbox 2076 926 2187 989; x_wconf 89' lang='lat' dir='ltr'>per</span> <span class='ocrx_word' id='word_1_47' title='bbox 2253 927 2319 974; x_wconf 91' lang='lat' dir='ltr'>se</span> <span class='ocrx_word' id='word_1_48' title='bbox 2387 911 2728 992; x_wconf 84' lang='lat' dir='ltr'>loquendo,</span> <span class='ocrx_word' id='word_1_49' title='bbox 2771 916 2825 978; x_wconf 91' lang='lat' dir='ltr'>si</span> 
     </span>
     <span class='ocr_line' id='line_1_7' title="bbox 214 986 2825 1073; baseline 0.004 -27"><span class='ocrx_word' id='word_1_50' title='bbox 214 1000 395 1047; x_wconf 81' lang='lat' dir='ltr'>sanae</span> <span class='ocrx_word' id='word_1_51' title='bbox 445 986 699 1061; x_wconf 78' lang='lat' dir='ltr'>mentiS,</span> <span class='ocrx_word' id='word_1_52' title='bbox 739 996 947 1065; x_wconf 87' lang='lat' dir='ltr'>potest</span> <span class='ocrx_word' id='word_1_53' title='bbox 990 986 1335 1066; x_wconf 80' lang='lat' dir='ltr'>disponere</span> <span class='ocrx_word' id='word_1_54' title='bbox 1399 989 1477 1051; x_wconf 89' lang='lat' dir='ltr'>de</span> <span class='ocrx_word' id='word_1_55' title='bbox 1537 988 1727 1052; x_wconf 85' lang='lat' dir='ltr'>rebus</span> <span class='ocrx_word' id='word_1_56' title='bbox 1781 991 1911 1052; x_wconf 91' lang='lat' dir='ltr'>suis</span> <span class='ocrx_word' id='word_1_57' title='bbox 1959 1000 2341 1054; x_wconf 86' lang='lat' dir='ltr'>testamento</span> <span class='ocrx_word' id='word_1_58' title='bbox 2404 992 2825 1073; x_wconf 83' lang='lat' dir='ltr'>holographo,</span> 
     </span>
     <span class='ocr_line' id='line_1_8' title="bbox 203 1064 2823 1146; baseline 0.005 -21"><span class='ocrx_word' id='word_1_59' title='bbox 203 1064 272 1126; x_wconf 69' lang='lat' dir='ltr'>‘si</span> <span class='ocrx_word' id='word_1_60' title='bbox 320 1073 535 1129; x_wconf 88' lang='lat' dir='ltr'>tamen</span> <span class='ocrx_word' id='word_1_61' title='bbox 588 1075 786 1129; x_wconf 92' lang='lat' dir='ltr'>totum</span> <span class='ocrx_word' id='word_1_62' title='bbox 839 1068 1093 1146; x_wconf 89' lang='lat' dir='ltr'>proprio</span> <span class='ocrx_word' id='word_1_63' title='bbox 1141 1068 1513 1131; x_wconf 75' lang='lat' dir='ltr'>charactere</span> <span class='ocrx_word' id='word_1_64' title='bbox 1559 1071 1894 1144; x_wconf 83' lang='lat' dir='ltr'>conficiat;</span> <span class='ocrx_word' id='word_1_65' title='bbox 1961 1088 2089 1134; x_wconf 91' lang='lat' dir='ltr'>non</span> <span class='ocrx_word' id='word_1_66' title='bbox 2157 1081 2371 1134; x_wconf 86' lang='lat' dir='ltr'>autem</span> <span class='ocrx_word' id='word_1_67' title='bbox 2419 1075 2469 1135; x_wconf 92' lang='lat' dir='ltr'>si</span> <span class='ocrx_word' id='word_1_68' title='bbox 2518 1085 2656 1135; x_wconf 86' lang='lat' dir='ltr'>arte</span> <span class='ocrx_word' id='word_1_69' title='bbox 2702 1091 2823 1138; x_wconf 89' lang='lat' dir='ltr'>ma-</span> 
     </span>
     <span class='ocr_line' id='line_1_9' title="bbox 214 1145 2828 1231; baseline 0.005 -25"><span class='ocrx_word' id='word_1_70' title='bbox 214 1145 464 1208; x_wconf 91' lang='lat' dir='ltr'>chinali</span> <span class='ocrx_word' id='word_1_71' title='bbox 510 1145 729 1225; x_wconf 90' lang='lat' dir='ltr'>(prout</span> <span class='ocrx_word' id='word_1_72' title='bbox 771 1147 962 1208; x_wconf 86' lang='lat' dir='ltr'>hodie</span> <span class='ocrx_word' id='word_1_73' title='bbox 1025 1147 1234 1209; x_wconf 79' lang='lat' dir='ltr'>solent</span> <span class='ocrx_word' id='word_1_74' title='bbox 1278 1151 1425 1210; x_wconf 82' lang='lat' dir='ltr'>caeci</span> <span class='ocrx_word' id='word_1_75' title='bbox 1501 1149 1837 1228; x_wconf 87' lang='lat' dir='ltr'>scribere),</span> <span class='ocrx_word' id='word_1_76' title='bbox 1906 1160 2059 1213; x_wconf 90' lang='lat' dir='ltr'>tunc</span> <span class='ocrx_word' id='word_1_77' title='bbox 2119 1154 2416 1231; x_wconf 89' lang='lat' dir='ltr'>proprius</span> <span class='ocrx_word' id='word_1_78' title='bbox 2491 1154 2828 1218; x_wconf 80' lang='lat' dir='ltr'>character</span> 
     </span>
     <span class='ocr_line' id='line_1_10' title="bbox 218 1228 2822 1312; baseline 0.004 -25"><span class='ocrx_word' id='word_1_79' title='bbox 218 1242 334 1290; x_wconf 89' lang='lat' dir='ltr'>seu</span> <span class='ocrx_word' id='word_1_80' title='bbox 382 1228 639 1306; x_wconf 88' lang='lat' dir='ltr'>propria</span> <span class='ocrx_word' id='word_1_81' title='bbox 687 1244 912 1289; x_wconf 89' lang='lat' dir='ltr'>manus</span> <span class='ocrx_word' id='word_1_82' title='bbox 976 1244 1105 1291; x_wconf 87' lang='lat' dir='ltr'>non</span> <span class='ocrx_word' id='word_1_83' title='bbox 1153 1228 1687 1306; x_wconf 76' lang='lat' dir='ltr'>distingueretur.</span> <span class='ocrx_word' id='word_1_84' title='bbox 1747 1231 1826 1293; x_wconf 89' lang='lat' dir='ltr'>Et</span> <span class='ocrx_word' id='word_1_85' title='bbox 1869 1248 2250 1311; x_wconf 86' lang='lat' dir='ltr'>quacunque</span> <span class='ocrx_word' id='word_1_86' title='bbox 2314 1234 2555 1312; x_wconf 84' lang='lat' dir='ltr'>lingua,</span> <span class='ocrx_word' id='word_1_87' title='bbox 2601 1235 2822 1312; x_wconf 89' lang='lat' dir='ltr'>latina,</span> 
     </span>
     <span class='ocr_line' id='line_1_11' title="bbox 219 1305 2823 1391; baseline 0.004 -23"><span class='ocrx_word' id='word_1_88' title='bbox 219 1305 464 1382; x_wconf 88' lang='lat' dir='ltr'>italica,</span> <span class='ocrx_word' id='word_1_89' title='bbox 508 1324 742 1385; x_wconf 85' lang='lat' dir='ltr'>graeca,</span> <span class='ocrx_word' id='word_1_90' title='bbox 791 1318 930 1384; x_wconf 89' lang='lat' dir='ltr'>etc.,</span> <span class='ocrx_word' id='word_1_91' title='bbox 977 1307 1134 1369; x_wconf 87' lang='lat' dir='ltr'>illud</span> <span class='ocrx_word' id='word_1_92' title='bbox 1182 1310 1374 1371; x_wconf 82' lang='lat' dir='ltr'>scribi</span> <span class='ocrx_word' id='word_1_93' title='bbox 1426 1320 1652 1389; x_wconf 90' lang='lat' dir='ltr'>potest,</span> <span class='ocrx_word' id='word_1_94' title='bbox 1696 1314 1887 1373; x_wconf 86' lang='lat' dir='ltr'>etiam</span> <span class='ocrx_word' id='word_1_95' title='bbox 1947 1311 2162 1391; x_wconf 87' lang='lat' dir='ltr'>lingua</span> <span class='ocrx_word' id='word_1_96' title='bbox 2209 1312 2578 1390; x_wconf 87' lang='lat' dir='ltr'>vernacula,</span> <span class='ocrx_word' id='word_1_97' title='bbox 2625 1317 2823 1379; x_wconf 90' lang='lat' dir='ltr'>etiam</span> 
     </span>
     <span class='ocr_line' id='line_1_12' title="bbox 219 1386 2823 1469; baseline 0.004 -22"><span class='ocrx_word' id='word_1_98' title='bbox 219 1388 554 1463; x_wconf 84' lang='lat' dir='ltr'>versibus;</span> <span class='ocrx_word' id='word_1_99' title='bbox 598 1397 897 1452; x_wconf 83' lang='lat' dir='ltr'>caveatur</span> <span class='ocrx_word' id='word_1_100' title='bbox 947 1396 1154 1451; x_wconf 89' lang='lat' dir='ltr'>tamen</span> <span class='ocrx_word' id='word_1_101' title='bbox 1204 1386 1284 1450; x_wconf 81' lang='lat' dir='ltr'>ne</span> <span class='ocrx_word' id='word_1_102' title='bbox 1332 1389 1390 1450; x_wconf 92' lang='lat' dir='ltr'>id</span> <span class='ocrx_word' id='word_1_103' title='bbox 1436 1390 1580 1468; x_wconf 87' lang='lat' dir='ltr'>joco</span> <span class='ocrx_word' id='word_1_104' title='bbox 1629 1390 1764 1451; x_wconf 83' lang='lat' dir='ltr'>fieri</span> <span class='ocrx_word' id='word_1_105' title='bbox 1808 1391 2156 1469; x_wconf 86' lang='lat' dir='ltr'>judicetur.</span> <span class='ocrx_word' id='word_1_106' title='bbox 2218 1393 2423 1455; x_wconf 87' lang='lat' dir='ltr'>Etiam</span> <span class='ocrx_word' id='word_1_107' title='bbox 2489 1395 2823 1459; x_wconf 80' lang='lat' dir='ltr'>baematite</span> 
     </span>
     <span class='ocr_line' id='line_1_13' title="bbox 220 1467 2820 1548; baseline 0.004 -19"><span class='ocrx_word' id='word_1_108' title='bbox 220 1467 383 1531; x_wconf 87' lang='lat' dir='ltr'>illud</span> <span class='ocrx_word' id='word_1_109' title='bbox 431 1469 685 1530; x_wconf 80' lang='lat' dir='ltr'>exarari</span> <span class='ocrx_word' id='word_1_110' title='bbox 716 1477 961 1548; x_wconf 86' lang='lat' dir='ltr'>potest,</span> <span class='ocrx_word' id='word_1_111' title='bbox 997 1471 1114 1531; x_wconf 88' lang='lat' dir='ltr'>etsi</span> <span class='ocrx_word' id='word_1_112' title='bbox 1151 1477 1360 1533; x_wconf 84' lang='lat' dir='ltr'>tamen</span> <span class='ocrx_word' id='word_1_113' title='bbox 1411 1487 1838 1548; x_wconf 82' lang='lat' dir='ltr'>incongruum</span> <span class='ocrx_word' id='word_1_114' title='bbox 1888 1475 2151 1535; x_wconf 89' lang='lat' dir='ltr'>omnino</span> <span class='ocrx_word' id='word_1_115' title='bbox 2196 1476 2297 1547; x_wconf 89' lang='lat' dir='ltr'>sit,</span> <span class='ocrx_word' id='word_1_116' title='bbox 2343 1490 2483 1536; x_wconf 91' lang='lat' dir='ltr'>cum</span> <span class='ocrx_word' id='word_1_117' title='bbox 2530 1475 2610 1537; x_wconf 90' lang='lat' dir='ltr'>de</span> <span class='ocrx_word' id='word_1_118' title='bbox 2644 1475 2820 1539; x_wconf 78' lang='lat' dir='ltr'>sacili</span> 
     </span>
     <span class='ocr_line' id='line_1_14' title="bbox 213 1547 2823 1633; baseline 0.003 -24"><span class='ocrx_word' id='word_1_119' title='bbox 213 1547 426 1610; x_wconf 88' lang='lat' dir='ltr'>deleri</span> <span class='ocrx_word' id='word_1_120' title='bbox 477 1551 707 1629; x_wconf 70' lang='lat' dir='ltr'>possit,</span> <span class='ocrx_word' id='word_1_121' title='bbox 752 1558 815 1611; x_wconf 90' lang='lat' dir='ltr'>at</span> <span class='ocrx_word' id='word_1_122' title='bbox 858 1552 911 1612; x_wconf 86' lang='lat' dir='ltr'>si</span> <span class='ocrx_word' id='word_1_123' title='bbox 958 1559 1306 1613; x_wconf 78' lang='lat' dir='ltr'>extraneus</span> <span class='ocrx_word' id='word_1_124' title='bbox 1343 1552 1453 1633; x_wconf 79' lang='lat' dir='ltr'>iile</span> <span class='ocrx_word' id='word_1_125' title='bbox 1501 1552 1832 1616; x_wconf 82' lang='lat' dir='ltr'>haematite</span> <span class='ocrx_word' id='word_1_126' title='bbox 1877 1555 2247 1626; x_wconf 84' lang='lat' dir='ltr'>conticeret,</span> <span class='ocrx_word' id='word_1_127' title='bbox 2293 1564 2357 1616; x_wconf 91' lang='lat' dir='ltr'>et</span> <span class='ocrx_word' id='word_1_128' title='bbox 2391 1563 2659 1617; x_wconf 87' lang='lat' dir='ltr'>testator</span> <span class='ocrx_word' id='word_1_129' title='bbox 2699 1557 2823 1619; x_wconf 82' lang='lat' dir='ltr'>hae-</span> 
     </span>
     <span class='ocr_line' id='line_1_15' title="bbox 217 1629 2815 1715; baseline 0.003 -25"><span class='ocrx_word' id='word_1_130' title='bbox 217 1630 512 1691; x_wconf 88' lang='lat' dir='ltr'>matitem</span> <span class='ocrx_word' id='word_1_131' title='bbox 558 1629 835 1692; x_wconf 86' lang='lat' dir='ltr'>fideliter</span> <span class='ocrx_word' id='word_1_132' title='bbox 880 1638 1238 1693; x_wconf 88' lang='lat' dir='ltr'>atramento</span> <span class='ocrx_word' id='word_1_133' title='bbox 1284 1635 1590 1710; x_wconf 82' lang='lat' dir='ltr'>signaret,</span> <span class='ocrx_word' id='word_1_134' title='bbox 1637 1630 1884 1694; x_wconf 92' lang='lat' dir='ltr'>nullum</span> <span class='ocrx_word' id='word_1_135' title='bbox 1932 1644 2101 1695; x_wconf 88' lang='lat' dir='ltr'>esset</span> <span class='ocrx_word' id='word_1_136' title='bbox 2148 1643 2624 1711; x_wconf 88' lang='lat' dir='ltr'>testamentum,</span> <span class='ocrx_word' id='word_1_137' title='bbox 2668 1640 2815 1715; x_wconf 86' lang='lat' dir='ltr'>quia</span> 
     </span>
     <span class='ocr_line' id='line_1_16' title="bbox 217 1709 2818 1791; baseline 0.003 -20"><span class='ocrx_word' id='word_1_138' title='bbox 217 1723 350 1772; x_wconf 88' lang='lat' dir='ltr'>non</span> <span class='ocrx_word' id='word_1_139' title='bbox 419 1709 830 1789; x_wconf 68' lang='lat' dir='ltr'>praeseferret</span> <span class='ocrx_word' id='word_1_140' title='bbox 877 1712 1204 1789; x_wconf 88' lang='lat' dir='ltr'>proprium</span> <span class='ocrx_word' id='word_1_141' title='bbox 1269 1727 1341 1773; x_wconf 91' lang='lat' dir='ltr'>ac</span> <span class='ocrx_word' id='word_1_142' title='bbox 1391 1712 1843 1790; x_wconf 84' lang='lat' dir='ltr'>particularem</span> <span class='ocrx_word' id='word_1_143' title='bbox 1891 1712 2356 1791; x_wconf 82' lang='lat' dir='ltr'>characterem,</span> <span class='ocrx_word' id='word_1_144' title='bbox 2416 1724 2481 1777; x_wconf 92' lang='lat' dir='ltr'>et</span> <span class='ocrx_word' id='word_1_145' title='bbox 2552 1731 2818 1779; x_wconf 86' lang='lat' dir='ltr'>manum</span> 
     </span>
     <span class='ocr_line' id='line_1_17' title="bbox 221 1790 1331 1870; baseline 0 -18"><span class='ocrx_word' id='word_1_146' title='bbox 221 1791 426 1870; x_wconf 87' lang='lat' dir='ltr'>ipsius</span> <span class='ocrx_word' id='word_1_147' title='bbox 475 1792 819 1865; x_wconf 77' lang='lat' dir='ltr'>testatoriS,</span> <span class='ocrx_word' id='word_1_148' title='bbox 862 1790 971 1855; x_wconf 87' lang='lat' dir='ltr'>sed</span> <span class='ocrx_word' id='word_1_149' title='bbox 1018 1793 1331 1853; x_wconf 84' lang='lat' dir='ltr'>extranei.</span> 
     </span>
    </p>

    <p class='ocr_par' dir='ltr' id='par_1_6' title="bbox 214 1868 2823 2353">
     <span class='ocr_line' id='line_1_18' title="bbox 299 1868 2814 1958; baseline 0.004 -27"><span class='ocrx_word' id='word_1_150' title='bbox 299 1868 365 1932; x_wconf 91' lang='lat' dir='ltr'>Si</span> <span class='ocrx_word' id='word_1_151' title='bbox 437 1883 578 1949; x_wconf 87' lang='lat' dir='ltr'>post</span> <span class='ocrx_word' id='word_1_152' title='bbox 642 1881 911 1933; x_wconf 89' lang='lat' dir='ltr'>mortem</span> <span class='ocrx_word' id='word_1_153' title='bbox 973 1872 1297 1933; x_wconf 89' lang='lat' dir='ltr'>testatoris</span> <span class='ocrx_word' id='word_1_154' title='bbox 1341 1871 1466 1934; x_wconf 91' lang='lat' dir='ltr'>duo</span> <span class='ocrx_word' id='word_1_155' title='bbox 1514 1872 1933 1935; x_wconf 84' lang='lat' dir='ltr'>inveniuntur</span> <span class='ocrx_word' id='word_1_156' title='bbox 1979 1882 2362 1936; x_wconf 88' lang='lat' dir='ltr'>testamenta</span> <span class='ocrx_word' id='word_1_157' title='bbox 2419 1875 2814 1958; x_wconf 83' lang='lat' dir='ltr'>holographa</span> 
     </span>
     <span class='ocr_line' id='line_1_19' title="bbox 214 1949 2823 2034; baseline 0.004 -22"><span class='ocrx_word' id='word_1_158' title='bbox 214 1949 446 2013; x_wconf 86' lang='lat' dir='ltr'>eodem</span> <span class='ocrx_word' id='word_1_159' title='bbox 494 1950 600 2014; x_wconf 92' lang='lat' dir='ltr'>die</span> <span class='ocrx_word' id='word_1_160' title='bbox 661 1950 973 2027; x_wconf 86' lang='lat' dir='ltr'>confecta,</span> <span class='ocrx_word' id='word_1_161' title='bbox 1019 1954 1176 2029; x_wconf 82' lang='lat' dir='ltr'>quin</span> <span class='ocrx_word' id='word_1_162' title='bbox 1239 1968 1317 2013; x_wconf 83' lang='lat' dir='ltr'>ex</span> <span class='ocrx_word' id='word_1_163' title='bbox 1363 1952 1686 2030; x_wconf 84' lang='lat' dir='ltr'>adjunctis</span> <span class='ocrx_word' id='word_1_164' title='bbox 1731 1953 2016 2031; x_wconf 83' lang='lat' dir='ltr'>dignosci</span> <span class='ocrx_word' id='word_1_165' title='bbox 2093 1956 2293 2034; x_wconf 81' lang='lat' dir='ltr'>possit</span> <span class='ocrx_word' id='word_1_166' title='bbox 2350 1957 2672 2032; x_wconf 83' lang='lat' dir='ltr'>quodnam</span> <span class='ocrx_word' id='word_1_167' title='bbox 2737 1959 2823 2022; x_wconf 87' lang='lat' dir='ltr'>sit</span> 
     </span>
     <span class='ocr_line' id='line_1_20' title="bbox 219 2031 2816 2115; baseline 0.003 -23"><span class='ocrx_word' id='word_1_168' title='bbox 219 2032 566 2110; x_wconf 84' lang='lat' dir='ltr'>posterior,</span> <span class='ocrx_word' id='word_1_169' title='bbox 610 2032 795 2115; x_wconf 73' lang='lat' dir='ltr'>ambo</span> <span class='ocrx_word' id='word_1_170' title='bbox 840 2031 1076 2107; x_wconf 85' lang='lat' dir='ltr'>valent,</span> <span class='ocrx_word' id='word_1_171' title='bbox 1121 2034 1171 2095; x_wconf 92' lang='lat' dir='ltr'>si</span> <span class='ocrx_word' id='word_1_172' title='bbox 1221 2034 1540 2094; x_wconf 85' lang='lat' dir='ltr'>contraria</span> <span class='ocrx_word' id='word_1_173' title='bbox 1587 2049 1713 2094; x_wconf 91' lang='lat' dir='ltr'>non</span> <span class='ocrx_word' id='word_1_174' title='bbox 1786 2037 1918 2095; x_wconf 89' lang='lat' dir='ltr'>sint</span> <span class='ocrx_word' id='word_1_175' title='bbox 1961 2043 2024 2096; x_wconf 87' lang='lat' dir='ltr'>et</span> <span class='ocrx_word' id='word_1_176' title='bbox 2090 2040 2441 2114; x_wconf 81' lang='lat' dir='ltr'>pugnantia</span> <span class='ocrx_word' id='word_1_177' title='bbox 2494 2042 2664 2101; x_wconf 83' lang='lat' dir='ltr'>inter</span> <span class='ocrx_word' id='word_1_178' title='bbox 2707 2055 2816 2112; x_wconf 91' lang='lat' dir='ltr'>se;</span> 
     </span>
     <span class='ocr_line' id='line_1_21' title="bbox 216 2111 2812 2195; baseline 0.003 -23"><span class='ocrx_word' id='word_1_179' title='bbox 216 2113 270 2172; x_wconf 90' lang='lat' dir='ltr'>si</span> <span class='ocrx_word' id='word_1_180' title='bbox 316 2126 473 2173; x_wconf 83' lang='lat' dir='ltr'>vero</span> <span class='ocrx_word' id='word_1_181' title='bbox 542 2111 650 2173; x_wconf 85' lang='lat' dir='ltr'>illa</span> <span class='ocrx_word' id='word_1_182' title='bbox 709 2113 881 2174; x_wconf 88' lang='lat' dir='ltr'>inter</span> <span class='ocrx_word' id='word_1_183' title='bbox 923 2128 990 2175; x_wconf 90' lang='lat' dir='ltr'>se</span> <span class='ocrx_word' id='word_1_184' title='bbox 1023 2122 1331 2191; x_wconf 82' lang='lat' dir='ltr'>pugnant,</span> <span class='ocrx_word' id='word_1_185' title='bbox 1379 2122 1675 2176; x_wconf 81' lang='lat' dir='ltr'>neutrum</span> <span class='ocrx_word' id='word_1_186' title='bbox 1722 2113 2004 2177; x_wconf 84' lang='lat' dir='ltr'>validum</span> <span class='ocrx_word' id='word_1_187' title='bbox 2051 2125 2167 2189; x_wconf 87' lang='lat' dir='ltr'>est,</span> <span class='ocrx_word' id='word_1_188' title='bbox 2198 2118 2343 2195; x_wconf 89' lang='lat' dir='ltr'>quia</span> <span class='ocrx_word' id='word_1_189' title='bbox 2392 2134 2587 2180; x_wconf 89' lang='lat' dir='ltr'>unum</span> <span class='ocrx_word' id='word_1_190' title='bbox 2634 2119 2812 2182; x_wconf 88' lang='lat' dir='ltr'>aliud</span> 
     </span>
     <span class='ocr_line' id='line_1_22' title="bbox 218 2190 2819 2278; baseline 0.003 -25"><span class='ocrx_word' id='word_1_191' title='bbox 218 2191 520 2253; x_wconf 87' lang='lat' dir='ltr'>destruit.</span> <span class='ocrx_word' id='word_1_192' title='bbox 567 2226 639 2236; x_wconf 95' lang='lat'>—</span> <span class='ocrx_word' id='word_1_193' title='bbox 698 2190 759 2253; x_wconf 88' lang='lat' dir='ltr'>V.</span> <span class='ocrx_word' id='word_1_194' title='bbox 803 2193 1075 2269; x_wconf 87' lang='lat' dir='ltr'>Lissoni,</span> <span class='ocrx_word' id='word_1_195' title='bbox 1145 2191 1437 2255; x_wconf 78' lang='lat' dir='ltr'>Tractato</span> <span class='ocrx_word' id='word_1_196' title='bbox 1481 2194 1730 2271; x_wconf 66' lang='lat' dir='ltr'>pratis-o</span> <span class='ocrx_word' id='word_1_197' title='bbox 1772 2194 1870 2257; x_wconf 75' lang='lat' dir='ltr'>del</span> <span class='ocrx_word' id='word_1_198' title='bbox 1935 2201 2303 2258; x_wconf 76' lang='lat' dir='ltr'>testamento</span> <span class='ocrx_word' id='word_1_199' title='bbox 2367 2196 2670 2278; x_wconf 61' lang='lat' dir='ltr'>olografo,</span> <span class='ocrx_word' id='word_1_200' title='bbox 2719 2216 2819 2261; x_wconf 80' lang='lat' dir='ltr'>no·</span> 
     </span>
     <span class='ocr_line' id='line_1_23' title="bbox 221 2270 2576 2353; baseline 0.003 -20"><span class='ocrx_word' id='word_1_201' title='bbox 221 2271 439 2346; x_wconf 65' lang='lat' dir='ltr'>tar-ile,</span> <span class='ocrx_word' id='word_1_202' title='bbox 484 2270 774 2350; x_wconf 80' lang='lat' dir='ltr'>pubblico</span> <span class='ocrx_word' id='word_1_203' title='bbox 817 2289 850 2332; x_wconf 89' lang='grc' dir='ltr'><em>ο</em></span> <span class='ocrx_word' id='word_1_204' title='bbox 892 2279 1224 2347; x_wconf 55' lang='grc' dir='ltr'>πεπτω-ε</span> <span class='ocrx_word' id='word_1_205' title='bbox 1266 2275 1531 2352; x_wconf 83' lang='lat' dir='ltr'>speciale</span> <span class='ocrx_word' id='word_1_206' title='bbox 1575 2292 1689 2336; x_wconf 84' lang='lat' dir='ltr'>con</span> <span class='ocrx_word' id='word_1_207' title='bbox 1731 2273 1988 2353; x_wconf 76' lang='lat' dir='ltr'>formale</span> <span class='ocrx_word' id='word_1_208' title='bbox 2029 2277 2288 2338; x_wconf 77' lang='lat' dir='ltr'>diverse.</span> <span class='ocrx_word' id='word_1_209' title='bbox 2321 2275 2576 2340; x_wconf 86' lang='lat' dir='ltr'>Milan0.</span> 
     </span>
    </p>

    <p class='ocr_par' dir='ltr' id='par_1_7' title="bbox 215 2350 2817 2844">
     <span class='ocr_line' id='line_1_24' title="bbox 300 2350 2815 2437; baseline 0.002 -23"><span class='ocrx_word' id='word_1_210' title='bbox 300 2350 366 2414; x_wconf 90' lang='lat' dir='ltr'>Si</span> <span class='ocrx_word' id='word_1_211' title='bbox 414 2354 558 2432; x_wconf 89' lang='lat' dir='ltr'>quis</span> <span class='ocrx_word' id='word_1_212' title='bbox 621 2370 689 2414; x_wconf 91' lang='lat' dir='ltr'>se</span> <span class='ocrx_word' id='word_1_213' title='bbox 752 2352 1190 2416; x_wconf 88' lang='lat' dir='ltr'>subscriberet</span> <span class='ocrx_word' id='word_1_214' title='bbox 1232 2370 1371 2416; x_wconf 88' lang='lat' dir='ltr'>cum</span> <span class='ocrx_word' id='word_1_215' title='bbox 1420 2357 1678 2437; x_wconf 88' lang='lat' dir='ltr'>proprio</span> <span class='ocrx_word' id='word_1_216' title='bbox 1724 2355 1982 2434; x_wconf 85' lang='lat' dir='ltr'>quidem</span> <span class='ocrx_word' id='word_1_217' title='bbox 2030 2358 2426 2432; x_wconf 87' lang='lat' dir='ltr'>charactere,</span> <span class='ocrx_word' id='word_1_218' title='bbox 2490 2358 2599 2420; x_wconf 90' lang='lat' dir='ltr'>sed</span> <span class='ocrx_word' id='word_1_219' title='bbox 2649 2368 2815 2420; x_wconf 89' lang='lat' dir='ltr'>arte-</span> 
     </span>
     <span class='ocr_line' id='line_1_25' title="bbox 221 2431 2815 2513; baseline 0.002 -19"><span class='ocrx_word' id='word_1_220' title='bbox 221 2431 410 2506; x_wconf 67' lang='lat' dir='ltr'>facto,</span> <span class='ocrx_word' id='word_1_221' title='bbox 451 2435 598 2512; x_wconf 86' lang='lat' dir='ltr'>quia</span> <span class='ocrx_word' id='word_1_222' title='bbox 638 2432 816 2495; x_wconf 89' lang='lat' dir='ltr'>illum</span> <span class='ocrx_word' id='word_1_223' title='bbox 864 2434 1228 2512; x_wconf 84' lang='lat' dir='ltr'>insculpere</span> <span class='ocrx_word' id='word_1_224' title='bbox 1273 2434 1424 2497; x_wconf 75' lang='lat' dir='ltr'>iecit</span> <span class='ocrx_word' id='word_1_225' title='bbox 1479 2438 1540 2496; x_wconf 89' lang='lat' dir='ltr'>in</span> <span class='ocrx_word' id='word_1_226' title='bbox 1589 2436 1765 2513; x_wconf 86' lang='lat' dir='ltr'>ligno</span> <span class='ocrx_word' id='word_1_227' title='bbox 1831 2436 1930 2497; x_wconf 86' lang='lat' dir='ltr'>vet</span> <span class='ocrx_word' id='word_1_228' title='bbox 1980 2435 2174 2511; x_wconf 85' lang='lat' dir='ltr'>ferro,</span> <span class='ocrx_word' id='word_1_229' title='bbox 2218 2453 2296 2498; x_wconf 91' lang='lat' dir='ltr'>an</span> <span class='ocrx_word' id='word_1_230' title='bbox 2362 2447 2815 2501; x_wconf 80' lang='lat' dir='ltr'>testamentum</span> 
     </span>
     <span class='ocr_line' id='line_1_26' title="bbox 221 2512 2813 2598; baseline 0.003 -25"><span class='ocrx_word' id='word_1_231' title='bbox 221 2512 509 2576; x_wconf 80' lang='lat' dir='ltr'>validum</span> <span class='ocrx_word' id='word_1_232' title='bbox 554 2515 657 2588; x_wconf 87' lang='lat' dir='ltr'>sit,</span> <span class='ocrx_word' id='word_1_233' title='bbox 690 2522 842 2576; x_wconf 87' lang='lat' dir='ltr'>sunt</span> <span class='ocrx_word' id='word_1_234' title='bbox 884 2515 991 2593; x_wconf 89' lang='lat' dir='ltr'>qui</span> <span class='ocrx_word' id='word_1_235' title='bbox 1036 2514 1389 2588; x_wconf 82' lang='lat' dir='ltr'>affirmant3</span> <span class='ocrx_word' id='word_1_236' title='bbox 1434 2520 1579 2577; x_wconf 84' lang='lat' dir='ltr'>nam</span> <span class='ocrx_word' id='word_1_237' title='bbox 1626 2532 1848 2578; x_wconf 88' lang='lat' dir='ltr'>revera</span> <span class='ocrx_word' id='word_1_238' title='bbox 1898 2515 2004 2578; x_wconf 90' lang='lat' dir='ltr'>illa</span> <span class='ocrx_word' id='word_1_239' title='bbox 2053 2518 2389 2596; x_wconf 87' lang='lat' dir='ltr'>impressio</span> <span class='ocrx_word' id='word_1_240' title='bbox 2441 2520 2641 2580; x_wconf 78' lang='lat' dir='ltr'>refert</span> <span class='ocrx_word' id='word_1_241' title='bbox 2677 2535 2813 2598; x_wconf 88' lang='lat' dir='ltr'>per·</span> 
     </span>
     <span class='ocr_line' id='line_1_27' title="bbox 220 2593 2817 2678; baseline 0.003 -25"><span class='ocrx_word' id='word_1_242' title='bbox 220 2593 509 2656; x_wconf 86' lang='lat' dir='ltr'>sonalem</span> <span class='ocrx_word' id='word_1_243' title='bbox 559 2595 880 2657; x_wconf 87' lang='lat' dir='ltr'>testatoris</span> <span class='ocrx_word' id='word_1_244' title='bbox 924 2595 1378 2657; x_wconf 87' lang='lat' dir='ltr'>characterem.</span> <span class='ocrx_word' id='word_1_245' title='bbox 1441 2593 1677 2658; x_wconf 89' lang='lat' dir='ltr'>Verum</span> <span class='ocrx_word' id='word_1_246' title='bbox 1726 2595 1834 2658; x_wconf 89' lang='lat' dir='ltr'>alii</span> <span class='ocrx_word' id='word_1_247' title='bbox 1903 2607 2160 2675; x_wconf 86' lang='lat' dir='ltr'>negant,</span> <span class='ocrx_word' id='word_1_248' title='bbox 2205 2614 2347 2660; x_wconf 87' lang='lat' dir='ltr'>cum</span> <span class='ocrx_word' id='word_1_249' title='bbox 2395 2599 2501 2659; x_wconf 86' lang='lat' dir='ltr'>illa</span> <span class='ocrx_word' id='word_1_250' title='bbox 2554 2600 2817 2678; x_wconf 86' lang='lat' dir='ltr'>propria</span> 
     </span>
     <span class='ocr_line' id='line_1_28' title="bbox 218 2672 2814 2759; baseline 0.002 -24"><span class='ocrx_word' id='word_1_251' title='bbox 218 2672 392 2737; x_wconf 88' lang='lat' dir='ltr'>dicta</span> <span class='ocrx_word' id='word_1_252' title='bbox 428 2673 692 2753; x_wconf 87' lang='lat' dir='ltr'>scriptio</span> <span class='ocrx_word' id='word_1_253' title='bbox 740 2690 864 2736; x_wconf 92' lang='lat' dir='ltr'>non</span> <span class='ocrx_word' id='word_1_254' title='bbox 911 2675 994 2737; x_wconf 89' lang='lat' dir='ltr'>sit</span> <span class='ocrx_word' id='word_1_255' title='bbox 1056 2691 1247 2736; x_wconf 81' lang='lat' dir='ltr'>manu</span> <span class='ocrx_word' id='word_1_256' title='bbox 1295 2677 1617 2737; x_wconf 82' lang='lat' dir='ltr'>testatoris</span> <span class='ocrx_word' id='word_1_257' title='bbox 1664 2677 1894 2747; x_wconf 87' lang='lat' dir='ltr'>ducta;</span> <span class='ocrx_word' id='word_1_258' title='bbox 1938 2672 2048 2739; x_wconf 90' lang='lat' dir='ltr'>sed</span> <span class='ocrx_word' id='word_1_259' title='bbox 2096 2679 2247 2758; x_wconf 89' lang='lat' dir='ltr'>quid</span> <span class='ocrx_word' id='word_1_260' title='bbox 2297 2679 2645 2741; x_wconf 86' lang='lat' dir='ltr'>artificiale</span> <span class='ocrx_word' id='word_1_261' title='bbox 2690 2696 2814 2759; x_wconf 88' lang='lat' dir='ltr'>quo</span> 
     </span>
     <span class='ocr_line' id='line_1_29' title="bbox 215 2753 1934 2844; baseline 0.002 -28"><span class='ocrx_word' id='word_1_262' title='bbox 215 2754 415 2819; x_wconf 87' lang='lat' dir='ltr'>etiam</span> <span class='ocrx_word' id='word_1_263' title='bbox 459 2753 569 2817; x_wconf 91' lang='lat' dir='ltr'>alii</span> <span class='ocrx_word' id='word_1_264' title='bbox 620 2756 708 2818; x_wconf 91' lang='lat' dir='ltr'>uti</span> <span class='ocrx_word' id='word_1_265' title='bbox 754 2762 1042 2834; x_wconf 84' lang='lat' dir='ltr'>possunt,</span> <span class='ocrx_word' id='word_1_266' title='bbox 1086 2765 1151 2818; x_wconf 87' lang='lat' dir='ltr'>et</span> <span class='ocrx_word' id='word_1_267' title='bbox 1194 2755 1528 2818; x_wconf 83' lang='lat' dir='ltr'>fraudibus</span> <span class='ocrx_word' id='word_1_268' title='bbox 1562 2755 1769 2819; x_wconf 85' lang='lat' dir='ltr'>locum</span> <span class='ocrx_word' id='word_1_269' title='bbox 1807 2756 1934 2844; x_wconf 84' lang='lat' dir='ltr'>dat.</span> 
     </span>
    </p>
   </div>
   <div class='ocr_carea' id='block_1_6' title="bbox 1262 3016 1772 3097">
    <p class='ocr_par' dir='ltr' id='par_1_8' title="bbox 1262 3016 1772 3097">
     <span class='ocr_line' id='line_1_30' title="bbox 1262 3016 1772 3097; baseline 0.004 -19"><span class='ocrx_word' id='word_1_270' title='bbox 1262 3016 1387 3094; x_wconf 83' lang='lat' dir='ltr'>(H)</span> <span class='ocrx_word' id='word_1_271' title='bbox 1433 3016 1587 3097; x_wconf 68' lang='lat' dir='ltr'>pay.</span> <span class='ocrx_word' id='word_1_272' title='bbox 1637 3018 1772 3080; x_wconf 74' lang='lat'>234.</span> 
     </span>
    </p>
   </div>
   <div class='ocr_carea' id='block_1_7' title="bbox 206 3228 2883 4770">
    <p class='ocr_par' dir='ltr' id='par_1_9' title="bbox 216 3228 2808 3400">
     <span class='ocr_line' id='line_1_31' title="bbox 293 3228 2808 3322; baseline 0.003 -23"><span class='ocrx_word' id='word_1_273' title='bbox 293 3228 513 3299; x_wconf 63' lang='lat'>56⁶.</span> <span class='ocrx_word' id='word_1_274' title='bbox 557 3236 892 3301; x_wconf 86' lang='lat' dir='ltr'>Sententia</span> <span class='ocrx_word' id='word_1_275' title='bbox 927 3255 1067 3319; x_wconf 84' lang='lat' dir='ltr'>quae</span> <span class='ocrx_word' id='word_1_276' title='bbox 1116 3239 1285 3301; x_wconf 84' lang='lat' dir='ltr'>favet</span> <span class='ocrx_word' id='word_1_277' title='bbox 1322 3241 1693 3319; x_wconf 85' lang='lat' dir='ltr'>possessori,</span> <span class='ocrx_word' id='word_1_278' title='bbox 1738 3240 1993 3320; x_wconf 89' lang='lat' dir='ltr'>quando</span> <span class='ocrx_word' id='word_1_279' title='bbox 2030 3241 2473 3305; x_wconf 87' lang='lat' dir='ltr'>solemnitates</span> <span class='ocrx_word' id='word_1_280' title='bbox 2516 3242 2679 3322; x_wconf 76' lang='lat' dir='ltr'>le&#39;gis</span> <span class='ocrx_word' id='word_1_281' title='bbox 2723 3248 2808 3308; x_wconf 90' lang='lat' dir='ltr'>ci·</span> 
     </span>
     <span class='ocr_line' id='line_1_32' title="bbox 216 3317 2242 3400; baseline 0.002 -21"><span class='ocrx_word' id='word_1_282' title='bbox 216 3317 367 3380; x_wconf 78' lang='lat' dir='ltr'>vilis</span> <span class='ocrx_word' id='word_1_283' title='bbox 413 3317 727 3381; x_wconf 81' lang='lat' dir='ltr'>deficiunt</span> <span class='ocrx_word' id='word_1_284' title='bbox 772 3321 837 3382; x_wconf 92' lang='lat' dir='ltr'>in</span> <span class='ocrx_word' id='word_1_285' title='bbox 883 3322 1307 3390; x_wconf 83' lang='lat' dir='ltr'>testamentis,</span> <span class='ocrx_word' id='word_1_286' title='bbox 1353 3320 1496 3383; x_wconf 91' lang='lat' dir='ltr'>ideo</span> <span class='ocrx_word' id='word_1_287' title='bbox 1540 3328 1742 3400; x_wconf 85' lang='lat' dir='ltr'>magis</span> <span class='ocrx_word' id='word_1_288' title='bbox 1788 3323 2242 3384; x_wconf 85' lang='lat' dir='ltr'>confirmatur:</span> 
     </span>
    </p>

    <p class='ocr_par' dir='ltr' id='par_1_10' title="bbox 207 3398 2883 4283">
     <span class='ocr_line' id='line_1_33' title="bbox 379 3398 2801 3484; baseline 0.003 -24"><span class='ocrx_word' id='word_1_289' title='bbox 379 3398 433 3460; x_wconf 81' lang='lat'>1.</span> <span class='ocrx_word' id='word_1_290' title='bbox 478 3398 567 3460; x_wconf 92' lang='lat' dir='ltr'>Eo</span> <span class='ocrx_word' id='word_1_291' title='bbox 615 3400 799 3461; x_wconf 91' lang='lat' dir='ltr'>modo</span> <span class='ocrx_word' id='word_1_292' title='bbox 848 3398 1018 3478; x_wconf 87' lang='lat' dir='ltr'>leges</span> <span class='ocrx_word' id='word_1_293' title='bbox 1049 3399 1340 3479; x_wconf 86' lang='lat' dir='ltr'>obligant</span> <span class='ocrx_word' id='word_1_294' title='bbox 1382 3418 1506 3480; x_wconf 87' lang='lat' dir='ltr'>quo</span> <span class='ocrx_word' id='word_1_295' title='bbox 1551 3403 1983 3481; x_wconf 89' lang='lat' dir='ltr'>accipiuntur:</span> <span class='ocrx_word' id='word_1_296' title='bbox 2029 3404 2199 3483; x_wconf 88' lang='lat' dir='ltr'>atqui</span> <span class='ocrx_word' id='word_1_297' title='bbox 2234 3420 2369 3466; x_wconf 89' lang='lat' dir='ltr'>mos</span> <span class='ocrx_word' id='word_1_298' title='bbox 2416 3404 2655 3484; x_wconf 85' lang='lat' dir='ltr'>ubique</span> <span class='ocrx_word' id='word_1_299' title='bbox 2706 3406 2801 3469; x_wconf 88' lang='lat' dir='ltr'>in·</span> 
     </span>
     <span class='ocr_line' id='line_1_34' title="bbox 216 3476 2807 3565; baseline 0.006 -28"><span class='ocrx_word' id='word_1_300' title='bbox 216 3476 453 3555; x_wconf 84' lang='lat' dir='ltr'>valuit,</span> <span class='ocrx_word' id='word_1_301' title='bbox 521 3488 588 3542; x_wconf 92' lang='lat' dir='ltr'>ut</span> <span class='ocrx_word' id='word_1_302' title='bbox 639 3479 930 3558; x_wconf 84' lang='lat' dir='ltr'>legatarii</span> <span class='ocrx_word' id='word_1_303' title='bbox 986 3480 1334 3560; x_wconf 85' lang='lat' dir='ltr'>tranquille</span> <span class='ocrx_word' id='word_1_304' title='bbox 1383 3482 1752 3560; x_wconf 84' lang='lat' dir='ltr'>possideant</span> <span class='ocrx_word' id='word_1_305' title='bbox 1813 3483 1980 3562; x_wconf 86' lang='lat' dir='ltr'>quod</span> <span class='ocrx_word' id='word_1_306' title='bbox 2053 3486 2109 3544; x_wconf 90' lang='lat' dir='ltr'>vi</span> <span class='ocrx_word' id='word_1_307' title='bbox 2166 3487 2533 3547; x_wconf 83' lang='lat' dir='ltr'>testamenti</span> <span class='ocrx_word' id='word_1_308' title='bbox 2587 3486 2807 3565; x_wconf 84' lang='lat' dir='ltr'>aliqua</span> 
     </span>
     <span class='ocr_line' id='line_1_35' title="bbox 215 3556 2804 3635; baseline 0.004 -15"><span class='ocrx_word' id='word_1_309' title='bbox 215 3556 611 3621; x_wconf 79' lang='lat' dir='ltr'>formalitate</span> <span class='ocrx_word' id='word_1_310' title='bbox 645 3560 932 3623; x_wconf 89' lang='lat' dir='ltr'>destituti</span> <span class='ocrx_word' id='word_1_311' title='bbox 972 3561 1266 3624; x_wconf 88' lang='lat' dir='ltr'>obtinent</span> <span class='ocrx_word' id='word_1_312' title='bbox 1290 3581 1306 3635; x_wconf 92' lang='lat'>;</span> <span class='ocrx_word' id='word_1_313' title='bbox 1331 3576 1394 3623; x_wconf 83' lang='lat' dir='ltr'>et</span> <span class='ocrx_word' id='word_1_314' title='bbox 1428 3563 1853 3625; x_wconf 89' lang='lat' dir='ltr'>nihilominus</span> <span class='ocrx_word' id='word_1_315' title='bbox 1891 3563 2181 3626; x_wconf 84' lang='lat' dir='ltr'>haeredes</span> <span class='ocrx_word' id='word_1_316' title='bbox 2210 3562 2290 3626; x_wconf 82' lang='lat' dir='ltr'>ab</span> <span class='ocrx_word' id='word_1_317' title='bbox 2318 3568 2625 3628; x_wconf 74' lang='lat' dir='ltr'>intestato</span> <span class='ocrx_word' id='word_1_318' title='bbox 2660 3569 2804 3632; x_wconf 89' lang='lat' dir='ltr'>nul·</span> 
     </span>
     <span class='ocr_line' id='line_1_36' title="bbox 215 3636 2805 3729; baseline 0.005 -30"><span class='ocrx_word' id='word_1_319' title='bbox 215 3636 463 3703; x_wconf 89' lang='lat' dir='ltr'>litatem</span> <span class='ocrx_word' id='word_1_320' title='bbox 513 3640 875 3718; x_wconf 87' lang='lat' dir='ltr'>hujusmodi</span> <span class='ocrx_word' id='word_1_321' title='bbox 927 3646 1291 3703; x_wconf 88' lang='lat' dir='ltr'>testamenti</span> <span class='ocrx_word' id='word_1_322' title='bbox 1344 3651 1474 3705; x_wconf 89' lang='lat' dir='ltr'>tuta</span> <span class='ocrx_word' id='word_1_323' title='bbox 1521 3644 1920 3705; x_wconf 88' lang='lat' dir='ltr'>conscientia</span> <span class='ocrx_word' id='word_1_324' title='bbox 1981 3659 2194 3706; x_wconf 87' lang='lat' dir='ltr'>coram</span> <span class='ocrx_word' id='word_1_325' title='bbox 2235 3646 2561 3724; x_wconf 83' lang='lat' dir='ltr'>J&#39;udicibus</span> <span class='ocrx_word' id='word_1_326' title='bbox 2609 3663 2805 3729; x_wconf 79' lang='lat' dir='ltr'>expo-</span> 
     </span>
     <span class='ocr_line' id='line_1_37' title="bbox 209 3718 2606 3802; baseline 0.003 -21"><span class='ocrx_word' id='word_1_327' title='bbox 209 3718 484 3787; x_wconf 78' lang='lat' dir='ltr'>stulent,</span> <span class='ocrx_word' id='word_1_328' title='bbox 527 3737 727 3800; x_wconf 82' lang='lat' dir='ltr'>eaque</span> <span class='ocrx_word' id='word_1_329' title='bbox 771 3721 1054 3795; x_wconf 90' lang='lat' dir='ltr'>obtenta,</span> <span class='ocrx_word' id='word_1_330' title='bbox 1103 3722 1548 3785; x_wconf 66' lang='lat' dir='ltr'>haereditatem</span> <span class='ocrx_word' id='word_1_331' title='bbox 1597 3724 1880 3802; x_wconf 83' lang='lat' dir='ltr'>legitime</span> <span class='ocrx_word' id='word_1_332' title='bbox 1926 3723 2180 3787; x_wconf 86' lang='lat' dir='ltr'>adeant.</span> <span class='ocrx_word' id='word_1_333' title='bbox 2380 3758 2391 3787; x_wconf 55' lang='grc' dir='ltr'><em>ε</em></span> <span class='ocrx_word' id='word_1_334' title='bbox 2602 3738 2606 3742; x_wconf 18' lang='grc' dir='ltr'><strong>Α</strong></span> 
     </span>
     <span class='ocr_line' id='line_1_38' title="bbox 239 3799 2807 3884; baseline 0.002 -23"><span class='ocrx_word' id='word_1_335' title='bbox 239 3824 245 3831; x_wconf 93' lang='grc'><strong><em>·</em></strong></span> <span class='ocrx_word' id='word_1_336' title='bbox 371 3799 431 3861; x_wconf 78' lang='grc'>2.</span> <span class='ocrx_word' id='word_1_337' title='bbox 475 3799 899 3879; x_wconf 86' lang='lat' dir='ltr'>Legislatores</span> <span class='ocrx_word' id='word_1_338' title='bbox 941 3801 1286 3865; x_wconf 77' lang='lat' dir='ltr'>voluerunt</span> <span class='ocrx_word' id='word_1_339' title='bbox 1322 3803 1509 3865; x_wconf 89' lang='lat' dir='ltr'>simul</span> <span class='ocrx_word' id='word_1_340' title='bbox 1561 3804 1773 3866; x_wconf 82' lang='lat' dir='ltr'>favere</span> <span class='ocrx_word' id='word_1_341' title='bbox 1821 3804 2100 3867; x_wconf 85' lang='lat' dir='ltr'>libertati</span> <span class='ocrx_word' id='word_1_342' title='bbox 2149 3806 2544 3884; x_wconf 87' lang='lat' dir='ltr'>privatorum</span> <span class='ocrx_word' id='word_1_343' title='bbox 2611 3815 2674 3866; x_wconf 92' lang='lat' dir='ltr'>et</span> <span class='ocrx_word' id='word_1_344' title='bbox 2718 3819 2807 3865; x_wconf 85' lang='lat' dir='ltr'>se-</span> 
     </span>
     <span class='ocr_line' id='line_1_39' title="bbox 207 3879 2883 3965; baseline 0.001 -24"><span class='ocrx_word' id='word_1_345' title='bbox 207 3879 475 3943; x_wconf 87' lang='lat' dir='ltr'>curitati</span> <span class='ocrx_word' id='word_1_346' title='bbox 524 3881 912 3945; x_wconf 81' lang='lat' dir='ltr'>familiarum</span> <span class='ocrx_word' id='word_1_347' title='bbox 946 3883 1304 3960; x_wconf 85' lang='lat' dir='ltr'>providere,</span> <span class='ocrx_word' id='word_1_348' title='bbox 1352 3895 1420 3945; x_wconf 87' lang='lat' dir='ltr'>ut</span> <span class='ocrx_word' id='word_1_349' title='bbox 1457 3884 1629 3962; x_wconf 83' lang='lat' dir='ltr'>patet</span> <span class='ocrx_word' id='word_1_350' title='bbox 1660 3885 2130 3949; x_wconf 89' lang='lat' dir='ltr'>considerando</span> <span class='ocrx_word' id='word_1_351' title='bbox 2178 3885 2350 3963; x_wconf 90' lang='lat' dir='ltr'>leges</span> <span class='ocrx_word' id='word_1_352' title='bbox 2393 3887 2561 3946; x_wconf 87' lang='lat' dir='ltr'>circa</span> <span class='ocrx_word' id='word_1_353' title='bbox 2615 3884 2803 3946; x_wconf 89' lang='lat' dir='ltr'>dona·</span> <span class='ocrx_word' id='word_1_354' title='bbox 2864 3932 2883 3965; x_wconf 52' lang='lat'>,</span> 
     </span>
     <span class='ocr_line' id='line_1_40' title="bbox 216 3960 2802 4044; baseline 0 -22"><span class='ocrx_word' id='word_1_355' title='bbox 216 3962 427 4022; x_wconf 88' lang='lat' dir='ltr'>tiones</span> <span class='ocrx_word' id='word_1_356' title='bbox 472 3960 645 4024; x_wconf 89' lang='lat' dir='ltr'>inter</span> <span class='ocrx_word' id='word_1_357' title='bbox 692 3964 868 4025; x_wconf 86' lang='lat' dir='ltr'>vivos</span> <span class='ocrx_word' id='word_1_358' title='bbox 912 3972 977 4025; x_wconf 91' lang='lat' dir='ltr'>et</span> <span class='ocrx_word' id='word_1_359' title='bbox 1025 3980 1135 4041; x_wconf 89' lang='lat' dir='ltr'>per</span> <span class='ocrx_word' id='word_1_360' title='bbox 1181 3971 1579 4026; x_wconf 89' lang='lat' dir='ltr'>testamenta.</span> <span class='ocrx_word' id='word_1_361' title='bbox 1629 3964 1824 4027; x_wconf 86' lang='lat' dir='ltr'>Porro</span> <span class='ocrx_word' id='word_1_362' title='bbox 1862 3975 2205 4044; x_wconf 80' lang='lat' dir='ltr'>utrumque</span> <span class='ocrx_word' id='word_1_363' title='bbox 2253 3963 2652 4027; x_wconf 85' lang='lat' dir='ltr'>sufficienter</span> <span class='ocrx_word' id='word_1_364' title='bbox 2695 3962 2802 4023; x_wconf 93' lang='lat' dir='ltr'>ob-</span> 
     </span>
     <span class='ocr_line' id='line_1_41' title="bbox 213 4041 2807 4125; baseline 0.001 -23"><span class='ocrx_word' id='word_1_365' title='bbox 213 4041 484 4118; x_wconf 86' lang='lat' dir='ltr'>tinetur,</span> <span class='ocrx_word' id='word_1_366' title='bbox 518 4050 583 4125; x_wconf 78' lang='lat' dir='ltr'>et</span> <span class='ocrx_word' id='word_1_367' title='bbox 620 4042 780 4104; x_wconf 88' lang='lat' dir='ltr'>nihil</span> <span class='ocrx_word' id='word_1_368' title='bbox 819 4045 1009 4104; x_wconf 85' lang='lat' dir='ltr'>nimis</span> <span class='ocrx_word' id='word_1_369' title='bbox 1054 4059 1247 4121; x_wconf 85' lang='lat' dir='ltr'>grave</span> <span class='ocrx_word' id='word_1_370' title='bbox 1282 4045 1672 4123; x_wconf 69' lang='lat' dir='ltr'>praecipitur,</span> <span class='ocrx_word' id='word_1_371' title='bbox 1716 4047 1766 4106; x_wconf 94' lang='lat' dir='ltr'>si</span> <span class='ocrx_word' id='word_1_372' title='bbox 1807 4046 2134 4124; x_wconf 66' lang='lat' dir='ltr'>praedictae</span> <span class='ocrx_word' id='word_1_373' title='bbox 2177 4046 2638 4124; x_wconf 89' lang='lat' dir='ltr'>dispositiones</span> <span class='ocrx_word' id='word_1_374' title='bbox 2674 4045 2807 4105; x_wconf 89' lang='lat' dir='ltr'>sint</span> 
     </span>
     <span class='ocr_line' id='line_1_42' title="bbox 209 4120 2798 4204; baseline 0.001 -22"><span class='ocrx_word' id='word_1_375' title='bbox 209 4120 448 4184; x_wconf 78' lang='lat' dir='ltr'>validae</span> <span class='ocrx_word' id='word_1_376' title='bbox 494 4132 641 4186; x_wconf 90' lang='lat' dir='ltr'>ante</span> <span class='ocrx_word' id='word_1_377' title='bbox 686 4126 1073 4186; x_wconf 89' lang='lat' dir='ltr'>sententiam</span> <span class='ocrx_word' id='word_1_378' title='bbox 1103 4122 1373 4202; x_wconf 59' lang='lat' dir='ltr'>judicis-,3</span> <span class='ocrx_word' id='word_1_379' title='bbox 1405 4123 1795 4187; x_wconf 89' lang='lat' dir='ltr'>dirimantur</span> <span class='ocrx_word' id='word_1_380' title='bbox 1826 4143 1976 4188; x_wconf 81' lang='lat' dir='ltr'>vero</span> <span class='ocrx_word' id='word_1_381' title='bbox 2050 4140 2157 4204; x_wconf 81' lang='lat' dir='ltr'>pet</span> <span class='ocrx_word' id='word_1_382' title='bbox 2208 4126 2594 4187; x_wconf 88' lang='lat' dir='ltr'>sententiam</span> <span class='ocrx_word' id='word_1_383' title='bbox 2634 4122 2798 4201; x_wconf 86' lang='lat' dir='ltr'>judi·</span> 
     </span>
     <span class='ocr_line' id='line_1_43' title="bbox 210 4202 2043 4283; baseline 0.002 -20"><span class='ocrx_word' id='word_1_384' title='bbox 210 4204 306 4264; x_wconf 88' lang='lat' dir='ltr'>cis</span> <span class='ocrx_word' id='word_1_385' title='bbox 354 4202 422 4264; x_wconf 90' lang='lat' dir='ltr'>in</span> <span class='ocrx_word' id='word_1_386' title='bbox 471 4205 486 4265; x_wconf 92' lang='lat' dir='ltr'>i</span> <span class='ocrx_word' id='word_1_387' title='bbox 539 4220 608 4264; x_wconf 93' lang='lat' dir='ltr'>so</span> <span class='ocrx_word' id='word_1_388' title='bbox 655 4203 796 4266; x_wconf 78' lang='lat' dir='ltr'>toro</span> <span class='ocrx_word' id='word_1_389' title='bbox 842 4204 1277 4279; x_wconf 80' lang='lat' dir='ltr'>conscientiae,</span> <span class='ocrx_word' id='word_1_390' title='bbox 1323 4213 1502 4283; x_wconf 89' lang='lat' dir='ltr'>parte</span> <span class='ocrx_word' id='word_1_391' title='bbox 1547 4205 1961 4267; x_wconf 88' lang='lat' dir='ltr'>reclamante.</span> <span class='ocrx_word' id='word_1_392' title='bbox 2036 4270 2043 4277; x_wconf 71' lang='grc'><em>,</em></span> 
     </span>
    </p>

    <p class='ocr_par' dir='ltr' id='par_1_11' title="bbox 206 4282 2813 4770">
     <span class='ocr_line' id='line_1_44' title="bbox 373 4282 2801 4362; baseline 0 -17"><span class='ocrx_word' id='word_1_393' title='bbox 373 4282 431 4345; x_wconf 85' lang='grc'>3.</span> <span class='ocrx_word' id='word_1_394' title='bbox 533 4299 623 4345; x_wconf 83' lang='lat' dir='ltr'>aec</span> <span class='ocrx_word' id='word_1_395' title='bbox 659 4296 874 4347; x_wconf 86' lang='lat' dir='ltr'>nostra</span> <span class='ocrx_word' id='word_1_396' title='bbox 911 4286 1256 4360; x_wconf 88' lang='lat' dir='ltr'>sententia,</span> <span class='ocrx_word' id='word_1_397' title='bbox 1285 4288 1374 4345; x_wconf 86' lang='lat' dir='ltr'>ait</span> <span class='ocrx_word' id='word_1_398' title='bbox 1412 4284 1699 4359; x_wconf 81' lang='lat' dir='ltr'>Billuart,</span> <span class='ocrx_word' id='word_1_399' title='bbox 1736 4287 1952 4348; x_wconf 87' lang='lat' dir='ltr'>obviat</span> <span class='ocrx_word' id='word_1_400' title='bbox 1982 4284 2176 4346; x_wconf 86' lang='lat' dir='ltr'>variis</span> <span class='ocrx_word' id='word_1_401' title='bbox 2202 4285 2618 4346; x_wconf 86' lang='lat' dir='ltr'>conscientiae</span> <span class='ocrx_word' id='word_1_402' title='bbox 2660 4298 2801 4362; x_wconf 87' lang='lat' dir='ltr'>per·</span> 
     </span>
     <span class='ocr_line' id='line_1_45' title="bbox 210 4360 2799 4444; baseline 0.001 -20"><span class='ocrx_word' id='word_1_403' title='bbox 210 4360 633 4442; x_wconf 84' lang='lat' dir='ltr'>plexitatibus</span> <span class='ocrx_word' id='word_1_404' title='bbox 701 4373 766 4427; x_wconf 92' lang='lat' dir='ltr'>et</span> <span class='ocrx_word' id='word_1_405' title='bbox 797 4364 1099 4443; x_wconf 90' lang='lat' dir='ltr'>peccandi</span> <span class='ocrx_word' id='word_1_406' title='bbox 1145 4364 1481 4444; x_wconf 87' lang='lat' dir='ltr'>periculis:</span> <span class='ocrx_word' id='word_1_407' title='bbox 1513 4380 1704 4444; x_wconf 88' lang='lat' dir='ltr'>quem</span> <span class='ocrx_word' id='word_1_408' title='bbox 1735 4366 1911 4428; x_wconf 60' lang='lat' dir='ltr'>enim,</span> <span class='ocrx_word' id='word_1_409' title='bbox 1955 4365 2246 4444; x_wconf 86' lang='lat' dir='ltr'>reperies</span> <span class='ocrx_word' id='word_1_410' title='bbox 2289 4368 2392 4444; x_wconf 87' lang='lat' dir='ltr'>qui</span> <span class='ocrx_word' id='word_1_411' title='bbox 2433 4364 2799 4427; x_wconf 87' lang='lat' dir='ltr'>voluntarie</span> 
     </span>
     <span class='ocr_line' id='line_1_46' title="bbox 206 4442 2813 4524; baseline 0.001 -20"><span class='ocrx_word' id='word_1_412' title='bbox 206 4442 500 4507; x_wconf 86' lang='lat' dir='ltr'>dimittat</span> <span class='ocrx_word' id='word_1_413' title='bbox 542 4446 706 4523; x_wconf 81' lang='lat' dir='ltr'>quod</span> <span class='ocrx_word' id='word_1_414' title='bbox 756 4445 941 4507; x_wconf 88' lang='lat' dir='ltr'>titulo</span> <span class='ocrx_word' id='word_1_415' title='bbox 988 4453 1350 4521; x_wconf 81' lang='lat' dir='ltr'>testamenti</span> <span class='ocrx_word' id='word_1_416' title='bbox 1406 4444 1753 4508; x_wconf 83' lang='lat' dir='ltr'>alteriusve</span> <span class='ocrx_word' id='word_1_417' title='bbox 1817 4453 2186 4508; x_wconf 84' lang='lat' dir='ltr'>contractus</span> <span class='ocrx_word' id='word_1_418' title='bbox 2237 4443 2459 4524; x_wconf 79' lang='lat' dir='ltr'>aliqua·</span> <span class='ocrx_word' id='word_1_419' title='bbox 2495 4444 2813 4507; x_wconf 63' lang='lat' dir='ltr'>solemni:</span> 
     </span>
     <span class='ocr_line' id='line_1_47' title="bbox 211 4523 2803 4604; baseline 0.002 -18"><span class='ocrx_word' id='word_1_420' title='bbox 211 4529 346 4586; x_wconf 85' lang='lat' dir='ltr'>tate</span> <span class='ocrx_word' id='word_1_421' title='bbox 391 4523 680 4588; x_wconf 84' lang='lat' dir='ltr'>destituti</span> <span class='ocrx_word' id='word_1_422' title='bbox 736 4525 973 4604; x_wconf 85' lang='lat' dir='ltr'>absque</span> <span class='ocrx_word' id='word_1_423' title='bbox 1038 4528 1122 4604; x_wconf 87' lang='lat' dir='ltr'>vi,</span> <span class='ocrx_word' id='word_1_424' title='bbox 1165 4527 1266 4588; x_wconf 80' lang='lat' dir='ltr'>vel</span> <span class='ocrx_word' id='word_1_425' title='bbox 1305 4525 1532 4589; x_wconf 80' lang='lat' dir='ltr'>fraude</span> <span class='ocrx_word' id='word_1_426' title='bbox 1579 4524 1896 4604; x_wconf 87' lang='lat' dir='ltr'>possidet,</span> <span class='ocrx_word' id='word_1_427' title='bbox 1940 4524 2092 4589; x_wconf 89' lang='lat' dir='ltr'>dum</span> <span class='ocrx_word' id='word_1_428' title='bbox 2137 4541 2171 4588; x_wconf 89' lang='lat' dir='ltr'>a</span> <span class='ocrx_word' id='word_1_429' title='bbox 2217 4530 2475 4588; x_wconf 90' lang='lat' dir='ltr'>nemine</span> <span class='ocrx_word' id='word_1_430' title='bbox 2516 4525 2803 4603; x_wconf 81' lang='lat' dir='ltr'>juridice</span> 
     </span>
     <span class='ocr_line' id='line_1_48' title="bbox 212 4603 2798 4686; baseline 0.002 -22"><span class='ocrx_word' id='word_1_431' title='bbox 212 4603 582 4683; x_wconf 65' lang='lat' dir='ltr'>repetitur?</span> <span class='ocrx_word' id='word_1_432' title='bbox 621 4604 973 4669; x_wconf 88' lang='lat' dir='ltr'>Dicendum</span> <span class='ocrx_word' id='word_1_433' title='bbox 1016 4622 1189 4686; x_wconf 87' lang='lat' dir='ltr'>ergo,</span> <span class='ocrx_word' id='word_1_434' title='bbox 1234 4605 1565 4670; x_wconf 88' lang='lat' dir='ltr'>concludit</span> <span class='ocrx_word' id='word_1_435' title='bbox 1602 4606 1711 4668; x_wconf 84' lang='lat' dir='ltr'>ille</span> <span class='ocrx_word' id='word_1_436' title='bbox 1756 4606 2183 4682; x_wconf 85' lang='lat' dir='ltr'>doctissimus,</span> <span class='ocrx_word' id='word_1_437' title='bbox 2231 4608 2403 4685; x_wconf 84' lang='lat' dir='ltr'>quod</span> <span class='ocrx_word' id='word_1_438' title='bbox 2454 4615 2798 4669; x_wconf 85' lang='lat' dir='ltr'>testamen·</span> 
     </span>
     <span class='ocr_line' id='line_1_49' title="bbox 211 4683 2809 4770; baseline 0.001 -25"><span class='ocrx_word' id='word_1_439' title='bbox 211 4691 348 4747; x_wconf 88' lang='lat' dir='ltr'>tum</span> <span class='ocrx_word' id='word_1_440' title='bbox 381 4683 572 4763; x_wconf 80' lang='lat' dir='ltr'>legali</span> <span class='ocrx_word' id='word_1_441' title='bbox 620 4685 1012 4750; x_wconf 74' lang='lat' dir='ltr'>formalitate</span> <span class='ocrx_word' id='word_1_442' title='bbox 1048 4687 1448 4763; x_wconf 81' lang='lat' dir='ltr'>destitutum,</span> <span class='ocrx_word' id='word_1_443' title='bbox 1493 4698 1592 4750; x_wconf 86' lang='lat' dir='ltr'>est</span> <span class='ocrx_word' id='word_1_444' title='bbox 1630 4691 1697 4750; x_wconf 86' lang='lat' dir='ltr'>in</span> <span class='ocrx_word' id='word_1_445' title='bbox 1732 4686 1870 4751; x_wconf 80' lang='lat' dir='ltr'>foro</span> <span class='ocrx_word' id='word_1_446' title='bbox 1914 4689 2333 4752; x_wconf 78' lang='lat' dir='ltr'>eonscientiae</span> <span class='ocrx_word' id='word_1_447' title='bbox 2370 4689 2601 4770; x_wconf 88' lang='lat' dir='ltr'>partim</span> <span class='ocrx_word' id='word_1_448' title='bbox 2649 4685 2809 4748; x_wconf 88' lang='lat' dir='ltr'>vaii-</span> 
     </span>
    </p>
   </div>
   <div class='ocr_carea' id='block_1_8' title="bbox 304 4780 2663 4872">
    <p class='ocr_par' dir='ltr' id='par_1_12' title="bbox 304 4780 2663 4872">
     <span class='ocr_line' id='line_1_50' title="bbox 304 4780 2663 4872; baseline 0.001 -23"><span class='ocrx_word' id='word_1_449' title='bbox 304 4780 579 4869; x_wconf 61' lang='lat' dir='ltr'>smmi,</span> <span class='ocrx_word' id='word_1_450' title='bbox 627 4784 955 4872; x_wconf 71' lang='lat' dir='ltr'>Theoloqia</span> <span class='ocrx_word' id='word_1_451' title='bbox 1000 4791 1125 4854; x_wconf 84' lang='lat' dir='ltr'>etc.</span> <span class='ocrx_word' id='word_1_452' title='bbox 1197 4787 1267 4855; x_wconf 92' lang='lat' dir='ltr'>T.</span> <span class='ocrx_word' id='word_1_453' title='bbox 1314 4786 1394 4854; x_wconf 93' lang='lat'>11.</span> <span class='ocrx_word' id='word_1_454' title='bbox 2538 4786 2663 4852; x_wconf 77' lang='lat'>25·</span> 
     </span>
    </p>
   </div>
  </div>
 </body>
</html>
