3292 5167
478 265 565 331 52
1191 286 1306 330 mn.
1356 285 1418 330 11.
1467 286 1679 331 macr.
1727 282 1785 331 V.
1834 286 1992 332 mse.
2037 286 2079 331 1.
2127 286 2258 331 car.
2306 283 2384 330 η’.-

658 391 715 456 l.
763 388 1078 470 Βωπίςείο,
1136 386 1202 455 id
1251 394 1357 457 est
1406 388 1808 456 condonatio
1857 389 1950 456 rei
2003 391 2142 456 Deo
2191 387 2540 473 promissae
2581 385 2745 454 facta
2814 384 2896 452 ab
2943 386 3091 452 Ec-

477 494 672 562 clesia
720 495 986 561 nomine
1035 494 1150 563 Dei
1199 495 1445 581 ipsius:
1501 495 1668 563 banc
1721 502 2118 580 potestatem
2166 495 2484 563 Ecclesiae
2536 493 2754 560 inesse
2803 498 3081 560 constat

480 608 619 668 tum
663 620 743 670 ex
790 603 984 684 facto,
1033 621 1183 671 cum
1233 620 1498 688 semper
1546 619 1620 670 ea
1666 603 1732 670 in
1779 622 1908 671 usu
1957 604 2083 685 ‘si’t3
2134 610 2275 669 tum
2325 620 2405 669 ex
2435 601 2604 686 jure,
2655 616 2806 667 cum
2854 598 2922 665 id
2971 616 3096 666 ex-

484 707 699 792 pediat
744 709 1038 777 fidelium
1085 711 1299 778 bono:
1350 728 1508 777 sane
1558 709 1885 795 generalia
1934 716 2089 776 sunt
2138 707 2244 775 illa
2295 705 2537 775 Christi
2599 707 2838 775 verba:
2891 704 3100 791 quod-

479 833 734 899 cumque
776 817 1103 898 solveritis,
1172 824 1293 885 etc.
1346 817 1482 884 Soli
1535 824 1755 885 autem
1823 816 2138 884 Ecclesiae
2196 832 2341 883 eam
2404 814 2780 882 facultatem
2861 812 3096 879 inesse

484 928 737 989 certum
786 929 924 1003 est3
974 941 1124 991 cum
1172 924 1347 992 enim
1411 924 1554 992 baec
1602 924 1689 991 sit
1760 931 1943 991 actus
1993 920 2378 1009 spiritualis,
2442 911 2658 988 'solius
2732 916 3099 1006 potestatis

485 1027 847 1120 spiritualis
891 1048 1042 1098 esse
1092 1029 1308 1099 debet.

663 1137 724 1202 2.
780 1137 888 1202 Dei
931 1138 1186 1203 nomine
1228 1140 1436 1222 soom,-
1481 1154 1630 1207 cum
1686 1137 1860 1205 enim
1910 1136 2203 1204 Ecclesia
2254 1152 2384 1202 non
2436 1134 2774 1219 dispenset
2824 1133 2891 1199 in
2942 1131 3100 1216 lege

493 1257 633 1323 sua,
673 1241 785 1310 sed
837 1243 979 1324 Dei,
1028 1263 1159 1312 non
1211 1253 1432 1329 potest
1483 1244 1547 1311 id
1594 1262 1809 1327 agere,
1861 1244 1982 1311 nisi
2038 1244 2308 1311 nomine
2357 1242 2570 1326 ipsius
2620 1240 2758 1307 liei.
2807 1241 2889 1306 Et
2936 1237 3103 1324 qui-

488 1347 638 1414 dem
688 1348 761 1413 ob
797 1350 1039 1433 justam
1073 1371 1346 1432 causam,
1396 1351 1546 1437 quia
1599 1352 1876 1418 inferior
1917 1367 2067 1417 cum
2116 1349 2201 1417 sit
2248 1347 2530 1432 simplex
2580 1353 2919 1426 executor,
2953 1362 3099 1411 non

494 1462 715 1539 potest
763 1457 906 1524 sine
978 1459 1266 1543 legitima
1339 1477 1533 1528 causa
1597 1459 1981 1545 dispensare
2032 1457 2095 1524 in
2163 1457 2308 1541 lege
2363 1454 2728 1541 superioris
2779 1455 2841 1519 ¹:
2909 1451 3103 1539 quod

491 1562 547 1628 si
594 1572 760 1647 agat,
812 1564 1094 1633 invalide
1128 1566 1261 1650 agit
1291 1567 1476 1651 Juxta
1510 1567 1838 1636 veriorem
1873 1564 2289 1645 sententiam,
2341 1570 2407 1631 et
2456 1572 2704 1647 peccat,
2745 1562 2876 1630 nisi
2915 1562 3100 1629 bona

490 1670 619 1737 fide
666 1688 820 1738 eum
868 1680 1160 1741 excuset.
1213 1677 1403 1742 Esset
1450 1675 1741 1760 legitima
1790 1691 2005 1755 causa,
2055 1672 2110 1739 si
2161 1671 2311 1757 quis
2359 1670 2653 1738 vovisset
2701 1688 2782 1737 ex
2830 1670 2945 1751 ira,
2981 1675 3106 1734 aut

491 1775 779 1845 tristitiae
828 1778 1139 1864 impulsu,
1180 1788 1291 1848 aut
1350 1782 1468 1850 levi
1518 1783 1760 1849 timore
1808 1780 2148 1864 naufragii,
2202 1777 2515 1859 incendii,
2565 1778 2799 1844 mortis
2846 1777 2949 1844 vel
3007 1776 3096 1841 al-

491 1884 696 1951 terius
746 1886 921 1953 mali.
972 1888 1134 1954 Item
1185 1888 1239 1955 si
1283 1889 1430 1974 quis
1477 1888 1767 1957 vovisset
1815 1887 1972 1954 dum
2021 1893 2161 1953 erat
2207 1886 2536 1971 impuber,
2604 1885 2690 1951 ob
2741 1901 2874 1950 non
2927 1880 3105 1949 adeo

492 1998 818 2059 maturam
866 1993 1444 2063 deliberationem:
1494 2004 1721 2063 votum
1773 1996 1897 2061 erit
1947 1993 2214 2079 quidem
2263 1992 2568 2071 validum,
2623 1991 2738 2060 sed
2792 1991 2877 2058 ob
2928 1991 3107 2057 hanc

495 2115 757 2166 causam
808 2101 931 2166 erit
979 2100 1425 2186 dispensabile
1474 2105 1726 2188 absque
1775 2101 1906 2169 ulla
1957 2100 2496 2170 commutatione.
2554 2102 2717 2167 Item
2758 2098 3105 2166 sufficiens

497 2221 691 2272 causa
740 2212 841 2273 est
907 2205 1331 2292 dispensandi
1381 2209 1695 2278 notabilis
1745 2207 2098 2276 difficultas
2159 2208 2225 2274 in
2293 2207 2424 2273 voti
2478 2206 2872 2292 executione
2940 2203 3105 2289 (etsi

499 2323 689 2381 antea
760 2316 1086 2403 praevisa),
1160 2337 1400 2404 nempe
1472 2319 1524 2387 si
1574 2326 1729 2388 voto
1781 2320 2142 2387 obstrictus
2191 2324 2369 2386 esset
2419 2318 2481 2383 in
2543 2315 2842 2401 periculo
2919 2314 3104 2399 gravi

499 2429 724 2489 votum
763 2423 1073 2508 violandi,
1124 2433 1234 2492 aut
1269 2427 1323 2494 si
1374 2428 1627 2511 magnis
1664 2427 1995 2512 scrupulis
2029 2431 2395 2494 vexaretur.
2431 2427 2596 2492 Item
2635 2424 2882 2490 bonum
2921 2439 3108 2489 com-

504 2545 702 2595 mune
751 2536 880 2596 tam
932 2533 1244 2600 Ecclesiae
1311 2551 1506 2619 quam
1577 2532 1962 2620 reipublicae
2029 2539 2093 2600 et
2167 2531 2454 2612 familiae,
2509 2537 2574 2598 et
2641 2530 2853 2615 major
2900 2528 3108 2595 etiam

504 2635 837 2720 profectus
885 2640 1200 2707 voventis.
1251 2642 1416 2710 Cum
1467 2646 1690 2708 autem
1737 2658 1934 2709 omne
1982 2640 2225 2707 factum
2279 2645 2729 2719 praesumatur
2778 2645 2956 2703 recte
3011 2634 3111 2701 fa-

504 2751 703 2825 ctum,
752 2743 816 2810 in
854 2744 1056 2812 dubio
1091 2764 1168 2812 an
1205 2747 1404 2816 fuerit
1438 2747 1772 2816 sufficiens
1807 2746 2320 2832 dispensationis
2364 2763 2583 2828 causa,
2634 2742 2940 2811 standum
2979 2762 3107 2828 pro

506 2849 729 2918 valore
776 2851 1310 2936 dispensationis

684 2961 743 3024 3.
794 2960 880 3025 Ab
941 2960 1198 3026 habente
1257 2961 1648 3047 spiritualem
1696 2960 2198 3047 jurisdictionem
2257 2961 2322 3026 in
2394 2961 2532 3043 soro
2578 2971 2877 3034 eoetern03
2948 2972 3109 3023 cum

509 3065 682 3131 enim
740 3065 883 3132 baec
958 3073 1253 3150 potestas
1327 3066 1407 3132 ad
1474 3074 1812 3134 externam
1865 3067 2409 3151 gubernationem
2478 3066 2805 3151 pertineat
2876 3062 3108 3148 (sicuti

510 3177 804 3256 potestas
852 3171 1102 3241 ferendi
1151 3172 1352 3258 legeS‚
1406 3183 1683 3258 quarum
1720 3182 2020 3241 naturam
2074 3174 2368 3239 imitatur
2400 3173 2676 3257 votum),
2726 3170 3110 3237 facultatem

510 3276 931 3364 dispensandi
984 3299 1116 3347 non
1186 3289 1468 3365 possunt
1517 3281 1777 3362 habere,
1844 3281 1969 3348 nisi
2021 3281 2133 3365 qui
2181 3287 2451 3347 externa
2520 3279 2771 3363 pollent
2827 3275 3108 3361 jurisdi-

511 3385 767 3452 ctione:
813 3403 963 3471 quae
1017 3387 1425 3472 probabilius
1476 3388 1539 3454 in
1590 3387 1875 3455 subditis
1925 3395 2181 3453 tantum
2228 3385 2521 3454 exerceri
2573 3392 2816 3469 potest.

597 3488 737 3560 ¹23,
789 3493 901 3559 Isti
953 3511 1153 3580 porro
1206 3501 1448 3579 praeter
1484 3511 1823 3561 summum
1875 3491 2265 3561 Pontificem
2314 3492 2377 3558 in
2430 3498 2568 3558 tota
2624 3489 2917 3557 Ecclesia
2962 3486 3108 3573 (qui

510 3597 896 3686 dispensare
968 3601 1139 3669 solet
1204 3620 1452 3687 organo
1501 3601 1669 3670 sacri
1743 3600 2220 3670 Poenitentiarii
2272 3600 2566 3686 majoris,
2620 3598 2674 3665 si
2747 3604 2978 3681 agatur
3023 3593 3111 3663 de

509 3706 681 3775 votis
725 3708 1040 3777 occultis:
1090 3710 1143 3777 si
1194 3710 1275 3777 de
1328 3710 1631 3795 publicis,
1698 3727 1946 3796 organo
1994 3708 2291 3794 Datarii),
2355 3714 2543 3775 sunt:
2601 3708 2664 3792 l)
2731 3704 3108 3791 Episcopus

512 3813 577 3883 in
628 3833 745 3883 sua
794 3816 1112 3899 Dioecesi‚
1176 3822 1243 3884 et
1288 3818 1585 3885 vicarius
1658 3818 2057 3904 capitulariS,
2116 3817 2285 3885 Sede
2342 3822 2643 3898 vacante;
2707 3816 2776 3900 2)
2838 3811 3106 3879 Praelati

512 3923 914 4007 regularium
965 3925 1029 3992 in
1064 3942 1220 3992 suos
1269 3925 1593 4007 subditos,
1636 3926 1690 3994 si
1729 3926 2010 3993 babeant
2043 3923 2576 4010 jurisdictionem
2613 3922 2801 4009 quasi
2850 3921 3113 4004 episco-

513 4031 756 4128 palem3
792 4034 861 4119 3)
911 4033 1189 4118 quilibet
1222 4050 1255 4099 a
1304 4034 1652 4118 superiore
1701 4033 2151 4101 ecclesiastico
2200 4032 2568 4116 delegatus,
2606 4032 2659 4098 si
2699 4035 3110 4097 tonsuratus.

518 4141 760 4225 Excipe
810 4141 934 4209 nisi
986 4142 1065 4212 ab
1116 4141 1261 4228 ipso
1314 4141 1636 4210 Pontifice
1686 4140 2034 4209 Ordinario
2085 4141 2580 4208 Ordinariorum
2617 4140 2703 4207 sit
2755 4138 2882 4210 illis
2933 4138 3112 4205 limi-

514 4254 645 4315 tata
698 4255 1017 4333 potestas,
1063 4250 1120 4316 si
1159 4267 1396 4335 nempe
1436 4250 1740 4318 Pontifex
1773 4249 2336 4334 dispensationem
2370 4248 2494 4315 sibi
2534 4247 2906 4315 reservavit.
2945 4249 3106 4326 Quae

586 4491 606 4532 ¹
644 4493 695 4544 Si
731 4504 893 4544 causa
924 4504 1033 4544 non
1067 4494 1266 4548 sufficit
1296 4493 1363 4546 ad
1395 4496 1652 4555 integram
1687 4494 2159 4556 dispensationem,
2213 4493 2404 4543 votum
2461 4491 2650 4553 partim
2703 4491 3003 4554 dispensari
3054 4492 3105 4542 et

514 4557 705 4617 partim
739 4557 1053 4607 commutari
1090 4560 1277 4619 potest.
1311 4557 1388 4609 Ad
1424 4558 1711 4621 legitimam
1754 4558 2234 4609 commutationem
2285 4557 2444 4617 atque
2491 4554 2946 4617 dispensationem
2999 4553 3110 4604 baec

515 4620 613 4670 tria
652 4618 883 4669 maxime
916 4619 1041 4668 sunt
1068 4620 1481 4681 consideranda,
1519 4630 1736 4682 nempe:
1772 4621 1894 4683 quid
1927 4622 2078 4670 liceat
2107 4616 2387 4668 secundum
2418 4619 2726 4690 (equitatem,
2761 4619 2885 4680 quid
2934 4618 3110 4667 deceat

512 4683 788 4732 secundum
815 4680 1141 4741 honestatem,
1176 4683 1298 4745 quid
1328 4685 1564 4743 expediat
1596 4684 1873 4733 secundum
1907 4682 2207 4732 utilitatem.
2241 4705 2306 4718 —
2351 4680 2400 4729 V.
2435 4680 2664 4742 Liguori,
2702 4681 2791 4743 Ορ.
2816 4681 2948 4731 Mor.
2976 4680 3009 4730 l.
3030 4690 3110 4741 ιιι,

515 4756 570 4798 n.
608 4744 700 4795 254
733 4745 783 4794 et
817 4754 871 4794 n.
906 4746 1016 4794 262.
1050 4768 1114 4780 —
1148 4745 1340 4806 Bouix,
1378 4747 1447 4795 De
1480 4744 1744 4807 Episcopo,
1781 4758 1831 4807 p.
1869 4747 1945 4806 5³,
1983 4755 2028 4793 c.
2064 4744 2144 4794 23.
