3292 5167
1378 235 1454 279 nis:
1503 231 1640 277 mon
1920 202 1929 213 ⁸
2674 208 2807 275 635

206 328 376 399 nihil
424 345 551 392 non
596 340 798 410 agunt
839 330 902 391 in
950 330 1455 398 christianorum
1507 332 1859 414 perniciem
1908 330 2116 412 quoad
2169 339 2442 410 possunt
2469 331 2603 394 sive
2636 332 2811 412 ephi·

205 409 568 473 meridibus
613 425 880 491 quarum
928 414 1029 473 vix
1076 415 1525 493 monopolium
1575 413 1654 476 ad
1701 429 1769 475 se
1815 428 1941 474 non
1990 421 2353 483 traxerunt,
2398 411 2532 474 sive
2584 415 2814 495 usuriS,

205 491 346 552 sive
377 491 743 553 commercii
785 493 1030 554 retibus
1062 505 1124 555 et
1155 491 1507 559 fraudibus
1541 494 1924 573 omnigenis.
1959 492 2051 554 Ex
2088 492 2292 554 altera
2332 500 2510 572 parte
2544 508 2670 555 non
2710 494 2817 556 mi·

210 571 358 633 nori
405 571 523 651 ipsi
571 588 742 635 nunc
784 572 947 651 (suis
991 571 1176 637 factis
1220 570 1752 658 exceptionibus)
1796 570 1943 636 odio
1986 581 2477 653 prosequuntur
2522 574 2816 636 christia-

209 666 351 728 nos,
394 667 582 731 quam
621 654 931 717 anteactis
975 654 1246 719 saeculis,

869 948 1020 1016 Aur.
1061 924 1148 1019 ‘11.
1181 985 1269 996 —-
1303 951 1389 1015 De
1437 948 1659 1014 hoeresi
1702 959 1760 1014 et
1803 946 2140 1034 apostasia..

303 1194 506 1257 919.
550 1199 620 1277 Q.
675 1199 731 1264 1.
787 1197 948 1278 Quid
990 1210 1076 1264 est
1123 1197 1390 1277 lucrosis,
1439 1209 1493 1263 et
1539 1197 1876 1283 quotuplex
1920 1195 2222 1263 dividitur
2246 1202 2278 1262 9

307 1303 381 1370 R.
430 1302 528 1371 Ad
580 1307 607 1371 1
640 1324 654 1367 :
692 1304 980 1373 Haeresis
1030 1321 1240 1389 graeca
1278 1322 1399 1372 vox
1435 1311 1536 1372 est
1569 1304 1650 1372 ab
1685 1304 1960 1389 elipando
1993 1302 2200 1384 dicta3
2236 1311 2300 1370 et
2333 1302 2677 1373 definitur:
2729 1325 2822 1372 er-

209 1429 325 1477 ror
371 1411 709 1480 intellectus
758 1424 810 1480 et
835 1413 1155 1499 -pertinaoe
1200 1424 1420 1478 contra
1464 1410 1719 1497 aliquod
1762 1410 1904 1496 fidei
1955 1411 2185 1496 doqma
2250 1412 2318 1478 iu
2363 1431 2449 1494 ee,
2496 1412 2603 1495 qui
2646 1412 2825 1497 fidem

212 1519 481 1604 suscepit
532 1516 578 1585 ¹.
631 1518 814 1588 Unde
862 1518 942 1586 ad
989 1516 1299 1586 haeresim
1349 1517 1617 1605 proprie
1668 1516 1909 1585 dictam
1958 1517 2101 1585 baec
2151 1517 2644 1602 requiruntur:

397 1627 453 1691 1.
499 1627 594 1693 Ex
644 1633 829 1712 parte
877 1626 1259 1694 intellectus
1325 1622 1550 1704 error;
1601 1622 1754 1711 qnia
1805 1623 1979 1693 sicut
2026 1623 2190 1692 fides
2240 1631 2360 1693 est
2406 1633 2589 1693 actus
2637 1626 2826 1694 intel-

215 1729 429 1799 lectus
481 1734 734 1809 veritati
787 1733 1090 1801 revelatae
1143 1732 1565 1815 adhaerentiS‚
1616 1732 1704 1823 ita
1755 1732 2030 1799 haeresis
2065 1731 2262 1801 debet
2311 1751 2460 1801 esse
2508 1742 2692 1802 actus
2726 1734 2821 1801 in.
2916 1729 2929 1742 '

218 1838 522 1907 tellectus
571 1843 912 1909 veritatem
964 1841 1313 1910 revelatam
1365 1840 1749 1927 rejicientiS.
1809 1844 2022 1921 Quare
2094 1861 2224 1910 non
2264 1836 2400 1911 ‘erit
2449 1842 2817 1910 haereticus

217 1945 334 2029 qui
385 1948 677 2016 exterius
726 1954 982 2016 tantum
1030 1948 1228 2017 fidem
1278 1954 1494 2033 negat,
1544 1956 1658 2015 aut
1709 1947 1867 2016 colit
1912 1946 2165 2017 idolum
2214 1950 2358 2018 sine
2409 1949 2659 2037 judicio
2722 1950 2824 2017 in-

216 2060 408 2122 terno
459 2055 607 2124 fidei
658 2058 1040 2140 contrario,
1090 2057 1242 2143 quia
1287 2075 1420 2126 non
1472 2064 1648 2125 errat
1700 2074 1927 2126 errore
1977 2058 2380 2149 imelloctuS,
2432 2058 2571 2127 etsi
2621 2057 2828 2142 gravi-

219 2168 325 2229 ter
374 2172 604 2248 peccet
653 2173 881 2234 contra
931 2166 1148 2249 fidem,
1199 2175 1264 2234 et
1309 2174 1596 2255 externe¹
1628 2174 2074 2252 praesumatur
2120 2165 2496 2234 haereticus.

394 2273 455 2339 2.
502 2275 600 2341 Ex
649 2282 833 2360 parte
880 2273 1233 2342 voluntatis
1274 2275 1645 2361 pertinacia.
1697 2274 2131 2344 pertinaciter
2159 2281 2379 2343 autem
2413 2290 2632 2343 errare
2693 2292 2826 2341 non

226 2385 330 2447 est
378 2380 619 2449 acriter
667 2400 966 2451 errorem
1015 2400 1210 2450 suum
1261 2382 1452 2464 tueri,
1502 2382 1619 2451 sed
1669 2389 1770 2450 est
1819 2401 1970 2460 eum
2028 2382 2313 2451 retinere
2363 2382 2558 2450 etiam
2633 2392 2823 2469 post-

225 2503 426 2571 quam
476 2491 881 2557 contrarium
930 2496 1030 2558 est
1067 2490 1474 2558 sufficienter
1507 2488 1949 2575 propositum,
1985 2491 2121 2558 sive
2149 2489 2411 2576 quando
2454 2485 2585 2575 J'am
2621 2490 2828 2557 scitur

221 2596 632 2664 contrarium
685 2598 900 2665 teneri
952 2615 985 2664 a
1036 2598 1277 2666 Christi
1341 2597 1688 2678 Ecclesia3
1747 2604 1904 2665 tunc
1974 2598 2146 2665 enim
2211 2614 2437 2666 errans
2499 2598 2829 2664 existimat

211 2700 539 2787 judicium
584 2704 902 2773 Ecclesiae
961 2723 1092 2772 non
1143 2722 1292 2773 esse
1326 2704 1662 2772 sufficiens
1699 2704 2007 2772 credendi
2045 2713 2525 2790 argumentum,
2580 2705 2643 2769 in
2694 2720 2829 2787 quo

219 2809 346 2876 sita
382 2819 482 2880 est
529 2829 676 2879 vera
726 2812 920 2880 animi
982 2813 1361 2898 pertinacia.
1416 2812 1581 2879 Hinc
1633 2833 1826 2882 nemo
1877 2813 2276 2892 haereticus,
2346 2810 2662 2897 quamdiu
2721 2828 2830 2895 pa-

220 2924 407 3021 ratus
478 2920 564 3012 sit
613 2920 845 2987 saliem
895 2918 1317 2987 habitualiter
1359 2919 1686 3007 judicium
1739 2940 1942 2989 snum
2025 2920 2346 2988 Ecclesiae
2396 2917 2827 2995 submittere,

223 3033 338 3094 aut
386 3028 636 3095 nesciat
670 3031 1074 3097 contrarium
1118 3029 1326 3098 teneri
1369 3030 1448 3098 ab
1495 3029 1660 3116 ipsa,
1693 3030 1951 3098 tametsi
1989 3028 2388 3098 sententiam
2439 3044 2625 3094 suam
2650 3043 2829 3093 mor·

225 3131 415 3201 dicus
464 3139 683 3201 teneat
733 3152 811 3202 ex
863 3136 1227 3219 ignorantia
1280 3153 1501 3203 crassa
1549 3144 1614 3204 et
1660 3135 2001 3221 culpabili.
2046 3134 2212 3203 Hinc
2249 3132 2412 3199 illud
2441 3132 2829 3222 Augustini:

224 3259 441 3308 errare
478 3253 710 3327 potero,
762 3243 1084 3315 hiereneus
1129 3264 1258 3311 non
1302 3263 1427 3327 cro,
1478 3242 1737 3312 deiectu
1790 3234 2061 3313 scilicet
2102 3242 2505 3328 pertinaciae.

406 3349 464 3416 3.
509 3351 601 3416 Ex
632 3356 815 3434 parte
848 3350 1090 3436 objecti
1125 3350 1354 3418 veritas
1385 3351 1553 3419 clare
1584 3352 1664 3418 ab
1689 3351 1983 3418 Ecclesiae
2027 3351 2373 3437 proposita,
2402 3349 2494 3416 uti
2523 3346 2828 3424 revelata-.-

227 3453 405 3523 unde
475 3455 593 3541 qui
668 3444 1327 3541 negaret'veritatem
1378 3458 1668 3543 aliquam
1716 3475 1849 3525 non
1917 3459 2115 3551 clare·
2163 3456 2261 3524 uti
2344 3456 2694 3523 revelatam
2748 3453 2829 3519 ab

229 3562 547 3631 Ecclesiae
597 3564 979 3648 magisterio
1031 3567 1443 3651 propositam
1476 3617 1491 3642 ‚
1548 3584 1678 3633 non
1731 3573 1910 3633 esset
1958 3566 2190 3634 stricte
2233 3563 2606 3632 haereticus.
2656 3558 2833 3628 Dixi-

229 3688 380 3738 mus
427 3672 749 3738 vm‘itatem
794 3672 1112 3755 aliquam,·
1157 3690 1304 3740 nam
1358 3671 1410 3740 si
1462 3672 1609 3757 quis
1662 3672 2034 3741 universam
2081 3672 2280 3741 fidem
2334 3670 2657 3757 rejiceret,
2698 3685 2831 3733 non

230 3783 409 3846 esset
458 3777 724 3864 proprie
772 3777 1147 3861 baereticuS,
1200 3779 1316 3847 sed
1368 3788 1691 3864 apostata.
2306 3796 2313 3809 ’
2410 3867 2417 3877 ¹
2628 3854 2635 3863 ,

409 3888 471 3952 4.
520 3888 614 3953 Ex
667 3891 850 3972 parte
900 3884 1179 3972 subjecti
1232 3886 1616 3972 requiritur,
1651 3892 1725 3956 ut
1774 3888 1923 3973 quis
1975 3906 2092 3974 per
2128 3885 2544 3972 Baptismum
2601 3882 2662 3947 in
2716 3882 2834 3947 Ec·

233 3990 502 4060 clesiam
556 3992 641 4060 sit
689 3992 1028 4077 ingressus
1056 4019 1075 4075 3
1127 3992 1277 4079 quia
1331 4008 1445 4078 per
1493 3995 1910 4080 Baptismum
1959 3993 2160 4061 bomo
2212 3994 2283 4058 iit
2333 3988 2599 4077 proprie
2657 3985 2831 4053 chri—

232 4099 490 4165 stianus
539 4105 603 4166 et
649 4099 966 4167 Ecclesiae
1016 4100 1411 4167 membrum.
1462 4098 1628 4180 Quid
1678 4101 2186 4167 catechumenus?
2234 4099 2359 4166 iste
2405 4113 2535 4163 non
2573 4101 2674 4161 est
2707 4092 2831 4159 nisi

236 4207 299 4273 in
350 4205 450 4271 via
501 4212 566 4273 et
618 4207 680 4272 in
731 4205 1047 4274 Ecclesiae
1101 4196 1345 4292 corpus
1399 4205 1690 4273 nondum
1742 4212 2095 4292 cooptatus
2145 4214 2279 4287 est,
2334 4203 2485 4273 licet
2536 4208 2834 4287 spectare

236 4312 449 4399 possit
500 4312 579 4380 a'd
626 4313 943 4382 Ecclesiae
995 4315 1282 4381 animam
1335 4319 1398 4382 et
1444 4313 1593 4381 ideo
1645 4313 1897 4383 salvari.
1946 4313 2199 4381 Exinde
2248 4310 2584 4397 sequitur,
2654 4307 2833 4394 quod

299 4541 320 4581 ¹
364 4543 419 4592 V.
454 4541 686 4605 Lignori,
723 4541 859 4604 opus
889 4542 1041 4603 Mor„
1076 4542 1110 4593 l.
1145 4553 1205 4602 ιι,
1239 4554 1291 4592 n.
1329 4544 1403 4593 19.
1434 4566 1498 4580 -
1519 4541 1594 4592 De
1617 4541 1881 4592 baereseos
1904 4540 2231 4603 nominibus,
2258 4539 2437 4590 causis
2457 4541 2508 4590 et
2533 4548 2830 4608 progressu,

234 4603 361 4657 vide
395 4605 539 4666 Klee,
575 4604 749 4655 scoria
780 4604 856 4655 αρ’
883 4603 1071 4666 doymi.
1104 4629 1169 4642 —-
1202 4603 1464 4667 Ferrari83
1508 4604 1569 4656 V.
1600 4605 1839 4664 Hoeresis,
1873 4603 2170 4654 Haereticus.
2204 4628 2267 4641 -—
2305 4605 2377 4654 La
2433 4602 2620 4652 Civilia
2666 4601 2844 4658 cau,

179 4670 200 4693 ·'
237 4679 343 4719 ser.
380 4669 452 4728 1⁸,
487 4669 523 4717 t.
556 4678 624 4719 v:
665 4667 903 4717 Teodosio
937 4667 978 4718 il
1010 4666 1235 4718 Grande.
