3292 5167
449 216 579 287 452
1161 236 1275 282 ue.
1326 235 1396 281 ιι.
1441 234 1655 281 ruer.
1706 230 1809 279 vn.
1856 233 2009 280 nise.
2055 233 2101 279 t.
2145 232 2275 279 car.
2325 228 2365 277 ι.

535 339 741 407 Aliter
788 348 1001 408 tamen
1057 340 1466 425 probabilius
1516 346 1694 409 esset
1728 339 1830 426 (ut
1862 330 2217 408 observant
2263 335 2500 420 Alesia,
2540 338 2844 423 Layman‚
2879 338 3046 405 San-

450 444 633 528 chez,
676 445 1252 529 salmanticenseS,
1299 454 1446 531 etc„
1493 455 1725 516 contra
1772 439 2076 528 A‘ntoine,
2124 445 2402 513 Billuart
2448 451 2513 510 et
2569 442 2930 530 Cuniliati),
2986 444 3041 512 si

450 553 598 638 quis
648 553 979 638 praeberet
1025 572 1298 640 pravum
1347 552 1725 640 exemplum
1774 561 1842 622 et
1889 553 2275 622 scandalum
2323 550 2556 634 daret3
2591 550 2742 639 quia
2784 552 2911 620 hoc
2940 556 3046 620 est

451 660 672 746 potius
720 660 1004 744 occasio,
1055 677 1254 747 quam
1304 679 1454 730 vera
1504 679 1701 729 causa
1767 661 2113 742 infinitiva,
2163 676 2317 729 cum
2384 658 2761 744 exemplum
2825 676 2908 726 ex
2970 668 3047 726 se

449 785 581 835 non
631 767 715 834 sit
765 775 991 836 natum
1040 769 1120 836 ad
1169 768 1337 837 alios
1388 768 1746 837 efficaciter
1798 768 2194 850 movendos,
2246 766 2399 835 licet
2446 765 2527 833 de
2576 765 2747 833 facto
2797 780 2875 833 ex
2924 782 3045 833 eo-

451 891 597 941 rum
645 873 996 959 fragilitate
1043 874 1134 943 illi
1184 875 1432 960 saepius
1494 882 1917 944 moveantur:
1967 893 2102 961 quo
2170 891 2374 942 sensu
2444 871 2811 958 explicatur
2882 870 3046 940 illud

448 970 636 1047 verb‘a
679 993 955 1063 movent,
1000 983 1289 1069 exempla
1355 983 1634 1051 trahunt.
1680 980 1903 1051 Adde:
1943 980 2330 1051 scandalum
2393 977 2475 1047 de
2538 997 2609 1047 se
2683 979 3048 1065 opponitur

454 1087 783 1169 charitati,
835 1106 964 1155 non
1008 1088 1287 1174 justitiae
1332 1092 1378 1155 ¹.
1455 1122 1460 1128 ·
1810 1132 1819 1143 -

544 1195 883 1267 Dicimus:
931 1198 994 1263 2.
1047 1195 1166 1277 Qui
1219 1197 1572 1275 consilium
1621 1194 1986 1263 doctrinale
2035 1193 2293 1281 praebet
2338 1193 2495 1261 licet
2541 1210 2621 1260 ex
2654 1191 3042 1277 ignorantia,

454 1301 573 1369 sed
622 1319 772 1369 cum
821 1302 996 1388 gravi
1047 1303 1259 1389 culpa,
1311 1302 1568 1385 ratione
1618 1302 1867 1388 proprii
1918 1300 2137 1383 officii,
2186 1309 2259 1368 ut
2303 1299 2524 1368 solent
2559 1299 2817 1382 medici,
2854 1299 3049 1368 advo-

455 1409 601 1491 cati,
652 1410 1054 1492 confessarii,
1097 1410 1388 1496 parochi,
1439 1410 1755 1496 theologi,
1807 1407 2088 1477 dicendo
2130 1408 2328 1476 talem
2382 1408 2715 1486 actionem
2779 1426 2926 1476 esse
2973 1407 3047 1473 li-

455 1516 650 1585 citam
699 1536 849 1585 cum
900 1517 1074 1586 licita
1111 1536 1240 1585 non
1274 1517 1382 1601 sit,
1433 1518 1529 1585 vel
1580 1517 1643 1585 in
1681 1517 1790 1586 tali
1844 1535 2003 1587 casu
2052 1535 2182 1585 non
2220 1513 2729 1596 restituendum,
2768 1532 2920 1582 cum
2954 1521 3047 1582 ta-

455 1642 604 1693 men
683 1624 789 1692 illa
860 1625 914 1693 si
981 1624 1304 1708 facienda,
1362 1632 1674 1694 tenentur
1726 1625 2039 1694 damnum
2101 1641 2406 1710 reparare
2453 1640 2533 1691 ex
2596 1620 2705 1688 tali
2769 1621 3045 1691 consilio

456 1739 798 1814 secutum;
849 1751 928 1801 eo
978 1734 1152 1801 enim
1202 1734 1347 1818 ipso
1404 1751 1538 1819 quo
1589 1733 1738 1819 quis
1785 1731 2030 1820 aliquid
2067 1731 2343 1817 suscipit
2380 1746 2635 1812 manue,
2677 1729 2930 1815 justitia
2963 1729 3043 1799 ab

456 1857 535 1908 eo
576 1840 796 1925 exigit,
846 1848 911 1909 et
956 1858 1187 1910 omnes
1227 1841 1337 1929 jus
1370 1841 1615 1910 habent
1663 1839 2072 1927 expectandi,
2117 1846 2187 1907 ut
2219 1837 2566 1907 scientiam
2613 1837 2871 1905 muneri
2904 1855 3047 1906 res·

471 1945 869 2032 pondentem
918 1946 1062 2032 ipse
1111 1948 1366 2017 habeat.

550 2071 738 2151 Quod
778 2073 973 2142 etiam
1025 2075 1192 2143 valet
1241 2074 1321 2142 de
1370 2074 1522 2156 illis,
1573 2075 1683 2160 qui
1736 2075 1889 2143 licet
1938 2074 2195 2143 ratione
2244 2072 2445 2142 officii
2491 2071 2845 2146 consilium
2894 2068 3046 2138 dare

460 2178 727 2247 minime
776 2187 1154 2263 teneantur,
1208 2201 1280 2250 se
1328 2187 1542 2275 tamen
1599 2199 1717 2266 pro
1768 2181 2024 2250 idoneis
2073 2178 2470 2249 consiliariis
2513 2180 2844 2266 jactitant,
2881 2186 2948 2247 et
2979 2177 3045 2244 in

458 2287 567 2353 tali
620 2307 688 2354 re
739 2288 986 2372 peritos
1035 2307 1106 2357 se
1156 2306 1304 2357 esse
1350 2288 1724 2357 declarant:
1776 2290 1896 2358 etsi
1949 2289 2125 2358 enim
2173 2289 2236 2356 in
2289 2288 2506 2357 officio
2551 2287 2685 2375 jam
2734 2292 3043 2372 suscepto

461 2413 590 2462 non
642 2394 981 2478 deficiant,
1031 2395 1345 2464 deficiunt
1394 2396 1554 2464 illud
1632 2396 1968 2466 voluntate
2032 2395 2463 2481 suscipiendo
2525 2402 2590 2462 et
2656 2392 3043 2463 affectando.

463 2501 649 2571 Unde
699 2504 1072 2589 Scriptura:
1125 2506 1193 2570 Si
1239 2517 1326 2571 est
1369 2506 1481 2571 tibi
1525 2506 1885 2587 imeltectuS,
1935 2507 2233 2592 responde
2279 2503 2616 2591 proaeivno:
2660 2504 2764 2569 sin
2808 2513 3043 2583 amem,

455 2609 536 2695 sit
581 2630 807 2677 ritanus
850 2624 960 2676 tua
1004 2631 1191 2698 super
1234 2631 1303 2677 os
1361 2624 1537 2678 tuum
1562 2666 1577 2694 ,
1625 2633 1705 2678 ne
1766 2612 2045 2698 capiaris
2107 2614 2177 2679 in
2236 2612 2419 2680 verbo
2481 2609 2949 2696 indisciplinato
2996 2610 3048 2676 ².

459 2718 600 2783 Huc
649 2724 932 2803 possunt
979 2718 1175 2787 etiam
1224 2717 1516 2785 revocari
1552 2719 1661 2802 qui
1701 2718 1953 2788 ratione
1985 2726 2197 2789 status
2231 2735 2427 2805 quam
2470 2702 2719 2799 tenent,
2757 2718 2880 2786 etsi
2918 2732 3049 2787 non

453 2822 777 2910 jactitent,
829 2824 1266 2907 praeseferunt
1313 2832 1532 2893 tamen
1585 2826 1907 2911 peritiam,
1958 2833 2024 2895 et
2070 2826 2358 2912 imperiti
2411 2826 2577 2897 illud
2613 2825 2946 2907 tribuunt,
2981 2831 3053 2891 ut

462 2939 617 2995 sunt
666 2930 1044 2999 sacerdotes
1092 2949 1167 3000 ac
1216 2933 1571 3018 regulares.

552 3039 860 3105 Ceterum
910 3039 1126 3125 quoad
1176 3039 1346 3122 illoS,
1397 3042 1506 3127 qui
1559 3059 1774 3127 neque
1824 3046 2088 3109 tenetur
2121 3039 2333 3109 ullum
2379 3042 2732 3115 consilium
2766 3038 2921 3108 dare
2955 3052 3057 3106 ra-

464 3143 642 3212 tione
692 3155 899 3215 status
950 3154 1014 3215 et
1063 3148 1281 3231 officii,
1332 3166 1546 3235 neque
1595 3148 1896 3233 peritiam
1922 3149 2244 3236 jactitant,
2288 3150 2382 3217 uti
2434 3149 2747 3217 mulieres
2796 3155 2861 3216 et
2909 3147 3052 3234 ple-

464 3252 590 3333 bei,
643 3270 927 3337 quorum
979 3248 1438 3328 insufficientia
1487 3263 1640 3325 nota
1692 3263 1816 3339 est,
1863 3275 1995 3325 non
2029 3264 2341 3324 tenentur
2387 3275 2694 3343 erga-eos
2736 3257 2845 3341 qui
2898 3272 3056 3323 con-

465 3358 686 3426 silium
739 3370 972 3446 petunt
1020 3362 1104 3429 ad
1149 3362 1349 3430 ullam
1423 3360 1641 3431 damni
1720 3364 2224 3449 reparationem.
2275 3363 2439 3445 Quia
2494 3363 2824 3445 damnum,
2875 3360 3059 3448 quod

465 3464 617 3533 inde
664 3468 1070 3553 supponitur
1113 3487 1262 3538 esse
1311 3478 1633 3553 secutum,
1688 3488 1819 3538 non
1884 3469 2090 3553 magis
2154 3470 2435 3539 consilio
2517 3470 2808 3551 alteriuS‚
2856 3482 3057 3555 quam

465 3572 932 3657 imprudentiae
977 3574 1322 3660 ipsiusmet
1373 3577 1774 3662 postulantis
1823 3575 2253 3644 tribuendum
2323 3586 2464 3645 est:
2536 3576 2660 3644 scit
2708 3575 2903 3657 enim,
2952 3573 3057 3643 vei

466 3680 698 3749 saltem
747 3681 915 3749 scire
963 3678 1178 3765 debet,
1228 3701 1263 3750 a
1299 3702 1430 3770 quo
1470 3681 1633 3768 petit
1653 3707 1673 3765 3
1708 3682 1993 3769 ideoque
2032 3674 2383 3752 consilium
2424 3690 2655 3770 petens
2690 3680 3055 3750 discrimini

466 3789 834 3858 voluntarie
881 3808 954 3860 se
993 3791 1366 3859 committit.

534 4057 551 4096 ¹
594 4077 614 4129 ‘.
651 4058 914 4130 Exempto:
952 4057 1115 4107 Paolo
1147 4057 1199 4106 di
1235 4068 1334 4129 suo
1369 4056 1584 4167 p‘ffi'rm
1621 4016 1768 4107 moto
1799 4056 1951 4106 entra
1983 4057 2037 4107 in
2070 4067 2180 4128 una
2214 4054 2374 4117 vigne
2409 4066 2501 4117 per
2530 4052 2746 4105 rubarvi
2782 4051 3055 4113 dell'uva;

470 4120 540 4171 da
572 4118 653 4170 cio
689 4121 862 4170 Pietro
897 4118 1094 4180 pmnde
1126 4128 1405 4170 occasione
1517 4118 1630 4169 tare
1665 4118 1717 4168 lo
1747 4119 1936 4168 stesso.
1969 4120 2203 4169 Antonio
2236 4116 2289 4168 ta
2330 4115 2655 4178 altrettant0‚
2691 4128 2797 4166 non
2830 4111 3063 4165 essendo

471 4193 652 4232 mosso
686 4180 783 4232 che
816 4180 1184 4243 dall’esempio
1217 4180 1269 4231 di
1303 4180 1465 4231 Paolo
1498 4190 1527 4229 e
1562 4180 1612 4230 di
1648 4181 1844 4231 Pietro.
1890 4180 1951 4230 Iu
2007 4182 2196 4244 questo
2228 4189 2354 4230 caso
2388 4178 2554 4229 Paolo
2585 4190 2696 4230 non
2728 4180 2758 4229 e
2788 4176 3057 4239 obbligato
3120 4196 3133 4204 ·

469 4243 517 4293 «li
552 4244 820 4294 restituire
849 4244 946 4293 che
978 4243 1012 4294 tl
1047 4242 1228 4293 valore
1260 4240 1312 4292 di
1348 4243 1550 4305 quanto
1584 4243 1650 4292 ha
1686 4240 1793 4305 egl}
1820 4241 1992 4293 stesso
2024 4242 2250 4294 ruhato:
2287 4240 2337 4292 lo
2370 4240 2540 4293 stesso
2576 4240 2740 4292 dicasi
2774 4239 2827 4289 di
2865 4240 3059 4310 pietro.

470 4306 513 4355 li
542 4306 738 4356 cauivo
781 4306 1018 4369 esempto
1049 4304 1100 4356 di
1136 4305 1299 4357 Paolo
1332 4315 1439 4355 non
1473 4306 1504 4356 e
1537 4317 1630 4366 per
1661 4305 1720 4354 se
1750 4304 1922 4355 stesso
1953 4304 2005 4354 la
2037 4315 2204 4357 causa
2250 4302 2509 4356 efficiente
2543 4303 2628 4355 del
2657 4302 2818 4364 tutto,
2867 4300 3009 4354 ouda
3038 4312 3061 4350 ι

470 4368 574 4417 due
608 4366 724 4417 altri
759 4368 803 4417 si
836 4380 971 4419 sono
1003 4368 1105 4418 resi
1140 4365 1437 4429 colpevoli3
1472 4378 1581 4417 non
1615 4368 1644 4417 e
1677 4367 1774 4417 che
1806 4365 2147 4417 l'occasione.
2167 4365 2446 4419 Crediamo
2474 4365 2570 4416 che
2604 4366 2646 4416 si
2682 4362 2947 4416 dovrebbe
2969 4363 3061 4435 de-

471 4428 645 4479 cidere
676 4429 729 4477 lo
762 4432 949 4490 stesso,
984 4430 1153 4480 anche
1224 4428 1402 4480 nando
1455 4427 1618 4479 Paolo
1653 4427 1921 4489 rumando,
1956 4439 2149 4480 avesse
2184 4431 2346 4480 avuto
2379 4428 2682 4479 intenzione
2713 4427 2766 4477 di
2820 4425 3063 4477 determi-

470 4501 601 4542 nare
637 4491 716 4541 col
750 4503 847 4541 suo
878 4493 1112 4554 esempio
1156 4492 1204 4554 gl
1259 4491 1378 4541 altri
1413 4501 1444 4540 a
1477 4491 1586 4541 fare
1619 4500 1774 4541 come
1806 4490 1898 4542 lut.
1937 4489 1989 4540 Β*
2010 4491 2308 4542 intenzione
2355 4490 2408 4543 di
2443 4489 2626 4551 Paolo,
2662 4487 2864 4540 benetie
2896 4494 2923 4537 r
2980 4494 3063 4539 ro-

468 4553 674 4611 vevole‚
707 4554 936 4603 essendo
1043 4553 1284 4604 renuente
1302 4552 1528 4612 interna,
1553 4563 1662 4605 non
1687 4553 1849 4604 rende
1870 4553 1957 4615 pis
1975 4551 2187 4602 efficace
2206 4553 2243 4604 il
2264 4553 2369 4604 rna!
2395 4553 2631 4616 esemplo
2653 4553 2750 4603 ene
2773 4551 2840 4602 ha
2956 4561 3009 4601 ο.
3034 4571 3056 4593 ι

474 4615 700 4666 musnet.
730 4638 796 4653 --
836 4615 893 4666 V.
931 4617 966 4666 L
989 4616 1162 4676 gnon-l,
1199 4616 1291 4678 Ορ.
1325 4615 1481 4675 Hor„
1515 4615 1548 4664 l.
1585 4627 1647 4676 u,
1683 4626 1737 4664 n.
1767 4616 1859 4675 ⁴³3
1895 4616 1928 4664 l.
1961 4627 2039 4674 m,
2073 4624 2127 4666 n.
2158 4614 2274 4668 537.

533 4678 558 4717 2
598 4677 739 4728 Eccl.
775 4688 842 4728 vi.
874 4701 937 4715 —
973 4679 1030 4727 V.
1065 4678 1297 4740 lagnon-i,
1332 4677 1468 4740 Opus
1499 4677 1655 4738 Mor„
1690 4678 1723 4727 Ι.
1753 4684 1833 4738 m,
1868 4686 1924 4727 n.
1956 4677 2070 4728 56⁴.
