3292 5167
1169 310 1178 320 ·
1227 307 1685 359 memnones
2634 293 2763 365 ¹39

268 407 433 473 m.
478 405 766 471 Omen
808 405 1218 489 quamam
1262 411 1384 475 hac
1426 411 1507 475 de
1550 428 1622 475 re
1664 420 2001 476 notamus:
2667 462 2680 474 .

327 488 373 550 1.
411 486 548 550 Nisi
611 499 866 570 agatur·
902 490 982 553 de
1039 489 1357 571 religiosis
1397 500 1509 556 aut
1553 493 1655 566 iis,
1704 491 1812 571 qui
1877 494 2277 556 contrarium
2342 493 2764 574 privilegium

212 569 508 644 consecuti,
557 570 657 631 uti
698 568 1241 646 Mediolanenses3
1285 570 1385 634 vel
1430 572 1555 636 alia
1620 575 1719 636 usi
1777 573 1909 636 sint
1972 574 2440 636 consuetudine
2484 574 2603 639 200
2650 590 2762 637 an-

208 665 405 719 norum,
446 649 734 727 quilibet
765 651 862 714 uti
905 650 1096 714 debet
1137 651 1466 715 Breviario
1492 652 1774 715 Romano
1819 669 1852 715 a
1901 652 2009 715 Pio
2033 650 2110 726 V,
2143 652 2321 716 Bulla
2363 652 2534 728 Quod
2575 673 2617 719 a
2662 673 2764 718 no·

207 730 274 798 iis
310 728 455 792 1568
490 729 695 808 edito,
729 747 766 795 a
810 729 1138 795 Clemente
1181 731 1339 808 vul,
1382 732 1562 796 Bulla
1611 732 1762 796 Cum
1792 735 1860 796 in
1900 732 2187 795 Ecclesia
2222 734 2377 799 1602
2407 738 2766 814 recognit0‚

205 822 251 876 et
280 812 345 874 ab
383 809 650 873 Urbano
693 810 852 879 Vlll.
894 811 1072 876 Bulla
1117 812 1413 876 Divinam
1457 814 1608 876 1631
1657 823 2044 893 expurgato:
2112 830 2295 876 secus
2341 830 2469 901 non
2518 816 2765 879 faceret

201 895 318 957 saus
343 893 598 953 muneri
633 909 768 955 suo.
805 891 963 955 Huic
1005 893 1334 956 Breviario
1376 896 1589 956 omnia
1636 894 2029 973 exemplaria
2075 893 2466 957 conformari
2501 895 2761 958 debent.

203 1007 252 1020 -
289 972 342 1032 V.
379 971 514 1033 Lib.
563 989 654 1049 ιν,
698 972 995 1052 Αρρεηά.,
1039 973 1365 1052 Responsa
1411 973 1535 1036 RR.
1568 974 2187 1055 Congregationum3
2228 973 2299 1036 V.
2335 975 2765 1039 Breviarium.

320 1052 371 1113 2.
412 1052 554 1114 Non
604 1054 865 1129 mirum,
906 1056 958 1116 si
1004 1054 1304 1117 sacerdos
1346 1055 1621 1134 quilibet
1665 1057 1870 1118 vicem
1915 1054 2256 1117 salutantis
2286 1071 2362 1117 ac
2409 1056 2762 1120 resalutan-

199 1132 259 1195 tis
287 1131 582 1195 Ecclesiae
633 1134 807 1196 solus
849 1135 1104 1214 expleat
1145 1133 1401 1197 dicens:
1445 1135 1768 1212 Dominus,
1821 1132 2159 1209 vobiscum,
2188 1135 2592 1217 subindeque
2639 1154 2764 1201 res·

193 1213 481 1293 pondens:
527 1212 623 1275 Ec
661 1233 803 1277 cum
844 1216 1081 1295 spiritu
1124 1222 1252 1288 tuo,
1300 1233 1523 1279 rursus
1552 1217 1691 1295 eJ'us
1721 1217 1926 1278 vicem
1969 1217 2136 1294 gerit
2184 1227 2250 1278 ut
2295 1227 2473 1279 notat
2536 1237 2586 1280 s.
2661 1217 2764 1281 Pe·

196 1307 301 1357 trus
338 1293 659 1369 flamiam,
702 1294 1018 1374 Opusculo
1062 1296 1163 1357 cui
1211 1295 1455 1372 tituluS‚
1502 1296 1837 1372 Dominus„
1864 1292 2201 1371 vobiscum,
2246 1314 2295 1359 c.
2342 1314 2401 1357 x.
2452 1297 2530 1360 Et
2574 1300 2762 1361 bene-

194 1375 503 1436 dictionem
559 1376 742 1438 solus
786 1384 959 1456 petat
993 1384 1057 1439 et
1100 1376 1370 1450 reddat3
1412 1392 1561 1439 nam
1604 1394 1718 1457 per
1758 1377 2072 1439 unitatem
2103 1376 2253 1438 fidei
2287 1378 2586 1440 sacerdos
2630 1389 2761 1442 tota

191 1454 436 1519 Ecclesia
480 1463 604 1518 est.
654 1456 850 1519 Porro
894 1456 1218 1533 Dominus,
1245 1454 1596 1532 vobiscum,
1644 1458 1882 1520 dicitur
1931 1466 2178 1519 tantum
2223 1473 2256 1519 a
2318 1459 2656 1522 sacerdote
2699 1470 2763 1523 et

193 1536 446 1611 diacono,
490 1544 609 1615 qui
657 1553 787 1599 non
831 1537 962 1599 sint
1023 1537 1252 1615 maJ'ori
1298 1541 1962 1601 excommunicatione
2029 1538 2305 1610 irretiti3
2370 1541 2570 1602 ceteri
2621 1541 2761 1618 eJus

195 1616 560 1679 loco'dicere
611 1616 889 1679 debent:
935 1616 1210 1695 Domine,
1252 1619 1486 1680 exaudi
1526 1620 1874 1682 orationem
1917 1634 2136 1693 meam,
2186 1626 2351 1694 etc.;
2397 1619 2483 1681 ita
2529 1636 2612 1682 ex
2658 1638 2756 1684 re·

195 1707 342 1777 cepta
385 1696 632 1776 ubique
677 1700 1162 1761 consuetudine.
1212 1697 1563 1761 Gavantus.

322 1776 371 1837 3.
413 1776 716 1841 Officium
783 1780 1090 1840 recitetur
1159 1782 1485 1841 currentis
1551 1778 1681 1842 diei
1747 1777 1823 1838 ad
1894 1779 2362 1857 praescriptum·
2394 1778 2762 1843 Kalendarii

195 1859 434 1997 propria}
503 1858 854 1921 Dioecesis:
899 1875 1022 1938 qua
1071 1860 1132 1920 in
1181 1877 1251 1922 re
1296 1875 1328 1921 a
1394 1858 1657 1922 Rituum
1721 1857 2230 1936 Congregatione
2285 1858 2362 1921 23
2410 1861 2557 1939 maji
2608 1860 2765 1925 ¹835

221 1939 296 1999 uit
331 1937 762 2015 postulatum:
821 1963 842 1994 ι
881 1941 974 2000 An
1022 1940 1085 2000 in
1126 1940 1380 2002 casibus
1423 1940 1636 2003 dubiis
1699 1939 2163 2002 adhaerendum
2232 1939 2317 2000 sit
2374 1938 2766 2004 Kalendario

201 2015 464 2078 Dioecesis
511 2019 658 2081 sive
722 2019 926 2097 quoad
974 2019 1261 2083 Officium
1301 2019 1626 2099 publicum
1662 2031 1727 2082 et
1771 2021 2111 2098 privatum,
2179 2020 2315 2080 sive
2366 2022 2570 2098 quoad
2630 2021 2766 2083 Mis·

208 2112 325 2172 sam,
357 2100 489 2160 sive
535 2099 752 2178 quoad
803 2102 1075 2164 vestium
1121 2117 1450 2163 sacrarum
1483 2099 1785 2174 colorem,
1829 2102 2078 2161 etiamsi
2126 2100 2508 2177 quibusdam
2542 2103 2764 2181 proba-

209 2176 356 2238 bilior
397 2179 707 2241 videatur
750 2183 1070 2242 sententia
1107 2179 1495 2243 Kalendario
1532 2182 1819 2259 opposita
1844 2179 1876 2241 ‘i
1905 2189 1969 2242 et
1998 2189 2313 2258 quatenus
2358 2182 2761 2253 affirmative,

209 2272 270 2319 an
305 2257 453 2320 idem
501 2261 860 2323 dicendum
904 2262 983 2323 de
1029 2262 1346 2340 casu'quo
1391 2271 1640 2323 certum
1682 2261 1875 2322 alicui
1908 2259 2238 2322 videretur
2278 2277 2499 2325 errare
2534 2261 2760 2325 Kalen·

207 2337 463 2400 darium?
510 2339 918 2418 Responsum
965 2341 1123 2404 fuit:
1173 2340 1482 2405 standum
1539 2342 1918 2403 Kalendario
1947 2362 1967 2401 .·
2011 2366 2033 2393 ι
2090 2352 2155 2402 et
2200 2343 2450 2417 merito,
2517 2359 2598 2405 ne
2643 2345 2763 2405 sci·

206 2417 324 2482 licet
357 2420 434 2481 ob
475 2422 684 2483 unius
727 2421 1119 2501 alteriusque
1184 2431 1573 2485 senteutiam
1619 2422 1777 2483 ordo
1845 2420 2300 2499 perturbetur3
2368 2423 2591 2501 excipe
2636 2424 2765 2486 nisi

205 2515 347 2561 error
385 2511 559 2564 esset
603 2501 874 2564 evidens
915 2512 1136 2565 contra
1203 2502 1515 2565 Rubricas
1560 2502 1657 2563 vel
1708 2503 2014 2565 Decreta:
2067 2504 2150 2563 ita
2194 2500 2252 2563 S.
2299 2500 2367 2563 R.
2431 2501 2493 2564 C.
2541 2504 2618 2566 27
2663 2521 2767 2567 au·

202 2581 334 2656 gusti
376 2580 558 2656 1836,
600 2582 678 2644 23
723 2581 882 2645 febr.
928 2576 1101 2645 1839.
1149 2582 1218 2645 Si
1259 2583 1340 2644 ka
1380 2584 1588 2662 pineto
1630 2582 2028 2661 fondamento
2070 2601 2111 2645 a
2154 2582 2403 2644 credere
2466 2583 2574 2645 che
2626 2585 2764 2646 dal·

206 2659 331 2722 i'uso
367 2662 461 2723 dei
509 2662 749 2725 Dittici
792 2663 965 2725 sacri
1007 2664 1175 2727 siene
1218 2664 1490 2725 derivati
1553 2664 1721 2725 nella
1771 2663 1995 2725 Chiesa
2034 2664 2245 2740 prima
2309 2663 2332 2724 i
2403 2662 2764 2739 Calendari‚

198 2741 776 2821 pciiMartt'roloyi,
817 2742 1047 2806 noncke
1080 2744 1103 2805 i
1143 2744 1457 2824 Menoloqi
1497 2762 1527 2806 e
1569 2746 1626 2807 le
1667 2743 1981 2823 Leyqende
2022 2745 2122 2805 dei
2160 2741 2346 2805 Santi
2371 2764 2398 2815 ‚·
2443 2743 2766 2807 stanteclze

203 2820 240 2883 il
272 2820 486 2884 Diuico
533 2826 567 2884 e
605 2824 726 2902 pise
782 2825 989 2885 antico
1052 2825 1119 2888 di
1181 2825 1539 2904 quatumque
1613 2824 2008 2900 Calendario‚
2050 2841 2079 2885 e
2145 2825 2194 2886 it
2254 2821 2654 2901 Calendarim
2700 2826 2768 2887 di

205 2902 585 2983 mlsivoqlia
627 2903 1065 2984 Martiroloyic
1098 2905 1277 2985 (sunt
1319 2904 1585 2983 Diptyca
1631 2905 1923 2984 quaedam
1976 2903 2207 2966 tabulae
2252 2920 2395 2982 quae
2445 2909 2510 2966 iu
2552 2904 2762 2969 Eccle-

202 2982 277 3043 sia
316 2984 568 3061 publice
612 2983 1011 3062 legebantur,
1055 2995 1119 3047 et
1162 2987 1422 3048 nomina
1464 2986 1845 3048 Sanctorum
1882 2984 2300 3063 referebant).
2334 2983 2422 3047 lta
2452 2984 2763 3063 Monuni,

209 3059 398 3204 Ταιοοὶξ
435 3064 874 3144 cronologiche
915 3065 1176 3129 criticke
1239 3065 1405 3128 della
1452 3066 1667 3128 Storia
1709 3067 1875 3129 della
1944 3064 2166 3127 Chiesa
2227 3066 2606 3141 universale,
2668 3083 2763 3130 se·

203 3156 313 3205 coo
403 3192 420 3219 ,
469 3154 623 3207 nota
668 3146 729 3207 4.
1065 3202 1068 3215 ,

263 3223 435 3285 195.
478 3223 554 3298 Q.
599 3227 656 3286 1.
701 3223 980 3299 Quinti
1021 3226 1160 3305 quis
1201 3225 1493 3306 Officium
1534 3227 1727 3288 unius
1769 3225 1897 3288 diei
1938 3227 2008 3287 in
2048 3226 2229 3288 aliud
2269 3227 2660 3290 mutaverit?

264 3301 324 3364 R.
360 3303 424 3366 Si
470 3305 966 3368 inadvertenter
1009 3306 1072 3368 id
1119 3307 1272 3383 egit,
1323 3302 1575 3369 nullum
1619 3307 1746 3369 erit
1810 3315 2159 3385 peccatum,
2229 3321 2437 3385 neque
2501 3308 2762 3387 urgebit

206 3380 472 3462 obligatio
519 3385 812 3449 Officium
865 3387 1245 3466 repetendi3
1290 3389 1434 3464 quia
1482 3403 1610 3449 non
1657 3388 2069 3466 praesumitur
2135 3385 2417 3455 Ecclesia
2484 3387 2764 3467 aliquem

207 3462 342 3526 velle
380 3466 474 3527 bis
522 3471 589 3529 in
646 3465 751 3529 die
814 3466 894 3528 ad
958 3466 1084 3529 tale
1130 3484 1292 3531 onus
1354 3467 1685 3545 obligare:
1731 3470 1816 3530 ita
1862 3468 2290 3530 communiter
2334 3473 2480 3530 cum
2552 3468 2765 3548 Croix,

205 3538 389 3615 (louet,
431 3547 739 3623 Concina,
780 3556 941 3622 etc.;
986 3549 1051 3609 in
1086 3546 1193 3610 tali
1241 3549 1439 3627 igitur
1483 3565 1632 3611 casu
1678 3564 1792 3626 pro
1834 3549 2153 3610 axiomate
2189 3546 2466 3611 babetur
2495 3549 2766 3629 vulgare

205 3621 369 3687 illud:
417 3627 701 3707 Officium
738 3643 855 3706 pro
902 3627 1137 3708 Officio.
1182 3628 1359 3701 Quod
1405 3630 1608 3707 magis
1653 3630 1875 3705 currit,
1922 3630 1975 3691 si
2019 3643 2202 3691 causa
2251 3627 2418 3691 adsit
2463 3632 2763 3692 mutatio·

207 3704 304 3780 nis,
336 3721 401 3770 ut
441 3712 512 3785 si*
542 3708 722 3770 dicas
764 3707 1075 3771 lectiones
1117 3708 1198 3770 de
1240 3708 1447 3785 Feria,
1482 3710 1628 3787 quia
1672 3709 2009 3772 Lectiones
2053 3709 2132 3771 de
2176 3706 2411 3772 Sancto
2457 3724 2587 3773 non
2650 3711 2764 3773 ba·

206 3780 307 3846 bes
343 3787 476 3851 Erit
522 3797 737 3851 tamen
782 3787 1280 3864 observandum,
1342 3789 1511 3870 quod
1556 3791 1610 3853 si
1668 3788 1965 3852 Officium
2012 3787 2409 3869 persolutum
2452 3790 2538 3851 sit
2582 3799 2766 3875 nota·

207 3860 387 3930 biliter
426 3869 711 3943 brevius,
755 3885 812 3933 v.
856 3887 915 3948 g.
960 3871 1012 3931 si
1053 3868 1341 3933 Officium
1385 3867 1599 3933 Sancti
1692 3887 1763 3932 ro
1808 3869 2037 3933 Officio
2079 3870 2431 3932 Dominicae
2475 3870 2558 3931 sit
2602 3871 2763 3931 reci·

209 3951 395 4022 tatum,
442 3950 556 4012 fiat
597 3949 811 4028 aliqua
868 3952 1328 4030 compensatio,
1390 3886 1720 4015 recitango
1778 3966 2010 4014 novem
2076 3947 2354 4013 Psalmos
2415 3964 2495 4010 ex
2552 3951 2765 4028 primo

208 4021 522 4104 θυσίαι-πω
568 4029 633 4091 id
677 4030 890 4092 eidem
934 4031 1181 4094 rationi·
1209 4040 1712 4095 consentaneum
1756 4038 1874 4094 est.

247 4104 322 4194 ‘Si
359 4112 625 4174 mutatio
665 4112 751 4174 sit
786 4110 948 4174 facta
993 4111 1404 4175 advertenter
1448 4121 1514 4174 et
1555 4113 1698 4174 sine
1742 4127 1950 4186 causa,
1985 4118 2051 4172 et
2080 4108 2377 4173 Officium
2430 4111 2761 4174 currentis

213 4181 312 4251 diei
347 4200 627 4253 mutatur
671 4193 740 4253 in
786 4190 959 4255 aliud
1005 4192 1377 4255 notabiliter
1419 4191 1700 4268 brevius,
1743 4192 1870 4254 erit
1914 4189 2208 4264 mortale,
2237 4269 2247 4280 ·
2275 4189 2421 4267 quia
2469 4204 2595 4279 non
2644 4192 2759 4253 im-

213 4263 460 4341 piaretur
504 4280 895 4350 praeceptum
942 4289 1148 4353 neque
1193 4274 1258 4335 in
1304 4289 1416 4336 sua
1462 4273 1686 4349 forma,
1730 4288 1937 4352 neque
1974 4273 2042 4333 in
2087 4269 2539 4349 aequivalentl:
2586 4272 2762 4335 unde

215 4345 386 4413 adhuc
413 4361 678 4431 urgeret
719 4352 1025 4432 obligatio
1068 4353 1290 4418 Officii.
1335 4353 1497 4416 Hinc
1527 4352 1890 4416 Alexander
1921 4350 2031 4417 vll
2068 4350 2399 4412 damnavit
2441 4349 2608 4414 banc
2640 4353 2759 4416 sub

217 4439 264 4488 n.
294 4428 361 4493 34
399 4434 945 4511 propositionem:
989 4433 1064 4497 In
1104 4434 1204 4498 die
1247 4435 1617 4497 Palmarum
1658 4433 1939 4495 recitans
1990 4428 2285 4523 Officium
2310 4429 2619 4495 Paschale
2661 4449 2763 4496 ca-

219 4507 420 4586 titsacit
453 4521 782 4594 praecepto.
817 4512 992 4586 Quod
1036 4517 1088 4578 si
1138 4524 1422 4578 mutetur
1465 4513 1884 4576 advertenter
1917 4520 1984 4575 et
2025 4522 2169 4575 sine
2211 4527 2399 4575 causa
2464 4511 2529 4574 in
2579 4511 2759 4576 aliud

220 4581 380 4653 ieme
416 4592 688 4673 aequale,
743 4595 932 4673 quale
975 4604 1303 4675 peccatum
1369 4595 1471 4669 sit,
1513 4594 1696 4656 adest
1761 4594 1912 4655 binc
1977 4590 2128 4655 inde
2184 4593 2341 4654 satis
2408 4592 2769 4671 probabilis

221 4676 530 4749 sententia
573 4676 821 4754 aequius
866 4684 1077 4738 tamen
1120 4675 1377 4739 videtur
1420 4672 1766 4737 dicendum
1812 4689 1955 4737 cum
1998 4671 2202 4749 Elbel‚
2245 4671 2572 4747 Roncalia,
2606 4671 2764 4751 Spo-

223 4759 319 4835 ξεν,
351 4751 490 4817 Viva
538 4753 836 4833 aliisque,
875 4772 1013 4819 esse
1059 4755 1362 4832 mortale3
1406 4753 1699 4832 mortale,
1754 4755 1805 4816 si
1850 4755 2120 4817 mutatio
2172 4754 2254 4815 sit
2298 4751 2628 4831 frequens,
2700 4760 2766 4821 et

226 4825 333 4892 ideo
370 4851 483 4897 nou
529 4837 873 4911 satisfieri;
918 4837 1171 4900 veniale
1216 4854 1388 4913 vero,
1427 4839 1479 4898 si
1540 4838 1809 4899 mutatio
1854 4835 1966 4898 ssat
2009 4851 2176 4908 raro,
2230 4845 2327 4895 ter
2373 4832 2471 4895 vel
2535 4839 2773 4909 quaten
