3292 5167
470 156 603 222 200
1161 174 1277 221 ue.
1327 174 1390 221 u.
1441 176 1662 223 macr.
1714 174 1791 223 vl.
1839 173 1976 223 nist>
2024 173 2065 222 1.
2114 177 2245 223 cst».
2296 175 2337 222 1.

466 279 534 345 in
585 294 703 346 sua
751 276 958 363 prima
1015 276 1361 363 Encyclica
1434 280 1557 362 Qui
1618 279 1927 365 pluribus,
2002 276 2614 347 Communistarum
2686 276 3068 347 doctrinam

466 383 807 452 declarans
838 383 1169 469 infandam
1213 403 1290 451 ac
1332 385 1431 451 vel
1472 383 1596 471 ipsi
1661 386 1949 453 naturali
2000 386 2147 453 Juri
2211 384 2491 452 mxime
2557 383 2907 455 adversam.
2980 385 3076 452 Et

446 488 734 570 ‚merito;
780 488 1149 557 dominium
1198 490 1373 558 enim
1422 507 1545 559 seu
1586 491 1699 577 Jus
1749 490 2177 578 proprietatis
2227 490 2292 557 in
2343 507 2453 559 eas
2502 507 2631 574 reS,
2673 507 2869 585 quam
2903 490 3072 577 quis

466 596 758 683 legitime
804 598 1008 666 semel
1059 598 1495 684 apprehendit
1542 616 1618 668 ac
1662 599 1960 688 possidet
2007 599 2102 668 uti
2176 615 2373 681 suae,
2437 604 2504 667 et
2579 597 2648 666 in
2718 597 3079 685 Scriptura

465 713 531 774 et
578 704 643 773 in
694 711 925 774 natura
974 706 1114 793 ipsa
1162 705 1493 776 fundatur.

552 816 749 885 Prob.
801 815 862 882 1⁸
912 833 1097 901 pars:
1120 817 1232 902 jus
1268 817 1677 904 proprietatis
1707 817 1777 884 in
1810 818 2135 904 Scriptura
2177 813 2507 901 fundatur.
2540 814 2656 886 Vel
2694 814 2817 902 ipsi
2862 813 3081 900 primi

464 920 690 992 mundi
742 921 1148 992 habitatores
1198 922 1475 1008 (Adamo
1524 930 1591 994 et
1640 927 1814 993 Heva
1863 942 1898 992 e
1939 922 2244 1010 paradiso
2318 939 2436 1008 per
2505 929 2849 1009 peccatum
2922 920 3076 1007 eje·

465 1030 618 1117 ctis)
667 1030 1066 1100 exhibentur
1111 1031 1305 1101 nobis
1352 1050 1388 1099 a
1437 1035 1665 1118 Moyse
1712 1031 2009 1101 dominio
2058 1049 2175 1101 seu
2219 1031 2370 1119 jure
2419 1029 2847 1117 proprietatis
2899 1026 3086 1114 legi-

467 1137 627 1206 time
676 1137 960 1225 praediti,
1012 1138 1172 1224 quin
1221 1138 1370 1208 ideo
1419 1139 1609 1209 amici
1660 1138 1781 1208 Dei
1831 1157 1981 1209 esse
2028 1138 2367 1208 desierint.
2428 1137 2538 1207 Sic
2604 1137 2766 1207 Abel
2839 1136 3064 1205 factus

458 1255 678 1331 pastor
721 1245 930 1311 ovium
976 1252 1042 1315 et
1091 1245 1247 1313 Cain
1312 1247 1600 1333 ayt-{cota
1646 1249 1695 1330 ¹,
1748 1253 2028 1333 uterque
2075 1246 2330 1314 fructus
2379 1264 2417 1313 e
2488 1244 2760 1331 proprio
2832 1243 3082 1313 labore

460 1350 930 1438 provenientes
977 1350 1259 1422 faciebat
1297 1371 1481 1436 su03,
1532 1360 1601 1423 et
1648 1354 1732 1423 de
1780 1354 2156 1424 substantia
2205 1353 2471 1440 propria
2532 1350 2850 1421 offerebat
2914 1369 3077 1419 mu·-

458 1477 616 1526 nera
661 1460 929 1527 Domino
969 1459 1153 1545 Juxta
1205 1460 1401 1529 illud:
1449 1463 1694 1529 honora
1737 1463 2077 1532 Dominum
2122 1462 2196 1528 de
2240 1472 2351 1528 tua
2395 1461 2746 1528 substantia
2816 1462 2871 1526 ².
2937 1459 3080 1525 Lot

458 1571 529 1636 et
573 1565 903 1635 Abrabam
953 1566 1282 1637 habebant
1327 1588 1545 1656 yreqes
1579 1570 1792 1636 ovium
1839 1580 1896 1636 et
1940 1579 2226 1635 armenta
2270 1579 2326 1634 et
2372 1566 2776 1635 tabernacula
2823 1564 3088 1650 utique

460 1673 753 1761 propria.
800 1674 942 1742 Imo
987 1694 1100 1742 nec
1149 1687 1395 1762 poterat
1438 1696 1541 1743 eos
1585 1696 1806 1764 capere
1867 1688 2059 1758 terra,
2106 1688 2175 1744 ut
2221 1675 2574 1764 habitarent
2628 1673 2860 1753 simul;
2927 1682 3086 1739 erat

460 1782 687 1869 quippe
729 1781 1083 1849 substmttia
1124 1801 1339 1850 eorum
1368 1785 1573 1851 multa
1620 1784 1686 1850 ³:
1737 1801 1817 1853 ex
1866 1802 2001 1871 quo
2050 1782 2131 1850 ad
2173 1781 2389 1869 jurgia
2425 1778 2852 1868 praecavenda
2893 1778 3082 1847 facta

462 1893 565 1957 est
612 1887 786 1954 inter
830 1904 946 1955 eos
994 1888 1323 1956 bonorum
1356 1888 1611 1974 divisi0,
1650 1907 1847 1976 quam
1889 1889 2210 1960 Dominus
2246 1890 2388 1977 ipse
2423 1887 2829 1975 approbavit.
2889 1885 3080 1968 Quid

466 1994 683 2065 ultra?
729 1995 876 2063 libri
927 2013 1160 2065 omnes
1207 1993 1447 2067 veteris
1497 2005 1563 2067 et
1610 1999 1760 2067 novi
1811 1998 2219 2069 Testamenti
2267 1996 2604 2067 abundant
2639 1995 2899 2082 legibus
2939 2010 3088 2080 pro

466 2104 883 2190 singulorum
931 2105 1454 2190 proprietatibus
1502 2106 1832 2193 regendis,
1883 2125 2004 2193 pro
2053 2105 2301 2175 tuendo
2349 2105 2720 2190 unicuique
2745 2102 2901 2190 jure
2934 2118 3085 2170 suo

466 2211 531 2278 in
597 2210 935 2294 societate,
1008 2229 1129 2298 pro
1201 2212 1556 2283 avertendo
1629 2234 1665 2282 a
1734 2214 2219 2300 cujuscumque
2288 2209 2681 2281 substantiis
2757 2207 3075 2295 quolibet

464 2316 727 2385 damno.
776 2319 920 2387 Uno
971 2319 1170 2387 verbo
1218 2323 1285 2387 in
1337 2328 1624 2408 utroque
1676 2325 2102 2391 Testamento
2178 2319 2420 2406 legitur
2493 2321 2908 2404 praeceptum
2977 2313 3082 2382 de

465 2421 641 2490 furto
691 2440 821 2491 non
872 2423 1225 2510 patrando:
1272 2446 1401 2493 non
1441 2429 1794 2514 tumber-ic,-
1860 2426 1982 2495 sed
2059 2423 2395 2511 quomodo
2445 2423 2572 2491 boc
2647 2426 3082 2508 praeceptum

464 2528 564 2598 vel
614 2530 871 2616 concipi
921 2539 1142 2602 mente
1190 2535 1436 2621 poterit
1483 2535 1627 2605 sine
1668 2536 1820 2621 iure
1869 2533 2338 2621 proprietatis?

555 2638 750 2706 Prob.
800 2639 865 2705 2⁸
915 2656 1100 2725 pars:
1138 2642 1251 2728 jus
1288 2643 1693 2729 proprietatis
1738 2644 1806 2710 in
1852 2645 1992 2729 ipsa
2035 2654 2272 2709 natura
2307 2638 2651 2725 fundatum
2684 2635 2840 2703 tolle
2883 2633 3080 2702 enim

468 2744 533 2812 in
583 2751 758 2813 statu
808 2721 1061 2815 naturae
1111 2746 1314 2834 lapsae
1358 2748 1469 2835 jus
1518 2749 1968 2835 proprietatiS,
2018 2754 2084 2816 et
2134 2746 2381 2815 nullam
2430 2743 2714 2829 amplius
2777 2740 3086 2811 societa-

469 2858 601 2921 tem
652 2853 945 2937 habebis,
996 2861 1063 2923 et
1110 2855 1411 2926 homines
1460 2857 1833 2944 conspicies
1883 2856 2241 2943 perductos
2289 2852 2370 2921 ad
2419 2853 2769 2923 brutorum
2820 2850 3078 2918 condi-

469 2959 755 3042 tionem;
800 2962 928 3029 huc
977 2961 1134 3033 illuc
1182 2964 1250 3032 in
1297 2963 1496 3051 sylvis
1544 2973 1842 3034 errantes
1890 2966 2101 3033 instar
2145 2963 2479 3049 luporum,
2515 2960 2745 3046 quales
2781 2957 3092 3027 barbare

469 3066 536 3133 in
586 3065 841 3136 deliciis
889 3068 1120 3138 babuit
1169 3088 1284 3139 eos
1334 3073 1768 3158 contemplari
1819 3070 2206 3160 genevensis
2278 3067 2727 3154 Philosophus
2799 3065 2862 3131 in
2939 3083 3088 3133 suo

468 3175 656 3240 Pecto
701 3174 922 3242 sociali
968 3176 1017 3244 ⁴.
1068 3178 1345 3248 Sublato
1396 3180 1823 3266 proprietatis
1865 3180 2037 3267 jure,
2087 3177 2236 3265 quis
2286 3174 2571 3261 amplius
2619 3172 3094 3256 commerciiS,

472 3279 621 3364 quis
669 3280 1020 3350 domorum
1071 3284 1391 3369 aedificiis,
1442 3286 1592 3373 quis
1641 3287 2089 3368 scientiarum,
2123 3286 2297 3376 ‚quis
2343 3282 2603 3364 artium,
2641 3280 2802 3367 quis
2841 3277 3090 3354 litera-

472 3403 622 3453 rum
671 3388 929 3472 studiIS,
980 3393 1129 3477 quis
1179 3410 1487 3477 agrorum
1538 3395 1819 3463 culturae
1871 3398 2135 3462 navaret
2185 3407 2480 3476 operam,
2521 3389 2575 3456 si
2609 3387 2864 3455 fructus
2913 3386 3084 3456 inde

474 3494 834 3580 profecturi
888 3516 1015 3565 non
1066 3501 1188 3567 sibi
1242 3520 1363 3570 nec
1410 3503 1577 3582 suiS,
1621 3503 1739 3571 sed
1788 3503 2097 3573 omnibus
2133 3496 2727 3577 indiscriminatim,
2768 3496 3080 3564 externis

472 3602 673 3670 etiam
724 3611 788 3672 et
836 3605 1227 3692 incognitis,
1279 3609 1410 3677 imo
1461 3618 1525 3678 et
1574 3611 1809 3680 otiosis
1881 3609 2202 3697 prodesse
2263 3605 2628 3675 deberent?
2694 3603 2759 3671 Si
2820 3603 3081 3690 passim

474 3710 752 3780 homines
794 3713 913 3780 sibi
958 3715 1221 3782 invicem
1250 3711 1640 3803 furarentur,
1661 3719 1906 3821 periret
1935 3720 2212 3785 humana
2244 3715 2520 3795 societas,
2543 3709 2637 3784 ,ad
2672 3727 2810 3778 rem
2845 3709 3082 3797 Ange=

473 3817 643 3889 licus
691 3814 740 3889 ὅ.
788 3821 957 3891 Hinc
1002 3823 1240 3891 merito
1289 3825 1626 3894 concludit
1670 3827 1825 3895 Pius
1875 3827 1981 3908 IX,
2029 3823 2210 3911 quod
2254 3822 2441 3890 semel
2474 3818 2751 3886 adntissa
2781 3817 3088 3887 doctrina
3203 3835 3212 3845 ·

478 3925 1143 4014 (Communistarum)
1190 3934 1402 3999 omnia
1437 3934 1614 4018 jura,
1661 3951 1781 4015 res,
1838 3933 2248 4020 proprietates
2305 3948 2382 3996 ac
2440 3928 2536 3995 vel
2587 3927 2727 4013 ipsu
2787 3926 3084 3993 humana

476 4034 735 4100 societas
776 4034 1062 4120 funditus
1118 4049 1552 4107 everterentur.
1615 4039 1788 4107 Sane
1836 4039 1891 4108 si
1963 4055 2331 4108 consensus
2400 4032 2698 4103 omnium
2769 4031 3088 4117 gentium

542 4240 566 4282 ¹
602 4243 791 4296 Genea.
824 4258 897 4297 iv.
1518 4250 1545 4293 ²
1575 4253 1734 4304 prov,
1768 4263 1849 4313 m.
2470 4247 2493 4286 ⁸
2527 4247 2656 4300 Gen.
2687 4258 2803 4298 xm.

549 4302 573 4345 ⁴
611 4305 663 4357 Υ.
695 4307 1006 4372 numerent,
1044 4311 1302 4363 L’Emilio
1330 4312 1729 4378 assmaannatoe
1760 4340 1821 4353 -
1854 4314 2096 4377 Bouvier,
2119 4313 2286 4365 Instit.
2305 4311 2510 4374 phitom,
2548 4311 2609 4360 de
2648 4306 3084 4369 societpotittea.

546 4366 571 4407 ὃ
604 4371 652 4443 ².»
686 4372 734 4431 2,
770 4383 822 4435 q.
854 4374 935 4432 66,
968 4384 1017 4424 a.
1054 4376 1103 4426 θ.
1145 4401 1211 4413 -
1249 4375 1304 4425 V.
1340 4375 1585 4439 Salzano,
1619 4379 1870 4430 Elementa·
1902 4379 1955 4429 di
1984 4381 2149 4429 storia
2179 4377 2371 4434 antica,
2404 4372 2497 4425 lib.
2532 4384 2587 4435 n,
2624 4370 2844 4433 digress.
2869 4370 2964 4419 sut
2989 4369 3086 4441 Go-

480 4440 777 4506 mcmwmm·
806 4457 867 4470 —
905 4435 1184 4499 Lat-Motu,
1220 4438 1399 4502 sapato
1430 4440 1638 4491 intorno
1671 4441 1725 4492 al
1760 4441 2054 4492 socialismo
2086 4454 2114 4491 e
2143 4441 2244 4489 aue
2274 4439 2500 4490 dottrine
2530 4447 2558 4483 e
2590 4435 2828 4483 tendenze
2849 4433 3080 4483 sociata·

480 4493 684 4554 atich&
713 4519 778 4569 '·.·
811 4497 1091 4568 Taparelli,
1127 4501 1308 4562 Sayoio
1341 4505 1578 4554 teoretico
1609 4503 1663 4553 di
1694 4503 1873 4555 diritto
1906 4505 2148 4555 naturale
2178 4503 2479 4565 appoqytato
2504 4498 2586 4547 sul
2606 4497 2756 4562 fatto,
2787 4505 2907 4554 v.1,
2931 4505 2990 4557 p.
3014 4499 3076 4544 3:

483 4555 633 4607 Deua
659 4561 886 4618 societ&
916 4582 980 4597 —-
1011 4563 1227 4613 Donoso
1258 4564 1460 4625 Comes,
1495 4567 1673 4628 sagmio
1704 4567 1785 4615 sut
1820 4569 2179 4625 cattotictsmo,
2214 4565 2508 4616 soctattsmo
2529 4573 2554 4610 e
2574 4559 2928 4619 Liberali-emo,
2958 4567 3084 4607 ecc.

518 4620 582 4670 Et
609 4618 832 4671 dicenda
864 4620 979 4672 Lib.
1014 4634 1085 4686 iv,
1119 4627 1343 4688 append.
1377 4629 1457 4687 25,
1491 4626 1581 4678 ubi
1615 4629 1865 4691 plurima.
