3292 5167
1234 200 1690 280 Anno'rarionsss
2224 194 2228 198 ’
2628 208 2757 278 755

165 334 295 398 dite
338 335 608 408 intrare,
650 339 835 396 arcta
870 334 973 398 via
1014 340 1155 403 σεες
1203 349 1351 398 nam
1393 317 1558 398 u'nus
1645 342 1745 396 ost
1786 333 1986 398 alium
2031 349 2256 398 omnes
2287 340 2351 396 et
2396 348 2507 411 per
2552 347 2756 410 angu-

166 422 326 478 stam
377 415 546 476 viam
585 415 828 476 intrare
877 424 1141 493 possunt
1184 414 1489 478 domum:
1550 440 1571 471 ι
1654 413 1760 479 all'
1785 431 1998 480 essere
2055 412 2114 477 la
2159 415 2258 477 via
2304 422 2528 475 stretta
2561 459 2577 489 ,
2624 427 2756 474 non

167 511 250 557 ne
294 495 439 556 vien
488 492 552 555 di
599 508 1040 573 conseguenza
1085 494 1204 557 che
1251 496 1309 557 vi
1360 498 1524 575 passi
1574 495 1617 556 il
1665 494 1889 574 picciol
1937 510 2225 558 numero.
2259 492 2343 556 Le
2384 491 2754 571 Termopoli

166 590 294 638 non
340 589 539 638 erano
577 575 696 635 che
740 591 826 651 un
872 575 1155 638 sentiero
1202 584 1487 651 tortuoso
1524 575 1602 639 ed
1651 592 1833 655 aspro
1869 573 2038 637 nelle
2082 583 2468 655 montagne3
2513 590 2548 636 e
2595 589 2753 635 non-

168 653 430 716 dimeno
474 653 535 716 lo
581 656 960 718 sterminato
1010 653 1286 720 esercito
1330 657 1393 718 di
1440 657 1626 719 Ser-se
1676 656 1733 718 le
1771 655 2028 733 yalico:
2089 679 2110 709 ι
2147 653 2529 717 Lacordaire
2575 653 2752 716 intra

163 734 483 798 citandus.
539 734 677 796 Non
724 734 791 812 3)
840 734 1039 797 illud:
1083 753 1287 798 omnes
1353 738 1595 816 quidem
1636 736 1941 813 currant,
1982 734 2086 821 sed
2127 751 2290 797 unus
2334 735 2567 814 accipit
2610 733 2753 799 bra·

162 820 397 886 vium?
433 814 730 878 audiatur
773 833 821 878 s.
867 815 1244 880 Anselmus:
1294 815 1578 886 Curru-nt
1636 816 1910 891 ethnici,
1950 814 2271 889 ltoeretici,
2319 813 2612 894 reprobi,
2654 822 2758 883 sed

162 912 327 957 unus
370 894 869 960 christianorum
899 902 960 974 ee
1002 896 1338 960 electorum
1378 897 1641 979 populus
1673 898 1910 975 accipit
1952 891 2262 958 bravium.
2299 894 2462 973 Ergo
2493 897 2545 958 si
2591 896 2754 978 Apo·

162 974 365 1037 stolus
405 975 864 1054 intelligendus
909 986 1005 1038 est
1049 971 1128 1039 de
1175 985 1303 1040 toto
1349 980 1850 1040 christianorum
1897 973 2171 1056 populo,
2221 975 2359 1054 ejus
2406 974 2593 1038 verba
2644 996 2749 1060 po·

166 1058 289 1117 tius
336 1055 524 1118 nobis
570 1054 807 1130 favent,
854 1073 1043 1137 quam
1088 1057 1323 1121 obsint.
1367 1059 1443 1121 Et
1480 1071 1671 1133 sane,
1714 1059 1765 1119 si
1807 1058 2215 1134 ‚acciperetur
2251 1055 2612 1119 -literaliter
2659 1061 2740 1123 de

163 1151 291 1199 una
342 1144 588 1207 tantum
635 1153 929 1216 persona,
959 1137 1500 1215 concludendum,
1540 1139 1742 1202 solam
1789 1137 2043 1200 Beatam
2089 1135 2420 1218 Virginem
2465 1154 2606 1199 esse
2635 1140 2753 1202 sal-

159 1232 349 1278 vam:
399 1225 550 1280 tunc
595 1219 890 1281 irrisorie
935 1218 1272 1298 Apostolus
1318 1235 1538 1281 omnes
1573 1220 1653 1283 ad
1699 1234 1957 1282 cursum
2004 1216 2463 1296 capessendum
2512 1217 2753 1283 ibidem

161 1297 511 1360 excitasset
553 1298 816 1361 dicens:
862 1298 956 1360 sic
999 1300 1262 1374 currite,
1303 1307 1380 1361 ut
1417 1297 1972 1379 comprehendatis.

243 1375 326 1439 Ut
374 1385 585 1440 tamen
630 1389 833 1442 status
877 1378 1249 1457 quaestionis
1298 1379 1549 1458 plenius
1596 1380 2052 1459 dignoscatur,
2095 1386 2369 1460 quatuor
2413 1379 2754 1457 praecipuae

162 1457 552 1536 hypotheses
579 1459 1120 1521 hic-conticiendae
1148 1468 1330 1521 sunt:
1354 1492 1432 1504 -
1459 1459 1520 1539 1)
1546 1464 1596 1523 si
1635 1462 1905 1541 quaestio
1933 1468 2029 1521 est
2052 1457 2130 1521 de
2156 1457 2452 1520 omnibus
2490 1462 2753 1523 omnino

162 1538 554 1614 hominibuS,
599 1539 705 1618 qui
751 1547 922 1616 sunt,
966 1537 1229 1608 fuerunt
1274 1555 1347 1603 ac
1386 1539 1584 1605 futuri
1630 1541 1803 1616 sunt,
1841 1549 1937 1602 est
1980 1550 2247 1615 certum,
2292 1536 2491 1601 multo
2538 1540 2755 1617 plures

158 1617 389 1679 damna
405 1623 481 1693 ri3
514 1621 1026 1699 quotenimsunt
1046 1620 1312 1694 ethnici,
1335 1621 1548 1700 judaei,
1573 1618 2674 1692 mahumetani,haeretici‚indlffere
2733 1655 2752 1667 ·

161 1699 349 1766 tistae‚
377 1701 1070 1778 theistae,peccatoresl
1104 1698 1236 1772 Quo
1262 1717 1455 1764 sensu
1503 1703 1808 1765 habemus
1837 1699 1991 1762 illud
2025 1698 2258 1762 Christi
2290 1638 2751 1781 (Matth.xv‚13:

155 1784 342 1839 arcta
386 1780 494 1841 via
538 1788 671 1855 est,
715 1797 848 1859 quoe
889 1780 1071 1842 discit
1109 1781 1193 1842 ad
1232 1781 1474 1859 vitam,
1515 1792 1572 1845 et
1614 1784 1806 1862 pauci
1856 1788 2008 1843 sunt
2049 1781 2159 1859 qui
2201 1780 2533 1844 inveniunt
2572 1798 2748 1855 eam;

154 1857 242 1939 2)
287 1859 341 1920 si
389 1876 602 1922 sermo
654 1873 749 1922 est
793 1860 872 1923 de
917 1860 1215 1923 omnibus
1259 1863 1633 1926 christianis
1680 1865 1815 1927 sive
1861 1863 2156 1924 catholici
2215 1865 2344 1923 sint
2385 1861 2522 1922 sive
2570 1863 2697 1923 non
2730 1911 2747 1938 ,

155 1946 218 2000 et
264 1946 392 2000 tam
443 1933 681 2002 adultis
725 1957 912 2020 quam
961 1943 1203 2019 pueris,
1246 1943 1343 2004 vel
1390 1945 1583 2007 etiarn
1629 1943 1897 2017 desolis
1942 1941 2299 2017 catholicis,
2343 1942 2575 2004 iterum
2626 1951 2750 2004 tam

154 2017 398 2081 adultis
448 2037 639 2101 quam
684 2022 928 2099 pueris:
976 2022 1234 2084 videtur
1272 2033 1442 2086 certa
1490 2025 1807 2088 sententia
1857 2039 1998 2103 quae
2044 2021 2227 2084 docet
2290 2019 2491 2084 multo
2534 2021 2749 2099 plures

156 2098 435 2173 salvari3
484 2117 627 2162 nam
674 2102 1078 2180 exploratum
1125 2115 1240 2176 est,
1284 2103 1534 2167 adultos
1578 2114 1641 2166 et
1688 2104 1967 2167 infantes
2013 2118 2282 2165 numero
2328 2100 2463 2164 fere
2511 2102 2745 2180 aequali

154 2195 189 2241 e
212 2181 344 2242 vita
371 2180 712 2256 decedere.
747 2181 928 2244 Unde
963 2180 1317 2246 infantibus
1349 2185 1707 2264 baptizatis,
1748 2186 1852 2265 qui
1901 2182 2251 2258 salvantur,
2282 2192 2432 2243 sunt
2461 2181 2745 2258 addendi

151 2259 351 2323 adulti
379 2265 496 2341 qui
536 2262 602 2324 in
643 2262 892 2341 J'ustitia
946 2262 1344 2337 moriuntur;
1369 2298 1441 2308 -—
1467 2265 1532 2342 3)
1576 2266 1630 2327 si
1663 2265 1972 2345 quaeritur
2005 2262 2083 2324 de
2114 2262 2287 2324 solis.
2310 2261 2548 2324 adultis
2580 2263 2748 2325 chri·

138 2341 385 2404 ’stianis
442 2343 596 2404 sive·
620 2342 956 2405 catholicis
1000 2343 1135 2404 sive
1180 2343 1568 2421 acatholicis,
1613 2345 1838 2409 dicunt
1883 2341 2273 2423 probabilius
2320 2339 2537 2421 plures
2575 2358 2743 2418 esse,

150 2417 256 2500 qui
290 2422 737 2498 damnantur;
768 2438 913 2484 nam
964 2424 1304 2501 baereticis,
1338 2429 1643 2502 apostatis
1673 2442 1745 2488 ac
1785 2425 2226 2498 schismaticis,
2254 2423 2402 2487 mali
2448 2423 2748 2487 catholici
2861 2431 2867 2440 ·

148 2502 909 2583 adjugendisunt3—4)
940 2503 1191 2567 taudem
1219 2505 1272 2566 si
1303 2507 1569 2582 quaestio
1615 2516 1716 2569 est
1758 2506 1836 2569 de
1910 2505 2063 2567 solis
2101 2504 2335 2567 adultis
2373 2503 2751 2582 catholicis,

151 2581 293 2645 duae
339 2585 718 2646 sententiaa.
765 2583 970 2646 Prima
1017 2583 1202 2648 docet
1243 2601 1322 2646 ex
1365 2585 1599 2649 adultis
1645 2587 1976 2650 catholicis
1999 2584 2214 2664 plures
2258 2584 2572 2659 damnari,
2601 2600 2749 2648 nam

146 2663 330 2743 pauci
380 2674 654 2726 servant
692 2674 819 2727 tota
851 2665 981 2726 vita
1031 2667 1489 2741 innocentiam,
1516 2670 1824 2747 paucique
1863 2673 2004 2745 post
2047 2667 2374 2746 peccalum
2419 2674 2619 2742 agunt
2647 2666 2739 2727 di·

146 2760 338 2822 gnam
390 2746 877 2822 poenitentiam
920 2761 1069 2824 quae
1103 2755 1315 2809 autem
1362 2749 1434 2810 fit
1471 2750 1534 2810 in
1581 2753 1794 2812 morte·
1829 2746 2170 2810 admodum
2217 2745 2404 2808 dubia
2452 2755 2590 2807 est:
2638 2762 2750 2823 pro

148 2825 267 2888 hac
310 2828 643 2888 sententia
692 2841 819 2888 nou
868 2826 1185 2889 immerito
1231 2828 1510 2894 citantur
1553 2827 1901 2907 Gregorius
1945 2826 2057 2902 Μ.,
2101 2828 2515 2906 Augustinus,
2560 2825 2753 2906 Chry·

147 2914 386 2970 sostom
408 2922 503 2982 uS,
537 2913 654 2969 etc.
699 2904 820 2969 Sed
854 2905 999 2968 aliis
1045 2906 1245 2985 magis
1288 2908 1536 2972 arridet
1578 2911 1908 2973 sententia
1956 2911 2177 2971 eximii
2223 2906 2480 2978 Suamz,
2509 2908 2616 2986 qui
2656 2915 2748 2970 te·

152 2996 267 3048 net
309 2985 520 3049 multo
566 2991 782 3066 plures
828 2986 1270 3049 salvari2⁴hoc
1313 2990 1547 3069 quippe
1594 2989 1704 3052 Dei
1753 2989 2156 3064 clementiae,
2200 2985 2436 3049 Christi
2491 2988 2747 3047 merito·

154 3082 322 3143 rum,
368 3070 595 3129 virtuti
641 3083 714 3128 ac
755 3065 1315 3130 sacramentorum
1365 3070 1722 3133 efficacitati
1771 3067 2295 3132 consentaneum
2325 3076 2439 3128 est.
2473 3064 2551 3127 Et
2596 3082 2746 3127 con·

153 3149 332 3226 gruit
377 3148 581 3225 magis
627 3147 838 3211 verbis
881 3148 1113 3225 Apocal
1162 3135 1290 3227 psis
1334 3145 1439 3225 (c.
1484 3152 1671 3230 v11):
1715 3150 1848 3214 vidi
1891 3148 2145 3213 turbam
2186 3163 2515 3228 maynam,
2561 3163 2750 3224 quam

152 3228 561 3291 dinumerare
602 3245 774 3291 nemo
808 3237 1082 3308 poterat.
1183 3237 1205 3290 t
1251 3227 1402 3292 licet
1444 3233 1650 3310 major
1696 3247 1841 3309 pars
1884 3229 2249 3293 adultorum
2306 3228 2538 3305 saepius
2583 3242 2749 3288 mor-

157 3308 376 3372 taliter
422 3318 685 3387 peccet,
730 3319 940 3372 tamen
984 3311 1219 3386 saepius
1266 3313 1580 3389 resurgit3
1616 3323 1682 3375 et
1719 3329 1784 3373 in
1833 3313 1960 3373 fine
2004 3311 2154 3376 vitoe
2201 3308 2379 3387 pauci
2425 3314 2596 3381 sunt,
2640 3308 2746 3386 qui

152 3404 271 3469 per
315 3389 725 3452 Sacramenta
774 3404 901 3450 non
972 3399 1420 3467 praeparentur
1463 3393 1539 3454 ad
1589 3405 1882 3453 mortem.
1925 3425 2003 3435 -—
2046 3389 2118 3451 V.
2156 3387 2492 3467 Scriptura
2561 3402 2753 3449 sacra

150 3475 384 3533 contra
428 3467 780 3531 incredulos
811 3477 1233 3548 propuqnata,
1263 3485 1393 3548 par.
1425 3488 1511 3545 ix,
1540 3473 1799 3546 sess.'2⁹‚
1832 3474 1895 3533 in
1941 3472 2152 3548 Apoc„
2182 3485 2233 3530 o.
2268 3486 2363 3544 ιιι,
2386 3475 2607 3547 quaest.
2657 3468 2750 3544 10,

150 3560 321 3614 auct.
366 3549 552 3622 Veit,
596 3565 777 3628 cujus
820 3547 1023 3628 Opera
1091 3549 1365 3624 multum
1432 3552 1920 3615 commendabat
1987 3551 2131 3613 Pius
2177 3547 2281 3613 Vl.
2321 3584 2399 3594 -
2443 3548 2710 3627 Bergier
2737 3596 2754 3628 ,

159 3631 464 3695 Tratcato
504 3628 672 3691 della
714 3645 863 3692 vera
903 3627 1244 3708 Reliqione,
1289 3640 1467 3693 tract.
1514 3649 1589 3693 x:
1651 3633 1804 3697 item
1853 3623 2270 3703 Dizionariof
2302 3629 2374 3694 V.
2417 3629 2632 3691 Elem.
2674 3661 2752 3673 -—
2851 3667 2867 3690 .

148 3713 398 3777 Auctor
447 3710 617 3785 libri,
662 3707 931 3783 Quattro
973 3727 1127 3772 anm
1169 3713 1235 3772 di
1277 3714 1638 3791 esperiema
1681 3728 1808 3776 ecc.
1838 3761 1853 3788 ,
1902 3730 1953 3775 c.
1999 3714 2053 3775 3.
2103 3710 2425 3788 -Segur‚
2473 3709 2752 3786 Rispostc

153 3790 334 3859 brevi
377 3809 409 3854 ε
450 3791 765 3871 familiari
802 3791 926 3853 alle
969 3789 1286 3868 objezioni
1310 3793 1428 3870 piic
1469 3794 1694 3874 diffuse
1736 3802 1952 3857 contro
1996 3793 2061 3854 la
2104 3793 2441 3872 Reliyione,
2475 3788 2506 3868 g
2549 3788 2641 3850 19.
2677 3822 2755 3831 -

158 3873 384 3938 Tesori
426 3874 493 3935 di
534 3871 894 3950 confidenza
938 3871 1006 3932 in
1050 3872 1169 3933 Dio
1207 3887 1334 3934 ecc.
2319 3877 2324 3886 ·
2459 3919 2462 3922 ,
2705 3948 2715 3959 .

234 3951 617 4017 Audiendus
665 3951 1070 4026 Lacordaire,
1120 3949 1555 4030 Conferenza:
1618 3956 1727 4020 Dei
1795 3953 2074 4017 risultati
2140 3951 2245 4016 del
2308 3964 2591 4029 governo
2656 3946 2744 4008 di-

147 4037 359 4098 vino:·
402 4032 574 4094 «Ἧι-ε
620 4031 711 4110 gli
758 4033 1043 4112 scrittori
1089 4034 1205 4095 che
1250 4048 1613 4118 onorarono
1679 4039 1736 4100 la
1771 4103 1776 4110 ,
1807 4035 2032 4098 Chiesa
2078 4033 2185 4095 nel
2243 4029 2454 4094 secolo
2520 4044 2753 4103 scorso,

146 4133 229 4180 ve
278 4114 440 4177 n'ha
487 4129 615 4177 uno
660 4112 848 4176 d’una
897 4115 1298 4192 riputazione
1342 4113 1630 4178 modesta
1703 4132 1738 4180 e
1781 4131 1976 4195 grave
2030 4115 2089 4177 al
2159 4112 2663 4193 tempoistessO,
2707 4106 2754 4172 il

147 4198 254 4259 cui
301 4211 534 4274 sapere
578 4209 707 4255 non
755 4195 788 4255 e
832 4192 1061 4258 alcuno
1105 4195 1222 4274 che
1263 4193 1326 4255 lo
1371 4197 1711 4273 contrasti,
1760 4214 1795 4260 e
1839 4211 2028 4259 meno
2065 4195 2167 4274 poi
2218 4194 2273 4257 la
2311 4208 2422 4256 sua
2469 4189 2756 4252 ortodos-

145 4274 266 4355 sia,
313 4293 349 4338 e
386 4276 522 4339 cosi
566 4273 944 4337 dicendo.vi
988 4275 1070 4336 lio
1120 4275 1448 4338 nominato
1490 4276 1781 4358 ‘Bergion
1825 4276 1969 4353 Ora,
2031 4274 2356 4339 trattando
2399 4271 2527 4350 egli
2567 4270 2749 4331 code·

147 4366 244 4421 sta
294 4359 664 4437 questione,
705 4353 841 4418 cosi
881 4358 934 4418 si
979 4358 1290 4433 esprime:
1345 4353 1473 4419 Uno
1515 4358 1754 4437 spirito
1789 4359 1932 4421 sodo
1963 4376 1993 4419 e
2027 4373 2068 4420 a
2095 4357 2457 4436 sufficienza
2487 4353 2752 4414 istruna

143 4455 270 4502 non
315 4440 378 4500 si
424 4439 625 4500 lascia
652 4443 935 4501 senatore
963 4435 1049 4499 da
1080 4436 1482 4514 un’opinione
1509 4437 1985 4516 probtefmatica,
2014 4437 2185 4500 sulla
2221 4435 2405 4516 quale
2437 4432 2500 4494 la
2534 4430 2754 4509 Ghiesa

142 4538 274 4584 non
319 4518 405 4584 lta
448 4537 561 4597 per
603 4534 760 4583 anco
803 4517 1202 4582 sentennaco
1264 4533 1427 4579 come
1467 4521 1498 4580 ἑ
1543 4519 1752 4598 quella
1794 4520 1891 4583 del
1946 4519 2184 4599 prande
2247 4535 2278 4580 e
2343 4513 2581 4595 piccolo
2630 4528 2753 4586 ‚na-

142 4619 317 4665 mero
362 4599 532 4679 deaii
573 4600 767 4663 electi.
814 4599 1129 4662 Diziouar.
1174 4564 1343 4660 '1³eol.
1387 4598 1458 4660 V.
1504 4600 1719 4664 Electi.
1763 4599 1811 4664 E
1867 4601 2139 4677 altrove,
2181 4599 2344 4678 dopo
2389 4603 2646 4688 esposto
2708 4591 2753 4652 il

142 4680 535 4746 disaccordo
579 4679 682 4744 dei
729 4679 916 4743 Padri
961 4677 1132 4742 della
1177 4678 1402 4744 Chiesa
1446 4695 1482 4741 ε
1527 4681 1637 4744 dei
1686 4681 2170 4756 commentatori
2222 4677 2391 4745 della
2424 4675 2750 4739 Scrittura
