3292 5167
522 302 1172 418 -INDEX
1278 304 1739 417 LIBRI
1857 300 2598 478 SECUNDI

980 778 1641 846 TRAGTATUS
1725 777 2251 857 QUINTUS.

1198 971 1296 1046 {nn
1336 988 1605 1036 vtn‘rurss
1646 986 2031 1034 natisionis.

312 1181 778 1272 DISPUTATIO
822 1189 1329 1258 PRAEAMBULA.
1373 1197 1460 1261 De
1506 1196 1895 1269 virtutibus,
1942 1208 2015 1256 ac
2059 1190 2139 1255 de
2184 1188 2549 1269 Religionis

481 1275 706 1331 natura
750 1277 814 1334 et
856 1276 1103 1338 actibus
1164 1316 2476 1343 ..............
2562 1265 2713 1349 Pay.
2873 1268 2914 1330 ὅ

320 1343 779 1415 DISPUTATIO
824 1351 866 1414 1.
912 1354 999 1417 De
1043 1356 1398 1437 Religionis
1441 1361 1689 1424 actibus
1771 1372 2699 1420 ..........
2830 1347 2914 1442 ,8

314 1424 468 1488 Car.
541 1427 582 1489 1.
626 1429 715 1492 De
757 1431 1098 1498 devotione
1141 1446 1205 1500 et
1247 1440 1541 1504 oratione
1565 1478 2382 1504 .........
2451 1477 2481 1523 .·
2566 1475 2580 1491 .
2629 1452 2689 1490 ,ι
2828 1428 2912 1491 ib.

403 1508 544 1570 Art.
587 1511 827 1651 arilicus.
874 1515 960 1578 De
1024 1517 1440 1583 meditatione
1473 1569 1489 1598 ,
1555 1516 2096 1598 contemplatione
2158 1523 2222 1576 et
2304 1518 2596 1584 oratione
2837 1590 2911 1652 ¹7

485 1604 636 1653 voca
672 1609 685 1653 ι
783 1637 2581 1665 ...................
2667 1613 2690 1645 ι

402 1667 436 1750 ς
478 1670 721 1764 unicias.
768 1673 854 1738 De
896 1675 1200 1744 Oratione
1245 1680 1575 1745 Dominica
1619 1690 1685 1746 et
1712 1677 2119 1753 Iaculatoria,
2154 1681 2219 1737 et
2263 1671 2451 1735 Horis
2488 1685 2591 1734 ca·
2841 1750 2917 1813 ¹9

490 1764 740 1816 nonicis
781 1796 2588 1825 ...................
2672 1771 2700 1806 ι

402 1826 472 1889 Ν.
518 1829 570 1891 1.
618 1831 702 1893 De
750 1845 1053 1917 tempore,
1098 1839 1255 1918 loco,
1282 1842 1551 1918 ordine,
1588 1843 1789 1906 forma
1822 1849 1885 1902 et
1931 1836 2116 1902 modo
2164 1831 2588 1899 recitationis.
2675 1855 2696 1884 ι
2834 1831 2913 1896 26
2995 1911 2999 1918 ‚

403 1906 471 1969 N.
517 1908 571 1972 2.
618 1911 705 1974 De
749 1919 958 1980 causis
1002 1937 1034 1982 a
1084 1924 1462 1985 recitatione
1507 1920 1961 1986 excusantibus
1965 1958 2590 1981 .......
2675 1935 2699 1965 ι
2836 1913 2914 1975 32

325 1986 473 2050 cu.
519 1987 588 2051 11.
635 1992 723 2057 De
768 1997 1142 2063 adoratione
1186 2015 1250 2064 et
1298 2011 1446 2065 voto
1472 2018 2697 2066 .............
2835 1993 2914 2056 34

403 2069 544 2132 Art.
594 2073 645 2134 1.
689 2075 779 2138 De
821 2080 948 2141 voti
997 2079 1314 2147 divisione
1357 2100 1428 2146 ac
1474 2082 1802 2164 requisitis
1880 2100 2702 2143 .........
2838 2072 2917 2136 37

404 2150 547 2211 Arc.
591 2151 645 2214 2.
694 2156 781 2219 De
823 2160 952 2221 voti
997 2160 1388 2240 obligatione
1431 2176 1496 2227 et
1559 2162 2094 2242 interpretatione
2183 2181 2701 2220 ......
2840 2154 2917 2216 42

406 2228 546 2291 Art.
591 2231 646 2294 3.
692 2236 779 2299 De
824 2244 951 2303 voti
998 2244 1394 2307 extinctione
1477 2281 2593 2308 .............
2678 2261 2702 2291 ι
2840 2234 2918 2298 49

321 2307 476 2370 Cap.
524 2309 617 2373 111.
663 2316 751 2378 De
790 2320 1157 2397 juramento
1182 2340 2702 2388 ................
2839 2315 2917 2378 56

410 2389 548 2453 Art.
598 2394 781 2490 ¹1⁰9
826 2399 1228 2480 definitione,
1264 2404 1587 2468 divisione
1616 2453 1632 2480 ‚
1678 2407 2057 2476 honestate,
2109 2399 2490 2463 necessitate
2536 2402 2601 2459 et
2832 2474 2890 2538 'b

408 2487 815 2644 Assgqglssstes
833 2529 1189 2654 juramenti
1254 2532 1691 2645 obligatione}
1738 2529 2177 2638 extinctione}
2221 2523 2598 2640 interpreta-
2660 2502 2681 2531 ’
2826 2494 2844 2537 ¹
2897 2523 2911 2537 ⁸

489 2638 664 2699 tione
699 2649 763 2700 et
805 2641 1209 2719 adjuratione
1277 2694 1291 2708 .
1376 2694 1390 2708 .
1474 2695 1488 2708 .
1575 2668 1604 2708 .’
1676 2683 2591 2707 ..........
2677 2661 2700 2691 ι
2836 2634 2919 2698 65

318 2706 475 2772 Can.
522 2711 620 2778 IV.
667 2718 753 2781 De
800 2725 1307 2789 sanctificatione
1364 2726 1694 2789 Festorum
1778 2742 2703 2788 ..........
2840 2715 2921 2779 68

409 2790 551 2855 Art.
597 2796 649 2858 1.
693 2800 780 2862 De
825 2812 1052 2867 natura
1096 2815 1161 2868 et
1203 2808 1264 2868 vi
1313 2808 1501 2887 hujus
1540 2806 1839 2886 praecepti
1867 2846 2485 2868 .......
2549 2844 2588 2891 ι.
2674 2823 2695 2852 ι
2837 2797 2916 2858 lb.

412 2873 550 2935 Art.
591 2876 648 2938 2.
694 2880 781 2944 De
817 2885 1117 2961 operibus
1146 2902 1288 2969 quae
1319 2888 1544 2950 diebus
1588 2887 1771 2952 festis
1816 2893 2145 2960 vetantur,
2176 2891 2241 2946 et
2273 2881 2355 2945 de
2391 2894 2599 2943 causis

490 2952 571 3015 ob
606 2974 760 3037 quas
806 2960 912 3025 iila
961 2969 1415 3043 permittuntur
1478 3006 2594 3031 ............
2679 2981 2702 3013 ι
2840 2955 2919 3017 72

329 3026 793 3105 DISPUTATIO
837 3042 906 3105 11.
954 3046 1039 3107 De
1082 3048 1256 3109 vitiis
1292 3064 1435 3127 quae
1475 3050 1702 3111 virtuti
1746 3046 2104 3129 Religionis
2140 3042 2594 3108 adversantur.
2679 3063 2703 3093 ι
2839 3035 2918 3131 79

320 3109 475 3179 Cap.
520 3113 563 3178 1.
610 3118 697 3183 De
740 3126 1196 3217 superstitione
1279 3168 2590 3192 ..............
2673 3143 2696 3175 ι
2835 3117 2918 3180 lb.

408 3199 551 3259 Art.
598 3200 648 3261 1.
695 3202 782 3265 De
829 3205 1189 3269 idololatria
1232 3218 1296 3271 et
1338 3208 1744 3273 divinatione
1778 3248 2598 3270 .........
2682 3224 2706 3254 ι
2841 3197 2921 3262 80

412 3280 550 3339 Art.
596 3278 650 3341 2.
699 3283 782 3347 De
829 3303 987 3349 vana
1033 3286 1438 3351 observantia
1487 3328 2601 3353 ............
2685 3304 2708 3336 ι
2842 3278 2922 3342 85

415 3356 850 3427 corollarium.
896 3366 983 3430 De
1025 3363 1482 3446 Magnetismo,
1534 3371 1625 3433 uti
1673 3379 1907 3432 vocant
1950 3366 2218 3431 animali
2243 3414 2261 3441 ,
2307 3380 2420 3428 seu
2483 3363 2604 3448 Mef

492 3444 845 3522 smerismo,
887 3448 966 3510 de
1008 3447 1266 3512 Tabulis
1303 3451 1669 3514 rotantibus
1712 3459 1905 3529 atque
1948 3447 2319 3530 Spiritismo
2380 3491 2395 3507 .
2480 3493 2495 3508 .
2584 3490 2598 3505 .
2683 3464 2706 3496 ι
2840 3438 2919 3503 89

324 3518 478 3582 cn.
522 3515 592 3582 ΙΙ.
640 3521 725 3585 De
772 3527 1249 3606 irreligiositate
1278 3571 2599 3595 ..............
2688 3545 2711 3577 ι
2838 3518 2921 3613 93

411 3598 552 3658 Art.
600 3603 651 3664 1.
696 3603 784 3666 De
827 3608 1184 3671 tentatione
1229 3609 1385 3688 Dei,
1427 3610 1826 3693 blasphemia
1876 3620 1940 3675 et
1982 3608 2327 3688 sacrilegio
2374 3654 2389 3669 .
2473 3653 2488 3668 .
2575 3649 2592 3665 .
2674 3625 2697 3657 ι
2834 3600 2923 3662 id.

416 3679 558 3744 Art.
597 3682 654 3744 2.
701 3683 788 3747 De
830 3688 1100 3751 simonia
1185 3729 2598 3758 ...............
2685 3707 2708 3739 ι
2806 3679 2920 3774 103

408 3760 446 3925 ξ
491 3757 543 3824 1.
590 3762 677 3826 De
720 3767 1010 3830 simoniae
1055 3777 1277 3832 natura
1325 3781 1389 3833 et
1430 3769 1750 3837 divisione
1785 3809 2595 3836 .........
2677 3788 2701 3818 ι
2841 3761 2921 3824 ib.

489 3835 542 3904 2.
591 3844 677 3906 De
699 3848 906 3924 poenis
929 3848 1159 3927 quibus
1194 3852 1465 3915 simonia
1495 3858 1758 3932 punitur
1781 3862 1846 3916 et
1874 3851 2082 3916 causis
2115 3847 2600 3930 excusantibus
2682 3867 2707 3899 ι
2804 3842 2920 3904 112

410 3916 860 3991 Adnotationes
903 3930 983 3991 ad
1025 3927 1388 3996 Tractatum
1431 3935 1725 4012 quintum
1783 3948 2707 3997 ........
2807 3922 2922 3984 119

1050 4150 1714 4222 TRACTATUS
1823 4149 2291 4221 SEXTUS.

1256 4305 1338 4352 mr.
1382 4308 1653 4356 vmrurn
1694 4305 2013 4359 Jusrmm.

330 4502 680 4577 QUAESTIO
725 4508 1230 4575 PRAEAMBULA.
1276 4513 1365 4577 De
1402 4516 1650 4596 justitia
1696 4526 1761 4580 et
1796 4517 1945 4595 jure
1974 4534 2706 4578 ........
2804 4506 2921 4572 195

335 4583 788 4654 DISPUTATIO
836 4591 879 4654 Ι.
924 4592 1013 4654 De
1056 4593 1344 4660 dominio
1386 4633 2603 4664 .............
2687 4614 2711 4649 ι
2809 4588 2937 4660 198·
