3292 5167
1105 295 1185 339 na
1229 291 1478 340 acrinus
1526 295 1863 345 nstsetoms
2680 286 2763 354 47

180 407 328 463 setar
361 396 637 458 vovisse
683 412 817 459 non
847 411 1021 458 mere
1062 396 1128 458 in
1175 412 1448 476 poenam,
1477 395 1587 458 sed
1631 400 1826 462 etiam
1872 403 1937 463 in
1976 403 2072 465 sui
2122 404 2529 483 medicinam,
2579 419 2646 472 ut
2676 410 2761 474 ita

181 475 437 544 eradicet
481 475 739 539 malam
782 476 1337 539 consuetudinem.
1379 477 1684 541 Billuart.

244 606 380 669 05.
434 606 525 683 Q:
571 607 635 671 6.
692 604 1104 685 Quandonam
1151 615 1359 670 votum
1403 605 1785 690 implendum
1832 613 1962 674 est?

246 712 309 778 R.
358 709 428 775 Si
472 717 717 778 votum
749 717 855 778 est
896 709 1253 796 negativum
1308 710 1556 794 obligat
1589 728 1873 797 semper,
1914 714 2006 780 uti
2049 714 2213 799 legis
2250 720 2574 802 negativae
2623 740 2765 806 pro-

175 819 363 905 prium
410 824 552 884 est:
606 817 738 886 tale
786 827 962 885 esset
1007 828 1234 885 votum
1286 836 1415 885 non
1467 816 1756 887 ludendi.
1806 820 1872 886 Si
1915 822 2279 907 positivum,
2332 832 2491 894 tunc
2539 829 2592 895 si
2645 847 2761 898 vo-

172 946 307 996 vens
353 925 736 1011 designavit
784 933 1043 994 certum
1090 933 1375 1012 tempus,
1423 943 1479 993 v,
1532 944 1592 1011 g.
1636 927 1976 1012 jejunandi
2029 930 2090 997 in
2144 930 2255 999 tali
2305 934 2545 1018 vigilia,
2597 937 2765 1006 obli-

173 1036 325 1122 gatio
374 1034 506 1102 erit
562 1052 685 1119 pro
737 1041 1036 1119 tempore
1085 1033 1223 1115 illo,
1272 1034 1361 1101 ita
1413 1041 1485 1101 ut
1533 1042 1763 1120 peccet
1813 1054 1893 1104 eo
1943 1045 2246 1123 tempore
2294 1042 2564 1111 minime
2633 1045 2760 1113 im-

173 1140 428 1229 plendo;
464 1141 720 1209 faceret
752 1141 929 1207 enim
976 1147 1204 1209 contra
1250 1141 1688 1226 promissum:
1737 1150 1804 1209 at
1841 1144 1948 1211 illa
1983 1145 2197 1230 vigilia
2241 1147 2485 1233 elapsa,
2532 1160 2759 1220 votum

170 1256 384 1331 cessat,
434 1251 493 1316 si
546 1266 773 1316 revera
817 1247 977 1314 illud
1011 1247 1088 1313 ad
1140 1249 1267 1316 tale
1318 1256 1576 1333 tempus
1626 1252 2086 1320 tantummodo
2122 1254 2505 1338 alligaverit.
2570 1259 2759 1338 Quod

170 1358 217 1426 si
246 1356 509 1425 nullum
550 1356 747 1424 ruerit
782 1355 1293 1425 determinatum
1326 1364 1609 1443 tempus,
1664 1366 1887 1427 votum
1929 1361 2185 1446 impleri
2228 1362 2495 1432 debebit
2532 1382 2758 1450 quam-

173 1465 438 1551 primum
515 1463 859 1533 moraliter
906 1472 971 1531 et
1018 1464 1366 1533 commode
1417 1465 1680 1549 poterit,
1735 1466 1954 1534 habita
2003 1468 2263 1537 ratione
2313 1471 2753 1541 circumstan-

172 1573 411 1640 tiarum.
462 1574 584 1639 Est
634 1571 855 1655 regula
889 1572 1094 1658 juris:
1151 1574 1231 1641 In
1277 1572 1560 1639 omnibus
1595 1573 2086 1659 ocupationibus,
2121 1577 2190 1641 in
2219 1578 2439 1661 quibus
2469 1580 2597 1645 dies
2629 1599 2756 1647 non

168 1682 420 1768 ponitur,
468 1700 574 1747 res
608 1680 909 1766 praesemi
945 1679 1043 1746 die
1087 1679 1351 1747 debetur.
1402 1680 1567 1747 Hinc
1617 1681 1998 1765 Scriptura:
2052 1683 2117 1748 Si
2163 1684 2315 1768 quid
2357 1687 2579 1752 vovisti
2623 1691 2753 1754 Do·
2813 1761 2838 1770 ἱ

167 1789 316 1854 mino
364 1792 511 1868 Deo,
546 1808 674 1854 non
719 1787 996 1854 tardabis
1022 1786 1300 1866 reddere;
1330 1788 1482 1872 quia
1516 1791 1788 1872 requiret
1828 1789 1987 1855 illud
2037 1793 2337 1857 Dominus
2377 1795 2542 1861 Deus
2570 1775 2756 1874 tuus-5

170 1909 217 1962 et
252 1898 304 1963 si
344 1909 632 1963 moratus
673 1896 891 1981 fueris,
935 1896 1325 1982 reputabitur
1367 1896 1479 1963 tibi
1522 1896 1592 1963 in
1631 1909 1958 1983 peccatum
2013 1905 2060 1964 ¹.
2288 1955 2298 1968 .

246 2002 394 2065 σθ.
473 2005 794 2082 Quaenam
866 2008 1085 2070 autem
1136 2008 1447 2069 censetur
1494 2002 1706 2087 gravis
1756 2002 1981 2071 dilatio
2039 2005 2196 2086 voti,
2249 2007 2302 2073 si
2354 2014 2617 2093 tempus
2664 2010 2751 2078 sit

180 2109 779 2191 indeterminatum,
833 2107 1186 2177 videndum
1235 2117 1356 2192 est,
1406 2127 1485 2176 an
1534 2117 1765 2177 votum
1814 2110 2125 2196 respiciat
2175 2114 2292 2180 Dei
2345 2116 2748 2201 obsequium

180 2227 700 2303 temporaneum,
774 2234 828 2282 v.
903 2235 960 2301 g.
1035 2225 1133 2283 tot
1205 2216 1519 2285 recitandi
1590 2219 1881 2300 Boset-ia,
1932 2226 2030 2287 tot
2079 2222 2432 2307 peragendi
2476 2224 2746 2311 jejunia,

182 2334 261 2393 tot
295 2325 578 2394 donandi
628 2325 945 2393 Ecclesiae
995 2323 1286 2393 libellas:
1336 2324 1434 2392 vel
1481 2343 1561 2391 an
1614 2325 1931 2409 respiciat
1981 2328 2379 2414 obsequium
2427 2333 2550 2398 Dei
2603 2351 2750 2417 per·

183 2441 443 2518 petuum,
498 2451 551 2498 v.
603 2450 662 2516 g.
713 2429 1116 2515 ingrediendi
1171 2430 1603 2514 Religionem.

252 2539 311 2607 Si
360 2543 415 2622 l,
464 2538 696 2605 dilatio
745 2538 870 2605 erit
916 2536 1238 2619 mortaliS‚
1291 2538 1344 2605 si
1397 2537 1507 2605 fiat
1556 2538 1811 2623 absque
1863 2540 2036 2624 gravi
2110 2558 2302 2610 causa
2369 2561 2487 2628 per
2552 2544 2745 2629 longa

181 2654 466 2733 tempora,
519 2663 759 2730 nempe
806 2644 884 2711 ad
932 2644 1121 2726 duOS‚
1171 2645 1268 2714 vel
1313 2651 1448 2712 tres
1488 2662 1719 2724 annoS,
1757 2654 1829 2713 ut
1863 2654 2042 2715 recte
2080 2647 2333 2716 dicunt:
2370 2668 2519 2717 nam
2568 2653 2748 2736 quis-

182 2773 288 2841 que
333 2763 644 2824 censetur
688 2754 784 2821 sic
833 2752 1306 2838 obligationem
1358 2769 1546 2820 suam
1597 2753 1926 2837 accipere,
1976 2761 2048 2822 ut
2094 2773 2237 2822 eam
2286 2774 2416 2824 non
2470 2758 2743 2828 nimium

182 2861 422 2930 diflerat.
471 2864 554 2928 Et
602 2860 656 2927 si
709 2859 1024 2948 quaelibet
1073 2857 1422 2927 difficultas
1471 2858 1631 2926 satis
1680 2858 1852 2926 foret
1900 2859 1979 2926 ad
2028 2860 2205 2929 licite
2238 2863 2739 2948 expectandum,

183 2970 265 3037 vix
308 2985 594 3055 unquam
644 2974 908 3052 tempus
958 2975 1413 3052 opportunum
1462 2965 1739 3034 inveniri
1792 2968 2055 3051 poterit.
2357 2968 2366 2974 '

251 3078 311 3144 Si
355 3080 413 3159 2,
466 3083 698 3163 peccat
748 3075 1121 3143 mortaliter
1152 3074 1263 3160 qui
1315 3072 1425 3140 diu
1481 3074 1701 3141 diflert
1753 3077 1882 3141 voti
1934 3075 2454 3160 implementum,
2507 3097 2742 3165 nempe

182 3185 235 3254 in
279 3187 555 3272 plurium
604 3203 829 3267 sensu,
879 3184 932 3252 si
982 3182 1062 3251 ad
1110 3201 1224 3251 sex
1275 3200 1571 3251 menses:
1651 3183 1775 3250 nisi
1842 3199 2036 3252 causa
2100 3185 2259 3251 satis
2337 3186 2741 3257 rationabilis

181 3301 438 3375 excuset,
466 3293 563 3361 uti
612 3292 669 3360 si
718 3310 960 3360 vovens
1000 3298 1223 3375 speret
1263 3289 1580 3358 dilatione
1627 3289 1735 3356 illa
1786 3299 2091 3375 parentes
2143 3291 2602 3374 emolliendOS,
2638 3295 2740 3363 vel

184 3399 228 3467 si
265 3401 462 3485 gravis
513 3398 879 3472 necessitas
927 3397 1289 3483 spiritualis
1353 3396 1737 3463 adversatur
1803 3404 1914 3463 aut
1980 3398 2363 3482 temporalis
2431 3416 2739 3469 sororum

187 3508 263 3576 vel
304 3507 569 3576 fratrum
596 3533 617 3588 ;
660 3505 715 3574 si
765 3515 983 3573 tamen
1034 3504 1260 3571 dilatio
1311 3522 1441 3571 non
1492 3503 1577 3571 sit
1627 3502 1822 3571 nimis
1873 3504 2205 3585 diuturna,
2258 3504 2472 3590 neq'ue
2506 3506 2616 3575 det
2646 3507 2740 3575 lo-

185 3633 306 3682 cum
349 3615 643 3701 periculo
696 3630 1029 3698 nunquam
1080 3610 1394 3696 implendi
1446 3617 1692 3690 votum,
1745 3620 1817 3678 ut
1871 3611 2044 3679 solet
2096 3611 2447 3696 aliquando
2488 3616 2742 3683 contin-

185 3740 324 3807 gere,
369 3740 570 3809 opere
619 3721 917 3808 profecto
967 3719 1311 3801 daemonis,
1363 3720 1464 3787 cui
1517 3726 1665 3786 vota
1721 3721 1922 3788 invisa
1975 3730 2129 3788 sunt
2164 3726 2212 3789 ¹.

249 3828 374 3895 87.
424 3833 494 3910 Q.
549 3830 608 3897 7.
662 3827 973 3910 Quomodo
1017 3826 1154 3913 fieri
1198 3826 1362 3892 debet
1409 3828 1832 3913 interpretatio
1871 3807 2206 3897 ²uotorum?

253 3938 308 4004 R.
354 3936 568 4004 Prima
617 3936 785 4003 ratio
836 3931 1312 4018 interpretandi
1364 3941 1513 4001 vota
1587 3941 1691 4001 est
1760 3934 1901 4019 ipsa
1977 3938 2278 4005 voventis
2312 3938 2637 4018 voluntas,
2701 3954 2735 4003 a

182 4059 281 4129 qua
324 4051 542 4111 votum
595 4041 721 4109 vim
768 4058 957 4109 suam
1005 4039 1236 4107 habet:
1287 4055 1436 4124 quae
1487 4040 1542 4107 si
1594 4057 1727 4107 non
1777 4042 1935 4108 satis
1986 4043 2420 4128 percipiatur,
2470 4062 2550 4111 en
2629 4061 2733 4112 re-

184 4149 339 4234 gulae‚
388 4169 552 4237 quas
602 4147 1048 4217 communiter
1096 4145 1449 4214 admittunt
1497 4164 1650 4214 cum
1700 4147 1965 4232 Sporer.

228 4377 405 4430 ¹Deut.
440 4386 590 4429 xxm.
633 4399 651 4420 ι
686 4377 853 4427 Paolo
886 4376 1142 4439 promette
1176 4385 1208 4425 a
1242 4373 1339 4425 Dio
1375 4375 1691 4437 puramente
1720 4387 1748 4426 e
1779 4374 2209 4436 semplicemente
2239 4374 2325 4428 (ad
2350 4387 2462 4427 rem
2494 4377 2735 4440 Gousset)

182 4436 224 4492 dl
247 4438 353 4491 dare
383 4452 490 4492 una
523 4440 670 4492 certa
703 4449 914 4489 somma
947 4440 997 4488 ai
1032 4438 1244 4500 poveri:
1287 4436 1540 4499 potrebbe
1572 4437 1875 4488 tacilmente
1906 4435 2051 4486 daria
2108 4436 2323 4500 subito;
2371 4450 2460 4489 ma
2510 4438 2736 4502 prevede

182 4499 554 4555 cltedifferendo
587 4501 820 4566 qualche
851 4511 1013 4562 mese,
1051 4500 1099 4550 la
1132 4500 1380 4550 limosina
1413 4500 1536 4549 sara
1572 4501 1664 4561 piu
1715 4501 1866 4549 utile:
1921 4497 2026 4561 puo
2083 4502 2405 4553 certamente
2455 4506 2735 4561 aspettare.

185 4563 304 4614 Arete
332 4564 454 4617 tatto
487 4565 619 4616 voto
652 4561 706 4614 di
744 4562 1070 4614 confessarvi
1107 4571 1216 4612 una
1246 4561 1392 4612 volta
1423 4561 1472 4611 al
1509 4571 1683 4622 mese;
1721 4561 1920 4621 potrete
1954 4560 2183 4612 differire
2216 4562 2272 4613 la
2305 4565 2485 4613 vostra
2519 4563 2733 4614 Confes-

184 4624 296 4677 sione
323 4626 371 4678 di
405 4628 588 4678 alcuni
623 4625 797 4689 giornl
833 4624 976 4687 dopo
1012 4624 1046 4674 il
1081 4635 1241 4682 mese,
1280 4633 1336 4673 se
1363 4623 1408 4673 si
1443 4623 1688 4687 presenta
1721 4633 1827 4672 una
1867 4623 2017 4682 festa,
2051 4635 2144 4687 per
2181 4624 2232 4674 la
2263 4627 2421 4689 quale
2442 4625 2735 4677 desiderate

182 4684 222 4735 di
245 4689 560 4742 confessas-vi.
602 4706 623 4731 ι
661 4712 727 4726 -
768 4687 822 4736 V.
860 4686 1090 4749 Liguori,
1112 4685 1390 4747 onnon,
1423 4685 1456 4735 l.
1491 4697 1566 4746 ιιι,
1603 4696 1657 4736 n.
1681 4685 1793 4736 220.

226 4748 247 4789 ²
275 4752 322 4803 V.
353 4753 584 4816 Lignori,
622 4749 716 4813 Op.
750 4749 910 4808 nor„
945 4749 979 4799 l.
1014 4760 1092 4809 ιιι,
1128 4759 1182 4798 n.
1216 4749 1325 4799 ῆι.

2317 4799 2334 4816 ἢ

2237 4823 2252 4854 t
