3292 5167
1362 278 1439 324 nn
1486 277 1626 324 rint-2
2648 260 2779 327 605

170 390 611 469 permanenter
664 379 1004 448 habilitans
1052 380 1138 448 ad
1180 392 1357 449 actus
1399 380 1543 469 fidei
1588 382 1936 450 eliciendos.
2000 384 2082 450 Et
2130 381 2195 450 in
2245 383 2569 466 actualem,
2614 382 2780 470 'quae

182 494 286 555 est
329 488 618 570 actualis,
666 489 856 574 firma
900 509 977 556 ac
1020 490 1529 577 supernaturalis
1576 490 1852 557 adhaesio
1901 492 2082 559 rebus
2126 491 2452 558 revelatis:
2510 493 2654 560 haec
2725 493 2778 561 si

183 595 476 664 exterius
525 595 822 682 prodeat,
872 598 1196 678 exterior3
1244 599 1301 665 si
1351 597 1414 665 in
1468 598 1686 665 animo
1736 597 1956 680 lateat,
2007 597 2286 666 interior
2330 599 2718 684 appellatur.

360 704 422 770 2.
470 704 541 771 In
591 705 955 792 explicitam
1002 713 1069 774 et
1127 705 1191 772 in
1241 706 1633 792 implicitam.
1682 706 2006 792 Explicita
2071 704 2234 773 fides
2304 704 2413 772 illa
2484 712 2604 787 est,
2656 724 2784 792 qua

185 807 424 895 aliquis
472 810 623 880 fidei
675 812 994 881 articulus
1051 811 1346 880 creditur
1394 813 1457 879 in
1507 830 1598 895 se,
1653 813 1777 907 sub
1826 811 2115 898 propriis
2165 830 2238 880 ac
2275 813 2784 898 particularibus

184 917 507 1001 terminis.
553 921 678 989 suh
729 920 975 1005 quihus
1027 921 1219 990 nohis
1270 920 1697 1006 proponitur:
1749 939 1804 985 v.
1856 938 1937 1005 g.‚
2004 917 2117 1005 qui
2189 934 2507 1004 expresse
2577 919 2786 988 credit

188 1024 405 1093 Deum
458 1025 721 1108 trinum,
771 1030 1054 1109 Patrem,
1103 1027 1345 1095 Filium
1394 1034 1460 1095 et
1509 1026 1833 1112 Spiritum
1904 1028 2245 1109 Sanctum,
2318 1025 2519 1095 habet
2589 1026 2788 1096 fidem

185 1133 567 1220 explicitam
618 1135 982 1204 Trinitatis.
1031 1136 1140 1205 Sic
1189 1135 1386 1203 etiam
1435 1134 1645 1202 credit
1698 1134 2006 1220 explicite
2053 1135 2444 1220 mysterium
2486 1135 2790 1203 lucarna-

186 1240 414 1323 tioniS‚
463 1242 580 1327 qui
627 1241 836 1311 credit
882 1242 1125 1310 Filium
1188 1240 1306 1309 Dei
1380 1242 1827 1327 assumpsisse
1900 1250 2201 1309 naturam
2274 1242 2652 1325 humanam,
2725 1247 2791 1310 et

187 1348 532 1416 Christum
581 1368 729 1419 esse
776 1352 987 1419 Deum
1040 1355 1105 1419 et
1152 1349 1511 1417 hominem.
1558 1351 1875 1437 Implicita
1940 1357 2160 1418 autem
2232 1350 2397 1420 fides
2469 1357 2591 1434 est,
2661 1367 2790 1436 qua

186 1456 441 1543 aliquid
491 1458 787 1526 creditur
834 1476 964 1526 non
1017 1459 1079 1525 in
1130 1477 1202 1526 se
1251 1465 1316 1527 et
1380 1457 1446 1526 in
1520 1457 1812 1544 propriis
1886 1457 2185 1526 terminis
2257 1458 2787 1545 particular-ihm,

187 1563 313 1633 sed
359 1564 425 1632 in
474 1565 640 1647 alio,
676 1566 741 1633 in
791 1584 924 1652 quo
974 1565 1138 1633 illud
1188 1566 1608 1635 continetur:
1682 1564 1777 1633 sic
1849 1566 1960 1651 qni
2036 1564 2246 1634 credit
2317 1566 2381 1634 in
2455 1566 2793 1635 Christum

184 1672 407 1740 Deum
456 1682 520 1741 et
568 1674 927 1756 hominem,
978 1692 1058 1742 eo
1110 1675 1256 1760 ipso
1308 1674 1630 1760 implicite
1680 1672 1887 1742 credit
1938 1673 2004 1741 in
2065 1672 2396 1760 duplicem
2471 1675 2613 1759 eJus
2684 1691 2795 1742 vo·

187 1776 536 1861 luntatem‚
587 1781 709 1850 etsi
761 1800 904 1851 eam
953 1783 1233 1868 ignoret.

281 1888 480 1956 Fides
507 1889 648 1975 ipsa
685 1889 999 1975 implicita
1036 1891 1276 1959 iterum
1304 1887 1551 1974 duplex
1586 1891 1673 1958 ab
1700 1888 2221 1959 accuratioribus
2246 1888 2417 1958 solet
2443 1887 2793 1972 distingui:

192 1994 303 2062 vel
353 1995 530 2064 enim
578 1997 908 2067 credimus
961 1996 1210 2084 aliquid
1259 1997 1324 2064 in
1393 1996 1541 2079 alio,
1610 2004 1919 2082 tanquam
1994 1997 2056 2062 in
2132 1994 2458 2082 principio
2531 1996 2795 2064 univer-

181 2101 350 2183 ‘cali‚
402 2103 506 2170 cui
556 2103 997 2188 adhaeremus,
1047 2112 1121 2172 ut
1168 2120 1320 2172 cum
1369 2104 1518 2190 quis
1567 2104 1636 2172 in
1677 2104 2011 2172 communi
2047 2101 2257 2171 credit
2290 2101 2613 2189 quidquid
2649 2121 2797 2171 cre·

198 2208 303 2276 dit
350 2210 667 2293 Ecclesia,
718 2212 877 2298 quin
930 2221 1143 2280 tamen
1194 2211 1443 2297 aliquid
1491 2210 1885 2297 particulare
1933 2210 2180 2296 (neque
2245 2210 2444 2278 etiam
2493 2211 2557 2278 in
2630 2229 2794 2279 con-

197 2313 356 2383 fuso
404 2317 506 2384 vel
553 2318 620 2385 in
671 2318 933 2404 umbra)
982 2318 1146 2387 sciat
1194 2326 1305 2386 aut
1354 2318 1597 2388 credat.
1646 2317 1762 2386 Vel
1813 2317 2143 2385 credimus
2208 2316 2456 2404 aliquid
2528 2318 2592 2385 in
2666 2317 2793 2385 alio

184 2421 333 2508 jam
384 2430 456 2490 ut
505 2424 568 2491 in
623 2426 858 2494 umbra
908 2432 973 2493 et
1020 2425 1256 2511 figura,
1309 2444 1426 2512 per
1472 2442 1670 2511 quam
1721 2442 1957 2510 nempe
1996 2425 2136 2511 ipsa
2185 2424 2421 2493 veritas
2471 2424 2796 2493 credenda

201 2531 488 2600 confuse
537 2533 980 2618 significatur:
1031 2541 1104 2601 ut
1152 2551 1303 2602 cum
1353 2532 1500 2618 quis
1549 2532 1778 2615 credit,
1826 2533 2037 2601 Deum
2088 2549 2234 2601 esse
2267 2533 2625 2600 missurum
2661 2534 2799 2601 Sal-

211 2639 573 2724 vationem,
625 2640 743 2710 sed
791 2643 1040 2711 nesciat
1088 2641 1323 2725 media,
1375 2641 1618 2727 quibus
1667 2639 1733 2708 id
1780 2639 1866 2709 sit
1914 2646 2200 2708 acturus.
2271 2640 2486 2707 Prima
2557 2641 2801 2709 dicitur

225 2746 377 2815 {des
429 2747 742 2833 implicita
791 2750 1015 2819 latiori
1081 2768 1317 2819 sensu:
1391 2749 1593 2817 altera
1663 2748 1827 2816 fides
1897 2747 2212 2833 implicita
2282 2747 2525 2815 dicitur
2597 2767 2797 2817 sensu

206 2854 446 2923 stricto
494 2874 568 2923 ac
618 2857 888 2942 proprio
906 2882 925 2938 3
977 2864 1078 2925 est
1127 2864 1345 2925 tamen
1399 2865 1682 2942 utraque
1729 2872 1995 2940 semper
2041 2853 2205 2923 fides
2253 2854 2589 2940 implicita.

390 2967 448 3033 3.
484 2966 556 3033 In
582 2966 968 3045 catholicam,
997 2971 1063 3034 et
1097 2983 1277 3035 mere
1313 2965 1736 3050 theoloqicam.
1764 2962 1959 3030 Fides
1993 2962 2298 3030 catholica
2332 2962 2802 3048 complectitur

197 3075 544 3144 universas
583 3073 911 3154 veritateS,
944 3089 1224 3159 quarum
1263 3071 1663 3143 revelatione
1688 3070 2080 3139 testificatur
2103 3069 2415 3153 Ecclesia,
2443 3078 2508 3138 et
2535 3087 2685 3155 quae
2734 3070 2799 3138 in

203 3183 521 3254 omnibus
569 3181 875 3250 fidelihus
923 3200 1052 3249 una
1101 3180 1465 3267 eademque
1535 3180 1620 3246 sit
1670 3184 1956 3264 oportet.
2005 3180 2184 3247 Mere
2246 3178 2585 3263 theoloyica
2644 3196 2800 3247 vero

200 3297 509 3361 versatur
553 3291 721 3358 circa
759 3308 869 3359 eas
906 3290 1234 3372 veritateS,
1272 3306 1403 3356 non
1444 3304 1760 3372 expresse
1794 3287 1873 3355 ab
1915 3285 2208 3353 Ecclesia
2249 3286 2652 3371 propositaS,
2686 3284 2803 3355 sed

205 3417 492 3487 quarum
541 3398 850 3467 revelatio
903 3394 1299 3484 quibusdam
1351 3392 1617 3480 privatis
1669 3392 1796 3460 alio
1850 3391 2067 3461 medio
2118 3391 2500 3460 innotescit.

392 3508 454 3573 4.
502 3507 575 3573 ln
622 3506 982 3590 formatam,
1031 3520 1182 3589 quae
1232 3501 1475 3569 dicitur
1522 3499 1717 3568 etiam
1764 3498 1913 3586 fides
1956 3499 2104 3566 viva
2121 3524 2145 3577 ;
2202 3505 2268 3567 et
2338 3498 2403 3566 in
2452 3499 2802 3583 informem,

209 3631 365 3701 quae
417 3611 661 3681 dicitur
707 3610 903 3678 etiam
953 3611 1101 3698 fides
1172 3621 1440 3676 mortua.
1482 3606 1679 3675 Fides
1725 3608 1870 3673 viva
1922 3612 2023 3674 est
2072 3623 2221 3691 quae
2293 3604 2566 3690 gratiam
2617 3604 2803 3672 hahi-

212 3727 481 3801 tualem,
530 3719 667 3787 sive
716 3717 1103 3786 charitatem
1151 3716 1277 3784 sibi
1326 3715 1746 3800 conjunctam
1795 3714 2030 3783 habet:
2086 3712 2233 3780 talis
2283 3718 2385 3780 est
2447 3709 2610 3779 fides
2681 3710 2805 3777 ho-

208 3827 414 3897 minis
456 3826 640 3914 justi.
693 3829 945 3894 Mortua
993 3830 1094 3892 est
1151 3840 1301 3909 quae
1351 3830 1530 3890 caret
1594 3822 1850 3908 Justitia
1923 3827 1988 3890 et
2057 3820 2410 3887 charitate:
2489 3816 2635 3884 talis
2705 3825 2807 3884 est

211 3935 381 4005 fides
429 3934 722 4003 hominis
773 3933 835 4000 in
887 3938 1060 4000 statu
1112 3928 1407 3999 mortalis
1455 3929 1670 4015 culpae
1716 3927 2097 3996 constituti:
2149 3925 2260 4012 qui
2326 3924 2540 3992 adhuc
2609 3920 2808 3992 fidem

207 4044 435 4126 habet,
483 4040 601 4112 sed
649 4040 811 4127 quin
858 4057 931 4108 ea
980 4037 1193 4125 prosit
1238 4034 1321 4103 ad
1370 4034 1564 4102 vitam
1613 4042 1932 4104 aeternam
1981 4035 2119 4119 (A).
