3292 5167
9 4500 24 4683 fiffi*
31 4382 48 4403 ·

973 287 1051 335 nt
1098 284 1535 334 nesrac-riom:
1583 290 1644 334 nv
1693 286 1929 337 cautus
2666 278 2789 344 441

186 407 339 459 nem
389 390 886 478 adipisceretur,
937 397 1205 460 tenetur
1249 389 1345 480 ad,
1379 390 1870 461 restitutionem
1918 412 2070 480 erga
2119 405 2528 485 emptorem,
2577 395 2795 469 domi-

186 516 348 568 num
398 514 471 568 ac
515 498 982 568 beneficiatum
1032 506 1081 565 ¹.

253 607 346 691 ,Si
397 624 552 675 vero
603 605 807 674 alium
855 605 1197 691 impedivit
1246 624 1281 672 a
1331 605 1530 687 bono,
1586 605 1768 692 quod
1816 606 1873 675 ei
1926 625 2006 675 ex
2047 608 2305 695 justitia
2356 631 2488 681 non
2540 615 2627 681 sit
2678 613 2795 682 de-

187 716 426 798 bitum,·
473 723 629 783 tunc
677 700 1253 800 distinguendum:
1306 713 1403 781 vel
1463 731 1615 781 eum
1667 712 2005 800 impedivit
2060 735 2092 782 a
2144 722 2619 791 consecutione
2676 722 2795 789 bu-

182 824 295 910 Jus
341 822 501 892 boni
553 840 672 908 per
703 821 949 904 dolum,
985 821 1302 905 fraudem,
1349 820 1787 906 mendacium,
1830 822 2331 909 detractionem,
2376 828 2794 911 calumniam,

191 931 440 1000 aliosve
488 930 738 998 similes
788 929 1024 999 modos
1074 929 1491 1016 impellentes
1528 937 1727 1017 atque
1773 930 2036 1017 iniquos
2053 957 2070 1013 ;
2107 932 2207 1001 vel
2253 953 2406 1003 eum
2458 936 2800 1021 impedivit

194 1036 657 1107 tantummodo
712 1038 1041 1123 precihus,
1092 1037 1394 1120 consilio,
1440 1038 1775 1108 suasione.
1870 1074 1877 1079 ·

289 1148 355 1215 Si
404 1151 469 1230 i,
520 1154 782 1241 tenetur
821 1145 919 1213 illi
977 1162 1409 1232 compensare
1476 1145 1828 1229 damnum,
1886 1146 2140 1234 judicio
2191 1149 2572 1236 prudentis,
2615 1151 2804 1237 juxta

196 1257 667 1327 certitudinem
714 1257 1430 1345 autprobabilitatem,
1482 1274 1681 1343 quam
1718 1258 2001 1327 babebat
2049 1260 2305 1328 bonum
2357 1260 2522 1328 illud
2573 1280 2806 1331 conse-

196 1365 481 1454 quendi3
532 1366 683 1434 licet
732 1367 909 1433 enim
982 1365 1107 1434 iste
1156 1384 1286 1433 non
1339 1365 1577 1461 babeat
1619 1366 1731 1452 jus
1782 1366 2093 1434 strictum
2160 1367 2225 1434 in
2279 1387 2415 1437 rem
2485 1368 2683 1452 illam,
2735 1369 2808 1437 il-

200 1472 318 1541 lud
366 1481 583 1541 tamen
637 1474 854 1556 habet,
903 1491 986 1541 ne
1038 1473 1361 1541 violenter
1414 1452 1818 1558 impediatur
1864 1473 1944 1543 ab
1995 1474 2145 1557 illa,
2197 1475 2333 1543 sive
2383 1495 2464 1545 ne
2514 1494 2631 1562 per
2676 1478 2806 1546 vim

201 1589 625 1648 removeatur
671 1580 781 1667 qui
832 1584 1234 1665 potestatem
1282 1579 1484 1648 habet
1534 1599 1683 1649 rem
1752 1580 1927 1649 illam
1977 1582 2100 1651 sibi
2155 1583 2591 1652 conferrendi.
2644 1583 2809 1653 Hinc

143 1698 162 1711 ··
201 1688 318 1775 qui
361 1687 606 1771 fraude,
641 1695 753 1756 aut
787 1687 1196 1756 detractione
1238 1687 1437 1756 alium
1472 1705 1506 1754 a
1543 1695 1942 1758 testamento
1982 1691 2081 1759 vel
2116 1709 2152 1759 a
2191 1691 2407 1776 legato
2441 1690 2812 1776 condendo,

203 1803 321 1864 aut
375 1795 644 1865 condito
701 1795 1017 1864 mutando
1068 1796 1427 1882 impedivit,
1479 1804 1709 1882 peccat
1769 1805 1998 1866 contra
2042 1799 2375 1885 Justitiam
2432 1808 2496 1868 et
2549 1808 2818 1868 tenetur

205 1922 643 1991 compensare
693 1903 908 1971 omnia
959 1902 1195 1970 damna
1244 1921 1392 1989 quae
1462 1904 1804 1989 patiuntur
1852 1904 2152 1974 haeredes
2204 1914 2267 1975 et
2305 1906 2464 1989 alii,·
2511 1907 2662 1994 quia
2712 1912 2814 1974 est

206 2010 509 2082 omnium
557 2010 947 2078 damnorum
1000 2028 1196 2078 causa
1248 2010 1497 2077 efficax.
1551 2012 1689 2078 Hoc
1748 2017 1966 2078 tamen
2023 2010 2556 2097 intelligendum,
2599 2013 2655 2081 si
2706 2012 2813 2080 illa

206 2135 499 2207 persona
535 2119 782 2186 bonum
819 2116 978 2184 illud
1012 2116 1155 2185 sine
1191 2115 1513 2203 injustitia
1548 2118 1873 2203 consequi
1921 2117 2168 2204 possit:
2205 2137 2399 2186 secus
2448 2118 2816 2205 impediens

208 2226 469 2296 nullum
502 2225 612 2311 jus
662 2225 932 2292 violaret
949 2251 967 2306 ;
1003 2225 1179 2293 unde
1227 2243 1360 2293 non
1400 2231 1746 2293 teneretur
1792 2224 1918 2294 nisi
1964 2224 2044 2293 ad
2096 2226 2593 2297 restitutionem
2625 2228 2815 2296 famae)

210 2332 270 2402 si
321 2351 465 2402 eam
513 2332 792 2401 fortasse
842 2332 1084 2419 inJ‘uste
1132 2332 1399 2400 laeserit.

306 2440 374 2508 Si
413 2446 475 2522 2,
516 2440 702 2527 juxta
751 2440 1147 2508 sententiam
1197 2457 1621 2509 communem
1664 2446 1729 2509 et
1780 2438 2322 2525 probabiliorem,
2375 2458 2573 2525 quam
2629 2446 2822 2508 tuen·

215 2557 332 2616 tur
375 2547 670 2628 Billuart,
724 2546 1040 2628 Camere,
1095 2546 1302 2628 Elbel,
1341 2548 1534 2631 Gury,
1580 2546 1917 2628 Holzman,
1971 2548 2280 2631 Layman,
2337 2544 2631 2629 LessiuS,
2694 2548 2822 2615 Na-

215 2672 480 2736 varruS,
531 2653 1067 2735 Petrocorensi8‚
1121 2653 1415 2722 Sanchez
1466 2660 1532 2721 et
1578 2655 1880 2739 Vasquez
1949 2671 2101 2722 cum
2148 2652 2291 2720 aliis
2340 2653 2827 2739 plurimiS„sic

216 2759 592 2847 impediens
641 2778 775 2829 non
827 2766 1095 2828 tenetur
1140 2761 1221 2827 ad
1271 2758 1803 2842 restitutionem,
1856 2759 2012 2829 licet
2062 2759 2128 2827 id
2176 2760 2385 2845 egerit
2433 2779 2512 2829 ex
2560 2759 2715 2828 odio
2763 2766 2830 2828 et

219 2868 400 2937 malo
449 2868 667 2937 animo
717 2867 1042 2950 nocendi3
1092 2886 1288 2936 nemo
1337 2868 1514 2936 enim
1567 2875 1790 2953 potest
1845 2867 2123 2953 obligari
2175 2867 2254 2935 ad
2304 2867 2828 2951 restitutionem,

222 2977 352 3045 nisi
389 2977 582 3045 suerit
610 2977 853 3063 injusta
886 2975 1083 3043 simul
1114 2984 1178 3045 et
1213 2976 1442 3045 efficax
1472 2993 1667 3044 causa
1699 2976 1977 3063 alicujus
2013 2976 2266 3044 damni.
2300 2979 2380 3044 Et
2416 2995 2573 3047 sane
2605 2976 2833 3063 hujus-

223 3084 412 3154 modi
483 3084 662 3152 modi
735 3102 866 3152 non
909 3083 1162 3153 laedunt
1213 3076 1588 3153 libertatem
1626 3102 1844 3170 neque
1894 3084 2072 3152 illius
2123 3084 2233 3170 qui
2286 3085 2535 3153 bonum
2600 3103 2832 3171 prose-

227 3196 480 3280 quitur,
533 3210 747 3277 neque
811 3191 986 3258 illius
1039 3191 1150 3278 qui
1210 3191 1375 3258 illud
1410 3191 1777 3259 collaturus
1829 3198 1972 3274 est,
2040 3209 2189 3259 cum
2250 3191 2555 3260 donatori
2621 3191 2834 3260 adbuc

228 3300 650 3387 relinquatur
699 3299 987 3384 perfecta
1037 3298 1347 3382 libertas;
1395 3298 1543 3367 ideo
1595 3298 1708 3385 qui
1760 3297 2069 3385 impedit,
2122 3306 2429 3389 respectu
2477 3298 2653 3368 illius
2702 3318 2836 3368 non

229 3414 338 3476 est
390 3405 509 3474 nisi
553 3424 748 3473 causa
796 3412 1071 3474 remota.

325 3516 554 3599 Neque
602 3512 845 3580 sufficit
894 3511 1060 3578 mala
1110 3512 1436 3593 intentio;
1484 3511 1631 3581 haec
1674 3513 1851 3580 enim
1902 3511 2125 3598 operis
2175 3519 2479 3579 naturam
2529 3530 2660 3581 non
2712 3513 2838 3578 im-

231 3628 470 3705 mutat,
536 3619 654 3689 sed
714 3619 1106 3706 simpliciter
1163 3620 1336 3702 facit,
1397 3627 1492 3687 ut*
1533 3638 1887 3706 peccemus
1958 3629 2187 3688 contra
2230 3620 2654 3703 charitatem,
2706 3638 2840 3687 non

235 3736 465 3799 autem
519 3735 749 3797 contra
792 3727 1141 3815 justitiam.
1190 3730 1271 3796 Et
1322 3746 1481 3797 sane
1531 3728 1814 3797 intentio
1865 3746 1999 3796 non
2050 3734 2261 3797 mutat
2299 3746 2469 3814 opus
2517 3727 2842 3809 exterius;

234 3847 308 3907 at
357 3837 671 3922 obligatio
722 3834 1111 3905 restituendi
1163 3834 1377 3902 oritur
1422 3852 1503 3904 ex
1549 3836 1907 3905 violatione
1956 3834 2263 3905 exteriori
2310 3834 2632 3921 ‘justitiae.
2667 3836 2842 3920 Ergo

234 3944 610 4032 requiritur
657 3943 932 4029 insuper
964 3941 1136 4010 actio
1188 3946 1479 4025 externa,
1530 3960 1681 4030 quae
1716 3962 1850 4012 non
1900 3943 2119 4012 solum
2155 3942 2240 4012 sit
2289 3941 2553 4012 occasio
2594 3940 2695 4027 (ut
2743 3948 2847 4011 est

235 4056 312 4124 in
350 4052 663 4141 praesenti
697 4053 899 4134 casu),
934 4048 1054 4119 sed
1087 4049 1286 4118 etiam
1320 4068 1471 4119 vere
1529 4058 1593 4119 et
1628 4050 1910 4138 positive
1940 4051 2003 4118 in
2038 4048 2206 4119 illud
2242 4048 2494 4131 influat,
2548 4044 2847 4134 illudque

240 4160 605 4232 efficaciter
651 4166 999 4245 operetur:
1046 4156 1255 4243 farere
1299 4179 1381 4224 ex
1427 4154 1565 4225 odio
1618 4170 1730 4225 aut
1775 4158 2057 4225 vindicta
2096 4156 2212 4241 (ait
2261 4156 2464 4223 Sotus
2512 4155 2846 4241 explicans

241 4270 447 4339 verba
495 4265 818 4353 Angelici)
852 4285 981 4334 non
1012 4277 1070 4332 te
1100 4284 1284 4332 onere
1313 4264 1724 4331 restitutionis
1767 4274 2035 4349 pravam
2066 4260 2173 4329 sed
2202 4263 2408 4348 facere
2454 4262 2701 4348 injuste,
2734 4264 2850 4330 scl-

244 4376 385 4445 ls'cet
429 4375 606 4442 nullo
651 4386 756 4441 tuo
784 4375 953 4459 jure,
1001 4371 1108 4438 sed
1151 4369 1444 4437 violando
1490 4371 1790 4437 alienum.

259 4572 264 4579 ·
342 4486 436 4551 Ex
485 4482 588 4550 bis
631 4480 1012 4548 deducitur:
1066 4481 1131 4563 l)
1181 4495 1333 4546 eum
1381 4495 1515 4544 non
1565 4476 1774 4545 teneri
1825 4473 1906 4542 ad
1953 4475 2475 4557 restitutionem,
2527 4475 2639 4562 qui
2700 4477 2851 4563 Epi-

318 4680 336 4718 ¹
375 4676 520 4728 Idem
557 4677 639 4728 est
663 4674 708 4725 si
782 4674 866 4724 uis
901 4672 1154 4737 impediat
1186 4672 1350 4723 alium
1380 4683 1412 4722 a
1444 4669 1847 4734 compensando
1881 4668 2078 4720 damno
2112 4668 2257 4721 illato
2270 4680 2284 4731 ;
2317 4670 2376 4720 ut
2409 4669 2455 4721 si
2485 4671 2609 4734 quis
2630 4671 2860 4723 suadeat

257 4742 358 4795 furi
396 4751 467 4792 ne
499 4750 612 4790 rem
644 4735 768 4787 dom
795 4748 865 4786 no
898 4746 999 4786 suo
1032 4735 1239 4795 tradat3
1275 4744 1465 4785 suasor
1497 4735 1705 4785 tenetur
1738 4734 2032 4792 restituere,
2071 4732 2186 4783 rure
2222 4742 2329 4783 non
2361 4732 2688 4784 restituente.
