3292 5167
1109 266 1188 311 ne
1234 265 1480 311 acrinus
1528 264 1867 311 eutramnus
2690 251 2779 317 27

184 363 406 430 arinates
455 365 693 452 incipit
740 366 875 433 dies
919 386 963 434 a
1015 369 1323 455 Vesperies
1369 368 1532 433 unde
1575 368 1634 434 si
1678 369 1908 454 aliquis
1949 381 2089 456 post
2134 370 2331 438 dictas
2371 374 2676 459 'Vespera-3
2721 384 2780 440 et

190 472 697 556 commentorium
744 473 913 541 dicat
960 475 1357 555 Matutinum‚
1396 476 1535 561 jam
1568 476 1680 542 hoc
1716 476 1985 562 pertinet
2015 477 2100 542 ad
2143 477 2304 544 diem
2333 491 2675 564 sequentem
2708 484 2776 542 ¹:

190 578 233 647 si
272 586 496 648 tamen
547 582 870 667 Vesperae
913 581 1217 650 dicantur
1263 584 1419 649 hora
1460 584 1744 669 propria,
1794 584 1902 650 illa
1955 601 2194 668 nempe
2227 603 2377 671 quae
2430 587 2780 673 subsequi-

196 694 283 754 tur
324 687 573 756 horam
625 708 893 772 nonam,
941 708 1089 776 quae
1141 696 1241 758 est
1288 689 1503 797 media
1552 689 1727 757 inter
1773 690 2116 758 meridiem
2151 701 2216 759 et
2265 709 2612 775 occasum3
2648 700 2779 763 est-

196 817 304 886 que
349 798 617 868 diversa
654 820 776 886 pro
824 801 1101 870 diversis
1152 802 1587 887 temporibus,
1637 802 1704 868 Si
1756 802 1931 870 enim
1967 802 2411 888 anticipantur
2440 807 2777 890 vesperae,

200 924 309 975 non
360 906 514 976 ideo
569 915 801 993 posset
847 907 1058 976 valide
1095 908 1435 993 anticipari
1472 908 1885 990 Matutinum,
1936 910 1998 975 in
2049 909 2288 977 veriori
2337 913 2688 980 sententia.

273 1013 613 1084 Diximus:
661 1027 850 1081 extra
896 1016 1192 1093 chorum3
1238 1032 1385 1082 nam
1436 1014 1500 1082 in
1555 1014 1761 1083 choro
1812 1015 2126 1100 obligatio
2176 1024 2306 1098 est,
2356 1022 2431 1082 ut
2479 1018 2781 1086 Officium

204 1121 510 1189 recitetur
558 1127 865 1206 tempore
914 1122 1187 1208 praefixo
1237 1140 1268 1188 a
1313 1123 1463 1207 jure
1535 1123 1634 1191 vel
1702 1122 2229 1205 consuetudine,
2292 1142 2440 1210 quae
2515 1126 2782 1210 quidem

203 1229 386 1302 variat
435 1246 473 1294 a
521 1229 919 1297 recitatione
971 1231 1250 1314 privata;
1302 1229 1388 1296 ita
1423 1230 1583 1298 hora
1621 1234 2061 1317 vesperarum
2108 1249 2227 1315 pro
2262 1231 2467 1301 choro
2503 1239 2603 1300 est
2650 1232 2780 1316 illa,

204 1355 337 1424 quae
384 1344 492 1404 est
542 1336 757 1406 media
800 1338 975 1406 inter
1020 1337 1361 1406 meridiem
1412 1345 1477 1406 et
1525 1356 1853 1407 occasum.
1891 1342 2190 1407 Attamen
2245 1340 2502 1407 videtur
2541 1342 2781 1425 proba-

205 1445 431 1528 bilius,
484 1444 667 1531 quod
714 1444 860 1513 baec
910 1446 1223 1530 obligatio
1275 1462 1405 1512 non
1469 1446 1554 1513 sit
1624 1447 1749 1514 sub
1803 1447 2020 1531 gravi,
2081 1464 2160 1514 eo
2219 1446 2397 1532 quod
2447 1465 2578 1516 non
2630 1466 2786 1516 con-

204 1562 322 1622 stet
368 1553 451 1621 de
502 1554 678 1637 gravi
734 1561 1086 1638 praecepto.
1138 1644 1141 1647 Α

280 1663 421 1726 38.
476 1663 549 1740 Q.
600 1663 661 1727 2.
718 1663 850 1742 Quo
900 1662 1046 1742 loce,
1096 1660 1312 1727 ordine
1357 1673 1411 1728 et
1456 1663 1667 1746 forma
1713 1664 1902 1728 Horae
1948 1661 2286 1728 recitandae
2330 1668 2524 1728 sunt?

282 1772 348 1837 R.
396 1766 494 1834 Ad
549 1772 615 1834 l:
668 1768 979 1836 canonici
1032 1767 1235 1835 choro
1287 1766 1523 1835 addicti
1577 1770 1854 1837 recitare
1913 1767 2155 1836 debent
2231 1769 2496 1855 publice
2543 1769 2607 1836 in
2657 1771 2784 1839 Ec-

203 1877 385 1946 clesia
438 1895 557 1945 seu
613 1875 842 1957 chor0,
892 1882 964 1943 ut
1014 1875 1208 1944 habet
1257 1894 1490 1944 eorum
1527 1876 1876 1944 institutio.
1913 1877 2127 1944 Ceteri
2166 1884 2446 1961 possunt
2480 1877 2783 1945 Officium

202 1984 468 2052 recitare
518 2002 639 2068 per
686 2000 759 2049 se
800 1982 1132 2067 loquendo
1183 1982 1245 2049 in
1299 1984 1475 2051 omni
1519 1983 1693 2064 loco,
1740 1983 1939 2051 modo
1990 1984 2075 2050 sit
2123 1985 2284 2051 citra
2333 1983 2785 2051 distractionis

203 2091 597 2175 periculum:
651 2089 804 2156 hinc
855 2107 931 2156 ex
984 2089 1268 2174 generali
1322 2091 1519 2157 etiam
1572 2090 1834 2175 piorum
1885 2089 2067 2174 praxi
2123 2090 2422 2157 Officium
2465 2089 2527 2156 in
2565 2108 2783 2172 curru,

199 2205 255 2264 et
302 2194 793 2264 deambulando
845 2194 1102 2262 recitari
1152 2195 1341 2263 solet.
1393 2195 1460 2262 Si
1536 2214 1692 2263 vero
1753 2195 1864 2262 fiat
1937 2196 1999 2262 in
2078 2195 2240 2263 locis
2312 2195 2668 2263 immundis
2720 2201 2786 2264 et

200 2304 334 2371 sine
382 2321 585 2371 causa
631 2303 815 2387 juxta
865 2303 1049 2372 alios,
1079 2310 1178 2370 est
1223 2303 1496 2384 veniale,
1550 2320 1701 2370 cum
1753 2302 1814 2368 id
1865 2321 1995 2370 non
2049 2301 2345 2368 videatur
2393 2319 2617 2369 carere
2690 2302 2781 2369 ir-

197 2410 831 2495 reverentia;fj11xta
881 2410 1043 2477 alios
1092 2411 1349 2477 nullum
1394 2429 1542 2478 esse
1601 2417 1984 2496 peccatum,
2038 2409 2189 2496 quia
2263 2427 2414 2477 cum
2463 2412 2640 2477 Deus
2700 2410 2785 2479 sit

196 2517 459 2602 ubique,
511 2518 766 2602 ubique
814 2535 973 2584 sane
1030 2516 1274 2584 laudari
1344 2524 1584 2602 potest.
1654 2517 1815 2584 Hinc
1863 2516 2259 2601 Apostolus:
2325 2517 2546 2583 volo...
2611 2517 2789 2583 orari

196 2625 257 2690 in
302 2626 475 2690 omni
526 2626 658 2691 loco
690 2623 740 2690 ².

280 2733 354 2798 R.
404 2729 505 2797 Ad
556 2733 627 2795 2:
679 2733 771 2798 Eo
822 2729 1052 2798 ordine
1103 2734 1296 2799 Horae
1364 2732 1699 2799 canonicae
1751 2729 2103 2799 recitandae
2156 2736 2347 2812 sunt,
2397 2747 2531 2815 quo
2581 2748 2788 2814 expo-

201 2847 445 2904 nuntur
494 2838 560 2903 in
626 2837 1003 2918 Breviario3
1053 2848 1117 2904 et
1167 2839 1276 2924 qui
1328 2839 1578 2923 absque
1635 2838 1813 2922 justa
1883 2854 2075 2904 causa
2152 2835 2335 2902 illum
2409 2835 2781 2917 inverterit,

201 2951 444 3030 peceat,
497 2945 651 3029 quia
719 2952 1130 3030 praeceptum
1180 2946 1415 3020 violat:
1466 2945 1609 3011 haec
1661 2951 1876 3011 tamen
1929 2942 2213 3011 inversio
2280 2961 2411 3009 non
2485 2941 2792 3010 invalidat

200 3051 522 3131 Officium,
575 3069 794 3136 neque
846 3052 1141 3119 mortalis
1193 3060 1327 3134 est3
1380 3069 1530 3120 cum
1580 3051 1793 3120 adhuc
1843 3057 1980 3119 tota
2030 3049 2209 3117 illius
2259 3049 2626 3117 substantia
2674 3050 2792 3118 ha-

202 3158 451 3225 beatur.
501 3161 716 3225 Justae
769 3165 987 3225 autem
1040 3177 1256 3227 causae
1309 3161 1609 3227 ordinem
1676 3156 2041 3227 invertendi
2114 3158 2556 3225 communiter
2602 3167 2791 3225 sunt:

205 3300 278 3313 -
337 3267 403 3350 l)
455 3268 507 3333 si
564 3266 712 3350 quis
764 3266 846 3333 ab
896 3267 1105 3334 amico
1142 3268 1471 3335 invitetur
1507 3267 1586 3334 ad
1635 3267 2025 3335 Matutinum
2078 3281 2303 3332 secum
2339 3282 2466 3331 una
2515 3266 2795 3333 recitan-

208 3372 361 3440 dum
414 3391 535 3458 pro
583 3374 689 3441 die
740 3375 1069 3459 sequenti,
1119 3374 1411 3442 nondum
1463 3374 1822 3460 persolutis
1878 3371 2223 3459 Vesperis;
2272 3408 2362 3421 —-
2420 3373 2489 3457 2)
2539 3372 2590 3439 si
2645 3375 2792 3459 quis

205 3497 432 3547 carens
484 3480 833 3548 Breviario
882 3482 1271 3549 memoriter
1319 3482 1552 3550 recitet
1600 3485 1809 3549 Horas
1845 3486 1995 3548 ante
2027 3478 2439 3558 Matutinum,
2477 3496 2624 3546 cum
2661 3498 2793 3548 non

210 3587 418 3671 possit
490 3587 851 3655 commode
912 3606 1135 3657 earum
1201 3590 1658 3658 recitationem
1731 3588 2027 3668 differre;
2074 3625 2166 3635 —-
2210 3588 2278 3674 3)
2343 3587 2394 3654 si
2462 3588 2611 3672 quis
2664 3605 2792 3655 non

211 3694 438 3762 habeat
492 3695 846 3763 Lectiones
897 3694 976 3761 ad
1024 3714 1333 3778 manum,
1386 3703 1605 3781 potest
1670 3697 1948 3764 recitare
2020 3694 2312 3778 psalmos
2380 3694 2680 3761 Matutini
2731 3700 2797 3762 et

210 3800 474 3884 reliqua,
526 3800 747 3868 dilatis
803 3802 1272 3883 Lectionibus3
1320 3840 1407 3851 —
1455 3805 1524 3887 4)
1573 3802 1625 3869 si
1679 3803 1825 3887 quis
1875 3801 2231 3868 canonicus
2281 3799 2465 3867 tarde
2514 3799 2594 3866 ad
2642 3800 2798 3868 cho·

212 3924 349 3974 rum
397 3908 687 3987 accedat,
742 3908 977 3976 Officio
1030 3909 1364 3977 communi
1406 3909 1541 3994 Jam
1590 3910 1875 3993 incepto
1931 3908 2109 3974 Idem
2159 3914 2259 3974 est
2307 3906 2388 3973 de
2438 3907 2558 3972 alia
2601 3907 2794 3974 simili

211 4030 395 4081 causa
444 4015 847 4082 rationabili.

296 4123 359 4189 R.
407 4121 502 4190 Ad
549 4124 631 4189 3:
686 4121 883 4202 Quod
930 4122 1008 4189 ad
1055 4125 1327 4208 formam
1377 4125 1682 4208 pertinet,
1735 4125 1964 4191 stricte
2014 4129 2092 4192 et.
2127 4122 2250 4189 sub
2300 4127 2571 4205 peccato
2621 4138 2796 4188 mor-

218 4225 316 4292 tali
366 4238 463 4296 est
511 4227 993 4314 obligatorium
1043 4231 1449 4299 Breviarium
1499 4234 1866 4299 Romanum
1911 4248 1989 4297 ex
2041 4230 2283 4296 Sancto
2319 4226 2437 4295 Pio
2478 4230 2533 4295 V
2581 4228 2798 4313 quoad

265 4402 282 4441 ¹
316 4403 500 4464 Quodl.
528 4416 583 4466 v,
606 4416 661 4455 a.
688 4407 772 4456 28.
812 4405 907 4455 Alii
942 4404 1123 4457 dicunt
1155 4407 1467 4457 matutinum
1504 4405 1710 4456 recitari
1747 4416 1902 4467 posse
1939 4405 2077 4453 bora
2148 4413 2227 4451 uae
2264 4402 2482 4465 propior
2515 4400 2680 4452 estad
2713 4414 2799 4451 oc-

206 4475 391 4527 casum,
426 4467 518 4518 alii
556 4468 705 4518 bora
739 4477 864 4529 quae
895 4470 975 4520 est
1008 4467 1181 4520 media
1213 4468 1352 4519 inter
1387 4468 1662 4518 meridiem
1694 4471 1747 4517 et
1777 4476 2032 4517 occasum
2053 4504 2065 4516 .
2148 4463 2252 4536 uod
2288 4464 2425 4514 idem
2452 4466 2549 4522 est,
2577 4474 2698 4512 narn
2729 4466 2805 4514 in-

197 4528 425 4591 eiptendo
458 4529 853 4582 recitationem
887 4530 975 4580 illa
1008 4530 1180 4580 media
1216 4531 1346 4580 hora
1372 4567 1386 4590 ‚
1420 4531 1530 4592 jam
1566 4529 1655 4580 illa
1689 4531 1874 4591 incipit
1903 4538 2018 4578 esse
2073 4538 2289 4590 promor
2322 4527 2385 4576 ad
2416 4536 2684 4576 occasum.
2716 4527 2804 4576 Ce-

197 4597 353 4643 terum
384 4594 614 4657 praestat
648 4593 717 4641 ut
752 4592 993 4642 recitatio
1026 4593 1117 4644 nat
1141 4593 1295 4655 juxta
1328 4593 1679 4643 Directortum
1714 4603 1808 4643 seu
1842 4589 2088 4644 tabellam
2119 4589 2466 4640 Dioecesis.—
2493 4588 2547 4636 V.
2572 4588 2800 4648 Lignori,

193 4654 504 4781 ‘'gfff-{3²:133
538 4657 601 4769 1¹5.
620 4666 719 4753 ¹1⁹-
744 4655 1091 4778 ¹¹1³.¹1⁷.ig'uori‚
1128 4717 1218 4780 op.
1257 4718 1411 4776 Mor„
1446 4716 1483 4767 ι.
1519 4728 1584 4766 ιν.
1619 4728 1673 4768 n.
1713 4717 1820 4767 ω.
