3292 5167
1375 214 1477 269 ,nn
1524 211 1665 261 elne
2680 193 2809 262 661

199 314 410 395 quasi
454 316 623 378 viam
666 324 731 378 et
775 315 1206 379 initiationem
1251 316 1612 380 habendam
1657 333 1800 380 esse
1842 316 2217 383 felicitatem
2274 316 2565 393 civilem,
2609 326 2817 381 mate·
2879 362 2885 370 .

217 396 453 461 cialem
496 406 560 460 et
606 406 926 460 terrenam
949 398 984 473 3'
1018 397 1170 461 licet
1212 406 1608 477 compertum
1654 397 1916 461 omnino
1960 399 2044 462 sit
2079 398 2476 474 felicitatem,
2506 399 2585 461 ad
2616 413 2813 478 quam

210 475 468 540 conditi
514 493 753 555 sumus,
798 476 987 541 talem
1031 492 1214 553 esse,
1282 495 1468 557 quam
1510 479 1778 541 mundus
1822 479 1980 541 dare
2023 497 2146 544 non
2228 487 2402 543 otest.
2446 479 2523 541 Et
2565 478 2688 542 alia
2734 478 2817 540 si·

219 556 420 632 milia,
508 572 605 620 nae
646 558 714 619 in
760 559 1225 622 recentioribus
1268 558 1647 637 quibusdam
1706 559 2127 637 scriptoribus
2201 563 2522 642 praecipne
2581 557 2809 638 italis),

198 653 378 717 quos
422 638 470 700 ii
514 638 715 700 erales
760 639 1104 717 appellant,
1145 639 1256 701 sed
1302 639 1533 702 melius
1578 639 1817 701 dixerit
1860 638 2214 716 libertinos,
2264 640 2481 720 legere
2525 651 2621 703 est
2659 639 2706 701 ¹.

385 718 445 798 c)
475 719 1011 799 Progressismus:
1049 721 1494 801 progressismi
1541 722 1820 794 nomine,
1851 730 1920 783 ut
1942 730 2037 782 est
2074 722 2225 784 fidei
2257 722 2809 801 impedimentum,

215 814 444 862 eorum
491 800 911 879 intelligimus
955 802 1288 876 insaniam,
1335 801 1440 880 qni
1488 801 1729 863 divinae
1764 799 2158 864 Revelationi
2201 801 2368 863 bello
2407 800 2647 863 indicto
2694 801 2805 862 hu·

221 893 483 941 manum
533 896 939 960 progressum
986 880 1282 943 laudibus
1326 881 1650 953 efferunt,
1698 890 1763 943 et
1808 882 1978 944 hunc
2023 884 2085 953 iil
2151 882 2553 962 Religionem
2598 882 2800 960 ipsam

211 960 601 1022 catholicam
645 977 805 1025 ausu
846 962 1164 1039 sacrilego
1209 962 1517 1024 inducere
1565 963 1865 1024 nituntur
1936 963 2207 1040 perinde
2252 980 2325 1029 ac
2388 964 2441 1024 si
2489 961 2647 1023 fides
2691 977 2798 1023 no·

211 1047 349 1103 stra
397 1057 525 1102 non
569 1042 717 1117 Dei,
758 1042 871 1104 sed
919 1043 1249 1105 hominum
1293 1059 1451 1120 opus
1496 1050 1684 1117 esset,
1717 1052 1827 1104 aut
1933 1042 2401 1125 hilosopbicum
2445 1044 2804 1118 inventum,

199 1120 385 1199 quod
427 1122 722 1184 humanis
767 1124 972 1185 modis
1015 1123 1233 1205 perfici
1281 1125 1521 1202 possit:
1559 1059 2030 1188 Abominagites
2072 1123 2236 1204 facti
2280 1127 2347 1189 in
2390 1123 2620 1185 studiis
2666 1122 2798 1187 suis

210 1199 323 1279 (ad
370 1217 504 1264 rem
553 1202 697 1264 Pius
740 1201 849 1282 lx)
897 1202 1156 1266 humani
1192 1219 1559 1282 propressus
1603 1201 1860 1266 obtentu
1897 1204 2075 1283 fidem
2132 1206 2454 1268 destruere
2482 1251 2497 1273 ,
2545 1219 2678 1265 eam
2726 1219 2801 1264 ue

205 1281 456 1345 rationi
497 1280 829 1362 subjicere,
880 1301 956 1346 ac
998 1284 1112 1347 Dei
1150 1284 1397 1362 eloquia
1439 1284 1748 1346 invertere
1788 1286 2215 1361 contendunt,
2252 1300 2631 1363 summopere
2730 1300 2796 1346 eo

209 1361 340 1441 ipsi
383 1363 696 1439 insariam
737 1365 979 1445 inferre
1018 1382 1143 1428 non
1184 1362 1603 1444 reformidant
1646 1366 1756 1444 qui
1796 1365 2033 1428 coeiesti
2073 1383 2190 1428 sua
2232 1366 2550 1447 Reiipione
2594 1363 2787 1426 homi·

203 1459 365 1506 num
399 1441 574 1521 bono,
616 1451 806 1525 atque
838 1446 1038 1507 saluti
1077 1444 1545 1507 clementissime
1588 1446 1907 1508 consulere
1937 1456 2031 1509 est
2057 1448 2392 1529 diqnatus:
2429 1461 2570 1526 quae
2602 1445 2792 1507 verba

214 1524 536 1599 retulisse,
582 1525 1111 1605 progressismum
1160 1525 1529 1587 radicaliter
1573 1524 1938 1589 confutasse
1981 1538 2099 1589 est.

294 1604 525 1684 Utique
559 1604 662 1668 vel
707 1607 770 1667 in
818 1607 949 1685 ipsa
993 1606 1304 1668 catholica
1359 1605 1638 1668 Ecclesia
1705 1607 2141 1683 admittendus
2208 1617 2306 1671 est
2360 1606 2595 1686 aliquis
2654 1621 2798 1683 pro·

209 1701 470 1763 gressus
512 1696 579 1748 et
619 1686 879 1765 quidem
924 1689 1269 1749 maximus:
1313 1687 1426 1748 sed
1473 1686 1737 1766 qualis?
1782 1687 1929 1751 talis
1971 1689 2224 1767 qualem
2281 1687 2590 1751 describit
2635 1685 2788 1748 Vin·

174 1769 463 1851 *centius
506 1765 877 1845 Lyrinensis
922 1769 986 1828 in
1033 1783 1145 1829 suo
1196 1766 1667 1841 Commentario,
1715 1777 1783 1830 ut
1849 1784 2078 1848 nempe
2133 1786 2272 1831 vere
2336 1766 2654 1848 profectus
2699 1766 2791 1828 sit

209 1845 320 1908 ille
358 1847 522 1927 fidei,
563 1865 684 1910 non
725 1847 1102 1925 permutatio
1119 1869 1147 1919 ,·
1193 1850 1252 1910 si
1297 1849 1494 1910 uidem
1527 1849 1608 1910 ad
1640 1848 1991 1928 profectum
2021 1851 2320 1929 pertinet,
2353 1856 2427 1913 ut
2461 1850 2527 1910 in
2570 1852 2786 1908 semet·

211 1927 419 2004 ipsum
460 1944 849 2007 unaquaeque
891 1945 990 1991 res
1033 1866 1488 2009 amplifiqcetur:
1531 1931 1613 1990 ad
1654 1932 2177 2007 permutationem
2229 1948 2371 1993 vero
2427 1937 2501 1990 ut
2541 1928 2790 2007 aliquid

201 2023 291 2069 ex
325 2008 451 2070 alio
494 2011 563 2070 in
605 2009 783 2071 aliud
821 2016 1229 2087 permutetur.
1274 2010 1414 2071 Erit
1479 2011 1695 2089 itaque
1741 2027 1929 2073 verus
1973 2020 2163 2090 atque
2220 2011 2494 2073 eximius
2556 2009 2622 2070 in
2681 2008 2793 2070 Ec-

210 2085 403 2151 clesia
448 2089 760 2151 catholica
807 2106 1226 2170 progressus,
1257 2090 1310 2152 si
1359 2090 1494 2153 baec
1538 2090 1727 2153 annis
1770 2092 2226 2163 consolidetur,
2280 2091 2592 2153 dilatetur
2637 2095 2784 2150 tem·

200 2183 376 2246 pore,
422 2167 800 2233 sublimetur
840 2176 1042 2246 (etate,
1085 2170 1180 2231 ita
1213 2177 1419 2232 tamen
1461 2176 1536 2232 ut
1575 2172 1947 2251 incorrupta
1991 2180 2054 2235 et
2094 2170 2351 2234 illibata
2392 2177 2782 2250 permaneat,

199 2254 272 2310 et
312 2248 475 2312 nihil
516 2250 584 2312 in
623 2257 866 2313 natura
899 2268 1018 2313 sua
1041 2252 1531 2330 permutationis
1561 2253 1886 2329 admittat,
1922 2270 2116 2334 neque
2150 2253 2286 2315 ulla
2328 2252 2624 2331 patiatur
2649 2265 2788 2328 pro-

195 2329 509 2406 prietatis
551 2348 678 2393 suoe
717 2332 1046 2410 dispendia
1087 2327 1185 2411 (V.
1233 2329 1550 2410 Syllabas,
1597 2350 1657 2393 n.
1704 2332 1831 2410 80).

372 2410 441 2491 d)
470 2411 955 2475 Massonismus:
982 2411 1466 2492 complectimur
1491 2414 1607 2474 boc
1634 2410 1942 2474 vocabulo
1964 2428 2186 2475 omnes
2216 2423 2419 2476 sectas
2446 2410 2588 2473 illas
2620 2409 2785 2472 clan-

201 2486 495 2553 destinas
537 2491 1138 2572 (quomodocunque
1177 2492 1432 2555 tandem
1477 2501 1951 2572 nuncupentur,
1993 2509 2136 2556 cum
2183 2495 2245 2556 in
2289 2510 2459 2555 more
2504 2490 2787 2555 babeant

203 2583 445 2634 nomen
489 2573 606 2635 sibi
658 2575 721 2633 in
768 2572 905 2635 dies
949 2573 1275 2636 diversum
1325 2577 1675 2653 imponere,
1724 2581 1793 2636 ut
1838 2572 2087 2636 facilius
2136 2573 2445 2637 latescant
2495 2587 2568 2635 ac
2611 2572 2782 2634 deci·

209 2652 438 2732 piant),
478 2668 747 2732 quarum
779 2671 1006 2732 scopus
1040 2662 1138 2716 est
1165 2653 1451 2717 divinam
1490 2655 1789 2716 Ecclesiae
1826 2656 2270 2717 auctoritatem
2303 2663 2368 2717 et
2404 2653 2578 2732 leges
2614 2668 2785 2714 acer·

197 2731 370 2794 rime
414 2749 783 2813 oppugnare
813 2780 830 2811 ,
883 2734 1231 2814 legitimam
1291 2733 1661 2813 Principum
1705 2736 1899 2797 etiam
1936 2735 2341 2798 saecularium
2406 2740 2783 2814 potestatem

203 2809 527 2891 frangere,
574 2815 786 2877 omnia
832 2830 960 2877 uno
1009 2816 1200 2878 verbo
1247 2822 1378 2877 tum
1421 2830 1597 2877 sacra
1650 2823 1780 2878 tum
1827 2814 2040 2877 civilia
2087 2816 2504 2878 conculcare:
2551 2818 2679 2875 imo
2725 2814 2780 2874 si

194 2891 345 2954 fleri
392 2905 604 2973 posset
645 2895 1065 2958 christianam
1110 2893 1509 2973 Religionem
1558 2894 1853 2959 funditur
1910 2904 2221 2959 evertere.
2267 2897 2430 2958 Hinc
2479 2892 2779 2956 manuale

191 2970 561 3037 Massonum
629 2974 818 3037 babet
860 2978 1031 3038 inter
1074 2985 1324 3039 cetera:
1369 2976 1599 3039 Perrhe
1644 2978 1713 3039 in
1757 2982 1926 3039 tutta
1989 2976 2052 3038 la
2102 2977 2492 3039 massoneria
2537 2992 2659 3038 non
2719 2975 2784 3035 si

195 3053 525 3117 riseontra
566 3074 649 3118 un
691 3054 819 3119 solo
860 3053 1116 3120 simbolo
1148 3055 1502 3119 cristiano?
1527 3056 1749 3137 perche
1794 3058 1843 3120 il
1885 3073 2221 3136 compasso,
2272 3058 2335 3120 ia
2378 3057 2681 3136 squadra,
2732 3054 2784 3116 it

200 3132 453 3197 divello?
491 3134 712 3215 perche
741 3137 791 3198 it
831 3153 1003 3200 nome
1029 3138 1112 3201 ,di
1159 3137 1364 3201 Cri-sto
1407 3155 1527 3200 non
1561 3140 1599 3199 e
1640 3137 1946 3217 proferito
1976 3153 2101 3199 una
2146 3138 2239 3200 sol
2281 3139 2449 3199 volta
2494 3138 2598 3199 nei
2641 3135 2780 3216 qiu-

198 3215 474 3278 rumenti
488 3215 780 3296 ?·perclte
822 3234 946 3279 non
985 3220 1044 3280 si
1083 3218 1224 3281 vede
1264 3219 1510 3299 fiqurar
1568 3216 1631 3279 la
1704 3235 1877 3280 croce
1903 3220 1935 3280 9
1996 3217 2053 3279 ll
2106 3218 2330 3296 perche
2371 3220 2401 3279 e
2447 3219 2556 3296 qui
2571 3236 2593 3278 .·
2652 3232 2781 3279 nna

195 3298 585 3359 massoneria
642 3299 956 3375 cristiana
998 3295 1254 3362 sarebbe
1297 3315 1426 3361 una
1465 3298 1782 3378 flaprante
1824 3299 2372 3374 contraddizione,
2422 3317 2508 3361 un
2550 3297 2780 3360 circvlo

185 3376 533 3455 quadrato,
573 3394 698 3441 ecc.
742 3379 795 3441 A
841 3387 1004 3442 meta
1039 3380 1267 3443 ultima
1309 3378 1797 3441 de'suoi-iavori
1838 3380 1897 3441 si
1993 3378 2216 3458 refiqpe
2272 3380 2339 3441 di
2394 3376 2778 3459 raccoqliere

187 3457 360 3519 tutti
399 3458 493 3537 qli
531 3460 773 3521 uomini
815 3457 1003 3523 liberi
1044 3461 1112 3523 in
1153 3476 1282 3522 una
1324 3476 1490 3539 pron
1543 3457 1839 3539 famiylia
1865 3506 1883 3536 ,
1963 3476 2002 3521 a
2045 3460 2227 3538 quale
2265 3476 2452 3540 possa
2495 3478 2524 3521 e
2580 3456 2777 3521 debba

185 3552 344 3615 poco
386 3555 426 3601 a
453 3555 599 3618 poco
641 3541 964 3602 succedere
1007 3557 1047 3603 a
1092 3548 1251 3603 tutte
1298 3540 1351 3602 le
1399 3539 1609 3602 Chiese
1652 3540 1904 3620 fondate
1947 3540 2114 3602 sulla
2157 3540 2291 3620 fede
2336 3542 2504 3603 cieca
2546 3556 2577 3600 e
2610 3540 2772 3601 i’au-

191 3619 398 3682 corita
439 3623 797 3696 tect-ration,
839 3637 880 3685 a
923 3622 1078 3683 tutti
1119 3622 1143 3682 i
1182 3621 1344 3683 culti
1382 3620 1842 3699 superstiziosi‚
1889 3620 2288 3685 intolleranti
2329 3638 2360 3683 e
2404 3621 2630 3684 nemici
2669 3619 2778 3698 fra

192 3698 351 3774 loro,
388 3717 502 3779 per
544 3703 872 3763 costituire
916 3701 980 3763 ia
1012 3718 1160 3764 vera
1201 3720 1231 3764 e
1274 3700 1407 3764 sola
1454 3700 1674 3764 Cniesa
1716 3700 2186 3763 dell'Umanied.

270 3779 394 3842 Eas
439 3797 625 3858 porro
669 3790 873 3844 sectas
920 3780 1215 3843 infandas
1258 3781 1647 3845 damnarunt
1691 3780 2034 3844 Pontifices
2081 3780 2218 3843 fere
2277 3796 2499 3843 omnes
2562 3796 2593 3842 a
2642 3777 2772 3841 Cle·
2810 3820 2817 3827 -

189 3868 410 3923 mente
450 3860 560 3923 ΧΠ
603 3862 680 3923 ad
727 3862 906 3926 Pium
953 3860 1053 3937 IX,
1097 3862 1336 3924 inflicta
1378 3877 1560 3941 poena
1601 3862 2265 3925 excommunicationis
2309 3862 2444 3939 ipso
2486 3859 2778 3940 facto,et

187 3948 524 4005 reservatae
568 3950 696 4005 tam
737 3943 806 4006 in
847 3958 1003 4016 eum,
1050 3943 1159 4022 qui
1197 3938 1279 4005 ab
1323 3942 1541 4005 iisdem
1581 3941 2006 4016 societatibus,
2048 3958 2265 4005 earum
2294 3938 2579 4016 coetibus,
2626 3957 2771 4004 con·

181 4023 519 4086 venticulis
562 4030 623 4085 et
662 4019 1216 4105 appreqationibus
1259 4039 1380 4085 non
1440 4039 1503 4084 se
1546 4020 1862 4100 abstinet,
1914 4024 2008 4085 vel
2061 4022 2303 4087 easdem
2354 4021 2774 4104 quoquomodo

249 4245 272 4285 1
307 4244 405 4306 Qui
435 4245 584 4308 cupit
612 4243 767 4297 valde
800 4243 1105 4297 accuratam
1137 4243 1615 4297 semirationalismi
1651 4242 1825 4294 deseri
1865 4242 2084 4302 tionem,
2120 4242 2275 4293 adeat
2306 4242 2576 4315 egregium
2610 4254 2772 4305 opus:

185 4309 263 4359 La
297 4306 478 4359 Civitta
510 4308 775 4369 Cattoltca,
812 4318 912 4360 ser.
948 4309 1021 4367 1⁸,
1056 4306 1165 4358 vol.
1195 4319 1315 4368 vni,
1350 4317 1494 4358 anno
1525 4306 1574 4365 3,
1613 4316 1728 4367 pag.
1870 4315 1884 4365 ;
1920 4306 1975 4356 et
2000 4306 2261 4357 Allocutlo
2286 4304 2362 4355 Pii
2389 4305 2457 4354 lx
2487 4305 2770 4368 smyucari,

183 4373 217 4422 9
247 4369 377 4431 dec.,
412 4372 534 4422 1854
564 4371 726 4433 (apud
766 4371 871 4423 Cio.
909 4371 1066 4432 (λιιι,
1101 4380 1204 4422 ser.
1238 4372 1311 4431 2²,
1349 4372 1385 4420 t-.
1421 4379 1504 4430 1x;
1547 4370 1599 4419 et
1635 4369 1689 4418 in
1723 4367 1958 4441 saltabo,
1985 4378 2078 4418 nn.
2127 4372 2160 4419 8
2208 4370 2261 4418 et
2310 4378 2458 4439 seqq.
2497 4391 2561 4404 -—
2593 4367 2772 4440 curci,

179 4431 301 4483 Una
331 4434 650 4514 divinazione
678 4432 807 4484 suile
836 4437 916 4485 tre
948 4434 1127 4486 ultime
1161 4432 1321 4495 Opere
1353 4433 1403 4483 aa·
1448 4430 1697 4482 Vincenzo
1735 4428 1991 4481 Gtobertt:
2026 4430 2055 4479 1
2086 4432 2456 4494 Proleqoment,
2491 4430 2537 4480 ΙΙ
2565 4431 2781 4482 Gesuita

183 4505 364 4630 mffiv.
397 4493 868 4619 gtffrssa‘fpffffiffiffi
901 4568 1050 4632 scopo
1083 4553 1900 4630 wlla·F1·amaswnnia·scritta
1932 4553 2003 4605 da
2038 4565 2124 4629 un·
2150 4555 2502 4606 Framassone
2534 4555 2630 4606 cbe
2660 4526 2781 4630 non

179 4616 216 4668 e
249 4618 356 4681 piu,
391 4621 489 4671 art.
527 4629 647 4672 vm:
685 4621 1010 4671 Massontsmi
1044 4617 1247 4671 statutt.
1279 4643 1342 4655 —
1380 4620 1433 4667 V.
1471 4620 1722 4677 Ravvittt,
1763 4617 1898 4669 Delie
1930 4621 2124 4668 recenti
2170 4622 2448 4668 noventur-e
2494 4616 2774 4670 d'ltataa:

123 4755 131 4761 ⁸
171 4678 249 4730 Le
278 4693 443 4735 cause.
485 4681 725 4743 venezia,
762 4684 900 4735 1865.
934 4708 998 4721 -
1029 4681 1085 4732 1:
1106 4682 1259 4734 Ueaitd
1293 4682 1556 4743 Cattotica,
1593 4683 1674 4739 21,
1714 4683 1776 4731 ὴ
1811 4680 1990 4744 lugllo,
2030 4681 2167 4734 1862.

270 4766 537 4847 Senum,
589 4765 916 4850 Theotoqia
961 4773 1085 4834 ete.
1133 4768 1203 4834 T.
1251 4766 1327 4833 11.
2482 4762 2568 4829 42
