3292 5167
478 187 607 251 532
1140 200 1253 247 ιιη.
1305 200 1370 247 ιι.
1420 203 1630 248 aanor.
1683 200 1784 246 vn.
1834 200 1989 248 nise.
2040 201 2102 248 ιι,
2155 204 2284 249 cae.
2337 202 2398 247 ιι.

659 311 713 373 l.
766 305 883 386 Qui
935 304 1237 390 pluribus
1289 305 1592 389 personis
1643 306 1919 386 furatur,
1968 321 2201 390 parum
2250 304 2515 391 quidem
2567 305 2888 392 singulis,
2954 306 3075 375 sed

474 414 755 482 multum
805 414 867 480 in
921 412 1119 498 globo
1171 431 1289 480 seu
1342 414 1540 480 simul
1593 419 1963 498 sumptum,
2023 414 2246 480 statim
2293 432 2364 481 ac
2419 416 2713 499 pervenit
2760 414 2840 482 ad
2890 422 3076 484 nota-

475 522 676 590 bilem
724 521 1162 606 quantitatem
1211 528 1441 605 peccat
1495 521 1822 605 graviter-3
1873 520 2025 605 qnia
2074 519 2307 589 dolose
2350 520 2614 589 ditescit
2639 521 2719 589 de
2751 541 2823 590 re
2861 521 3077 591 aliena

475 630 671 715 gravi.
724 630 887 696 Hinc
946 628 1334 713 Scriptura:
1383 631 1530 695 Non
1583 630 1831 696 habebis
1874 631 1943 695 in
1986 631 2233 696 sacffllo
2278 628 2523 698 diversa
2566 630 2888 717 pondera:
2940 643 3079 698 sta-

473 750 608 804 tera
653 736 867 803 dolosa
910 735 1289 803 abominatio
1336 747 1424 802 est
1483 737 1655 821 apud
1698 737 2037 804 Dominum
2085 734 2133 804 ¹.

654 847 715 910 2.
765 844 830 910 Si
882 842 1182 929 plerique
1230 843 1430 911 simul
1481 844 1598 910 uni
1672 843 1978 912 furentur
2038 859 2262 929 pauca,
2335 859 2489 930 quae
2554 845 2749 913 simul
2799 845 3083 916 collecta

476 950 792 1019 damnum
838 968 1031 1036 grave
1081 949 1388 1035 proximo
1446 952 1762 1034 irrogent,
1812 960 1973 1019 tnnc
2018 952 2073 1019 si
2125 951 2189 1018 id
2253 958 2446 1037 agant
2516 955 2851 1021 communi
2922 973 3089 1023 con·

476 1076 677 1126 sensu
729 1065 928 1141 atque
975 1057 1297 1139 consilio,
1380 1058 1623 1142 singuli
1676 1058 1962 1144 graviter
2037 1065 2348 1143 peccant;
2419 1059 2571 1144 quia
2641 1060 2881 1146 singuli
2954 1078 3084 1129 suo

479 1165 758 1234 consilio
807 1175 1006 1252 atque
1062 1183 1390 1233 consensu
1488 1172 1937 1250 cooperantur
1976 1166 2316 1234 moraliter
2360 1167 2425 1234 in
2477 1173 2691 1234 totum
2732 1167 3074 1247 damnum,

478 1273 764 1360 ideoque
811 1275 1008 1342 etiam
1065 1273 1307 1358 singuli
1359 1282 1682 1342 tenentur
1728 1274 1793 1341 in
1842 1273 2129 1343 solidum
2181 1275 2261 1342 ad
2327 1275 2834 1344 restitutionem.
2887 1274 3083 1355 Quod

480 1385 532 1450 si
585 1388 777 1467 agant
836 1380 1361 1466 independenter
1406 1399 1580 1448 unus
1631 1381 1714 1449 ab
1764 1381 1915 1462 alie,
1966 1400 2160 1450 nemo
2209 1400 2442 1451 eorum
2490 1388 2719 1467 peccat
2790 1382 3087 1450 mortali-

480 1498 600 1570 ter,
650 1507 866 1576 neque
916 1489 1113 1556 ullam
1166 1489 1501 1556 contrahit
1556 1488 1951 1556 restituendi
2002 1490 2475 1574 obligationem
2549 1506 2853 1573 gravem:
2926 1489 3083 1575 quia

480 1605 640 1666 tunc
687 1614 883 1665 nemo
932 1603 1112 1665 esset
1160 1613 1356 1664 causa
1419 1595 1790 1663 formaliter
1838 1597 2079 1683 injusta
2129 1598 2340 1682 gravis
2388 1597 2629 1665 damni.
2701 1599 2843 1664 Imo
2920 1615 3084 1682 pro-

478 1703 964 1773 babilissimum
1011 1710 1136 1785 est,
1187 1705 1518 1772 neminem
1583 1720 1817 1772 eorum
1881 1705 2503 1789 peccaregraviter,
2555 1704 2809 1772 etiamsi
2868 1705 3085 1772 sciant

485 1830 602 1898 per
648 1812 898 1879 minuta
952 1810 1059 1877 illa
1109 1810 1277 1878 furta
1327 1829 1527 1895 grave
1576 1810 1888 1894 damnum
1936 1810 2207 1880 domino
2256 1812 2533 1897 irrogari
2549 1837 2568 1894 ;
2602 1830 2869 1897 semper
2901 1811 3083 1880 enim

479 1940 708 1993 verum
757 1928 854 1989 est
903 1917 1240 1988 neminem
1289 1936 1437 1987 esse
1495 1935 1759 1988 causam
1806 1919 2143 1987 efficacem
2191 1920 2398 1987 totius
2447 1917 2701 2002 damni,
2774 1917 2893 1986 sed
2965 1935 3087 2004 per

481 2029 786 2098 accidens
856 2026 936 2094 ab
1019 2025 1163 2094 aliis
1235 2025 1503 2095 obvenit
1580 2025 2016 2093 domin0.1ta
2088 2026 2351 2107 Habert,
2405 2027 2693 2108 Lessiu8‚
2758 2024 3080 2108 Sanchez,

482 2140 685 2205 Sotus
732 2133 977 2219 aliique
1025 2131 1271 2218 plnres.

660 2244 719 2310 3.
772 2241 893 2324 Qui
944 2241 1056 2310 uni
1116 2239 1363 2325 pluries
1410 2240 1690 2322 furatur,
1740 2238 1855 2308 sed
1906 2256 2140 2326 parum
2188 2239 2465 2327 singulis
2513 2239 2787 2320 vicibuS,
2837 2239 2891 2307 si
2944 2256 3077 2307 non

481 2350 778 2420 intendat
825 2349 1068 2417 inferre
1124 2366 1316 2434 grave
1367 2347 1703 2430 damnum,
1756 2365 1972 2434 neque
2033 2348 2373 2435 paullatim
2424 2347 2770 2429 ditescere,
2823 2347 2889 2414 in
2938 2347 3076 2415 sin-

481 2457 650 2544 gulis
709 2456 902 2524 furtis
949 2455 1205 2524 levibus
1260 2472 1395 2523 non
1445 2465 1675 2540 peccat
1723 2456 2028 2541 graviter,
2080 2456 2234 2541 quia
2273 2464 2431 2524 tunc
2474 2456 2651 2523 nulla
2712 2462 2816 2523 est
2886 2453 3076 2533 ratio,

481 2583 610 2652 qua
659 2564 825 2632 latro
875 2566 1088 2650 possit
1144 2563 1438 2632 damnari
1495 2563 1577 2631 de
1625 2563 1930 2632 mortali:
1982 2580 2112 2631 non
2162 2582 2270 2633 res
2318 2564 2554 2631 furtiva
2604 2581 2774 2650 quae,
2816 2568 2890 2630 ut
2924 2579 3080 2647 sup·

480 2673 773 2759 ponitur,
823 2671 1084 2741 modica
1134 2677 1278 2754 est3
1329 2690 1460 2740 non
1512 2671 1772 2740 animus
1822 2672 2003 2755 furiS,
2052 2672 2163 2759 qui
2200 2690 2332 2741 non
2367 2673 2564 2741 habet
2600 2670 3076 2741 conscientiam

479 2781 608 2848 nisi
657 2779 738 2846 de
788 2778 933 2847 levi.
985 2778 1234 2865 Excipe
1272 2796 1518 2861 casum,
1574 2797 1708 2865 quo
1756 2779 1927 2846 furta
1986 2780 2147 2848 levia
2195 2778 2392 2848 simul
2441 2785 2705 2864 sumpta
2754 2794 3074 2864 pervene-

480 2889 614 2955 rint
661 2885 741 2952 ad
789 2885 1150 2954 notabilem
1204 2886 1663 2971 quantitatem,
1716 2886 1876 2972 quin
1925 2887 2098 2954 inter
2145 2886 2252 2953 illa
2298 2885 2588 2954 notabile
2656 2882 3075 2952 intervallum

480 2994 977 3074 intercesserit3
1027 3000 1189 3061 tunc
1241 2993 1436 3062 simul
1488 2997 1814 3062 uniuntur
1855 2989 1986 3061 no'n
2037 2994 2307 3080 quidem
2345 2993 2568 3062 statim
2606 3000 2673 3060 et
2709 3010 2793 3060 ex
2831 2991 3075 3071 animo,
3166 3011 3171 3018 ·

481 3101 599 3171 sed
647 3120 726 3170 ex
776 3120 846 3170 re
894 3107 1215 3187 accepta:
1263 3102 1440 3169 unde
1487 3102 1593 3169 fur
1638 3102 1764 3171 sub
1828 3102 2001 3187 gravi
2076 3109 2344 3170 tenetur
2406 3100 2486 3168 ad
2555 3099 3074 3178 restitutionem,

480 3211 736 3279 etiamsi
786 3211 892 3277 illa
942 3210 1196 3279 furtula
1246 3210 1527 3295 singulis
1579 3211 1832 3280 vicibus
1881 3211 2408 3297 consumpserim
2458 3216 2722 3278 tenetur
2768 3207 2949 3277 enim
2996 3225 3075 3275 eo

481 3317 547 3383 in
595 3334 750 3384 casu
799 3335 931 3385 non
969 3325 1300 3403 quatenus
1341 3317 1446 3384 illa
1485 3317 1749 3400 retinet,
1788 3318 1905 3386 sed
1944 3326 2271 3404 quatenus
2305 3316 2576 3402 accepit.
2617 3316 2815 3402 Ajunt
2855 3322 3074 3382 tamen

481 3424 686 3508 Lugo,
732 3426 1036 3508 Layman,
1087 3425 1459 3509 Roncaglia,
1515 3426 1834 3507 Sanchez,
1878 3426 2056 3509 Viva,
2102 3432 2253 3506 etc.,
2294 3422 2537 3493 turtula
2570 3422 2914 3492 moraliter
2938 3438 3073 3491 non

480 3532 893 3614 coalescere,
955 3530 1007 3597 si
1085 3531 1258 3601 inter
1325 3533 1433 3599 illa
1517 3532 1811 3601 notabile
1875 3532 2046 3600 adsit
2116 3532 2550 3613 intervallum,
2598 3550 2656 3598 v.
2706 3548 2787 3615 g.,
2835 3530 3073 3598 saltem

481 3639 766 3707 duorum
815 3639 1175 3723 mensium,
1226 3648 1290 3708 et
1333 3640 1505 3709 absit
1555 3641 1815 3709 animus
1862 3641 2144 3728 amplius
2194 3640 2491 3722 furandi3
2566 3657 2715 3707 nam
2778 3646 2939 3706 tunc
2996 3655 3078 3706 ex

483 3746 828 3814 hominum
875 3747 1261 3832 acceptione
1300 3766 1429 3815 non
1458 3748 1742 3833 amplius
1776 3746 2085 3815 videntur
2115 3748 2522 3816 constituere
2559 3763 2767 3813 unum
2802 3752 2869 3813 et
2903 3744 3077 3814 idem

481 3854 817 3940 objectum
866 3855 930 3922 in
982 3873 1222 3940 genere
1268 3856 1473 3923 moris
1523 3855 1572 3923 ².

569 3961 778 4025 ¹283.
830 3965 901 4044 Q.
953 3965 1016 4031 5.
1067 3964 1379 4045 Quomodo
1438 3963 1821 4032 restituenda
1864 3964 2073 4031 ablata
2116 3984 2230 4051 per
2273 3962 2516 4031 minuta
2560 3965 2738 4050 furta
2760 3967 2793 4027 P

569 4074 639 4139 R.
689 4073 961 4140 Certum
1018 4079 1118 4141 est
1165 4089 1240 4140 ea
1289 4073 1413 4140 sub
1463 4073 1639 4158 gravi
1689 4089 1837 4141 esse
1883 4071 2293 4140 restituenda
2343 4089 2494 4140 cum
2562 4069 2643 4137 ad
2711 4067 3073 4138 notabilem

482 4179 917 4265 quantitatem
967 4180 1411 4266 pervenerint.
1473 4180 1637 4249 Hinc
1686 4179 1987 4247 damnata
2035 4187 2137 4250 est
2183 4180 2264 4248 ab
2322 4179 2711 4248 Innocentio
2771 4179 2859 4245 XI
2932 4179 3077 4246 haec

479 4287 607 4355 sub
656 4305 718 4354 η.
768 4288 854 4354 38
902 4287 1317 4373 propositio:
1394 4290 1536 4354 Non
1583 4299 1825 4355 tenetur
1884 4289 2024 4374 quis
2083 4289 2195 4356 sub
2258 4308 2443 4375 poena
2505 4288 2741 4375 peccati
2785 4285 3079 4353 mortalis

479 4394 797 4460 restituere
826 4393 990 4479 quod
1041 4394 1319 4462 ablatum
1352 4408 1438 4463 est
1463 4415 1580 4484 per
1620 4414 1827 4482 pauca
1871 4396 2065 4481 furta,
2113 4406 2673 4482 quantumcumque
2714 4393 2797 4460 sit
2840 4409 3081 4477 maqna

543 4592 562 4629 ¹
601 4592 749 4641 Deut.
787 4603 920 4650 xxv;
955 4595 1008 4643 et
1039 4594 1195 4644 Prov.
1235 4605 1309 4643 xi.
1346 4619 1410 4630 —
1449 4594 1505 4643 V.
1543 4591 1800 4652 Μαι-εἰσαεὶ,
1842 4592 2086 4654 Ρίιοεοβα
2118 4604 2146 4641 e
2181 4592 2492 4644 (meent-emo
2522 4590 2778 4653 fito-sotice,
2810 4587 2849 4637 l.
2886 4598 2962 4638 ιιι.

541 4655 564 4693 ³
610 4651 661 4704 V.
703 4654 929 4714 Liguori,
969 4654 1059 4715 Op.
1097 4654 1254 4714 Mor„
1290 4655 1324 4705 l.
1360 4665 1440 4715 ιιι,
1476 4666 1529 4706 u.
1565 4655 1675 4705 53⁰.
1708 4679 1772 4690 —
1799 4652 2056 4713 Carriere,
2093 4655 2163 4705 Do
2193 4655 2421 4714 lustitia,
2455 4665 2506 4705 n.
2543 4655 2656 4706 995.
