3292 5167
362 249 491 315 336
1064 270 1178 314 un.
1227 270 1290 315 ιι.
1337 270 1546 315 τιυοτ.
1595 266 1678 314 vi.
1724 270 1869 316 mss.
1918 270 1994 316 ιν.
2044 269 2172 315 cii».
2224 265 2308 312 ιιι.

362 382 496 443 est:
548 371 727 458 quod
775 373 880 440 lex
929 371 1136 440 civilis
1188 372 1471 455 tollerat,
1522 372 1622 440 lex
1674 372 2012 455 naturaliS,
2061 370 2275 438 divina
2344 377 2411 439 et
2480 370 2930 441 ecclesiastica

364 480 671 568 probibet
720 475 785 562 ¹3
819 480 888 565 2)
938 479 1159 566 quoad
1206 487 1422 547 taxam
1466 480 1750 563 Codicis,
1799 498 1878 547 an
1929 480 2073 549 haec
2121 478 2283 565 legis
2333 477 2541 547 civilis
2591 478 2955 563 dispositio

361 588 666 656 exhibeat
699 586 895 654 etiam
928 585 993 653 in
1031 587 1436 655 conscientia
1472 586 1738 654 titulum
1772 587 2026 672 justum
2062 583 2362 670 exigendi
2391 583 2664 671 aliquod
2691 584 2954 653 lucrum

363 694 781 762 moderatum
835 692 898 762 in
948 695 1198 761 mutuo
1231 710 1431 780 supra
1478 702 1730 763 sortem
1770 690 1821 778 ²,
1871 711 2103 779 magna
2152 701 2253 761 est
2300 693 2364 760 in
2410 712 2480 761 re
2528 693 2760 761 morali
2797 711 2957 761 con-

363 802 707 884 troversia,
760 809 826 870 et
874 801 1049 869 nulla
1100 801 1319 868 forsan
1371 802 1578 886 magis
1629 801 1782 869 hinc
1831 800 1982 869 inde
2052 800 2311 885 agitata.
2382 803 2627 868 Verum
2701 799 2954 867 frustra

364 908 643 977 adducta
696 915 1082 994 argumenta
1130 909 1650 977 controversiam
1700 907 2008 975 dirimere
2057 907 2291 989 valent,
2345 926 2496 975 cum
2560 907 2774 975 adbuc
2838 907 2959 975 de·

363 1016 693 1085 sideretur
716 1033 1100 1100 supremum
1128 1014 1443 1083 Ecclesiae
1475 1015 1828 1101 judicium,
1857 1022 1922 1082 et
1948 1013 2238 1081 rationes
2264 1014 2490 1082 multae
2519 1014 2651 1082 sint
2677 1031 2757 1081 ex
2783 1018 2963 1081 utra-

366 1142 495 1210 que
543 1131 746 1209 parte.
798 1123 984 1192 Unde
1033 1130 1133 1190 sat
1181 1123 1306 1190 erit
1357 1123 1654 1207 regulam
1689 1122 1968 1204 tradere,
2021 1140 2147 1208 qua
2202 1140 2441 1207 nempe
2490 1131 2556 1191 et
2606 1122 2836 1190 fideles
2885 1122 2956 1188 in

368 1230 790 1313 conscientia,
840 1237 903 1297 et
952 1228 1334 1297 confessarii
1384 1230 1448 1296 in
1499 1228 1809 1298 tribunali
1862 1230 2278 1298 Poenitentiae
2328 1249 2400 1297 se
2449 1235 2698 1315 gerant.

540 1338 610 1421 a)
661 1336 756 1404 Ad
803 1335 1030 1404 fideles
1079 1335 1260 1421 quod
1306 1337 1559 1419 attinet,
1618 1336 1728 1422 qui
1803 1335 2102 1422 capitalia
2142 1336 2285 1403 aliis
2320 1336 2608 1417 tradunt,
2658 1342 2731 1401 ut
2765 1352 2848 1401 ex
2885 1332 2972 1399 il-

356 1444 449 1511 rlis
507 1443 758 1511 fructus
826 1443 1197 1529 percipiant
1263 1443 1451 1528 Juxta
1501 1452 1716 1512 taxam
1767 1443 1929 1528 legis
1979 1443 2226 1525 civilis,
2278 1443 2558 1510 dicimus
2607 1435 2789 1526 ipsos
2837 1459 2967 1506 non

369 1570 496 1616 esse
540 1549 990 1634 inquietanda&
1029 1569 1219 1635 neque
1241 1551 1538 1635 copendos
1561 1549 1645 1615 ad
1681 1550 2130 1616 restitutionem
2160 1549 2485 1635 fructuum
2509 1559 2966 1635 perceptorum,

369 1675 561 1740 neque
606 1657 674 1721 in
718 1657 857 1740 foro
904 1656 1287 1723 Poenitentioe
1330 1657 1712 1747 absolutione
1757 1655 2198 1723 sacramentali
2247 1656 2469 1722 iccirco
2516 1676 2643 1722 esse
2691 1655 2968 1741 privan-

371 1762 517 1841 dos;
586 1780 717 1830 non
793 1769 1047 1830 tantum
1117 1764 1170 1830 si
1243 1762 1490 1830 fuerint
1539 1764 1603 1831 in
1654 1765 1828 1831 bona
1877 1762 2050 1845 fide,
2101 1762 2217 1831 sed
2267 1763 2463 1831 etiam
2512 1764 2565 1831 si
2617 1762 2815 1831 dubia
2864 1761 2968 1829 vel

371 1868 538 1934 mala
584 1868 710 1936 fide
763 1869 1020 1937 lucrum
1070 1887 1149 1935 ex
1198 1868 1341 1937 solo
1392 1869 1553 1955 legis
1604 1869 1798 1937 titulo
1849 1869 2286 1955 perceperint,
2338 1869 2536 1937 modo
2586 1870 2666 1937 de
2709 1875 2972 1956 patrato

373 1976 458 2045 ob
508 1975 784 2044 dubium
833 1977 937 2044 vel
982 1976 1219 2043 malam
1257 1976 1454 2044 fidem
1504 1984 1774 2061 peccato
1825 1976 2082 2044 sincere
2131 1976 2418 2060 doleant,
2471 1984 2534 2044 et
2584 1977 2763 2043 filiali
2813 1976 2974 2044 obe-

374 2082 617 2151 dientia
666 2083 869 2168 parati
921 2083 1052 2151 sint
1101 2091 1272 2150 'stare
1323 2084 1642 2151 mandatis
1694 2085 1757 2150 S.
1807 2083 2040 2167 Sedis,
2090 2085 2141 2151 si
2198 2102 2346 2169 quae
2398 2083 2718 2151 edentur.

552 2190 614 2273 b)
659 2189 847 2270 Quod
896 2189 1182 2276 pertinet
1230 2190 1309 2256 ad
1356 2189 1796 2258 confessarios
1827 2244 1843 2272 ,
1894 2190 2209 2259 dicimus:
2270 2192 2334 2278 l)
2382 2212 2510 2258 non
2555 2213 2682 2259 esse
2726 2192 2969 2278 inquie-

374 2296 596 2362 tandos
645 2317 837 2384 neque
887 2299 1266 2366 absolutione
1311 2297 1658 2383 privandos
1705 2298 2092 2384 presbyteros
2148 2299 2331 2381 illoc,
2385 2299 2496 2384 qui
2559 2298 2972 2367 contendunt

379 2403 592 2487 legem
650 2404 964 2489 principis
1028 2422 1175 2472 esse
1241 2403 1507 2470 titulum
1558 2404 1996 2472 sufficientem
2046 2405 2450 2491 percipiendi
2501 2405 2752 2491 aliquid
2796 2405 2970 2472 ultra

380 2516 630 2577 sortem
669 2511 918 2595 absque
946 2510 1139 2577 titulo
1176 2509 1274 2578 vel
1323 2509 1486 2577 lucri
1524 2510 1845 2578 cessantis
1895 2511 1990 2579 vel
2041 2511 2259 2579 damni
2295 2512 2716 2597 emergentis,
2749 2531 2976 2597 quous·-

378 2637 493 2702 que
536 2629 757 2684 sancta
802 2618 978 2685 Sedes
1023 2617 1403 2702 definitivam
1442 2617 1809 2684 decisionem
1844 2618 2133 2701 emiserit,
2167 2620 2268 2685 cui
2294 2621 2508 2705 parati
2539 2621 2666 2686 sint
2696 2639 2760 2685 se
2787 2619 2978 2704 subji-

380 2743 552 2802 cere,·
583 2726 652 2809 2)
687 2742 816 2791 non
853 2742 1000 2791 esse
1037 2724 1501 2809 inquietandos
1550 2725 2012 2807 confessariOS,
2050 2724 2162 2811 qui
2201 2724 2602 2810 poenitentes
2641 2727 2901 2793 lucrum
2939 2742 2978 2793 a

384 2831 529 2916 lege
579 2830 753 2899 civili
807 2835 1127 2923 statutum
1176 2831 1614 2915 percipientes
1686 2816 2061 2911 absolvunt,
2111 2833 2165 2899 si
2217 2832 2323 2899 isti
2372 2832 2762 2918 objicientes
2819 2850 2978 2899 sen-

383 2938 659 3006 tentiam
696 2938 880 3005 lucro
916 2938 1238 3005 faventem
1273 2955 1403 3005 non
1448 2938 1652 3006 fuisse
1701 2938 2070 3006 damnatam
2119 2956 2152 3004 a
2191 2940 2255 3006 S.
2292 2939 2482 3020 Sede,
2516 2941 2884 3026 promittant
2914 2958 2978 3005 se

383 3045 623 3112 obedire
657 3045 899 3133 judicio
946 3045 1174 3110 summi
1220 3046 1551 3130 Pontifici-3,
1598 3045 1656 3111 si
1700 3044 1859 3111 illud
1887 3045 2224 3129 aliquando
2255 3042 2583 3111 interdicat
2598 3070 2624 3123 ;
2656 3046 2724 3129 3)
2759 3061 2978 3130 neque

384 3152 534 3219 illos
584 3151 1023 3220 confessarios
1072 3150 1535 3236 inquietandos
1608 3151 2028 3219 absolventes
2100 3155 2497 3237 poenitentes
2528 3205 2547 3235 ,
2596 3153 2706 3238 qui
2770 3152 2978 3238 (nulla

386 3260 554 3327 facta
604 3259 941 3328 mentione
988 3259 1160 3325 tituli
1211 3259 1372 3341 legis
1421 3259 1657 3346 civilis)
1703 3271 1914 3326 mutuo
1955 3260 2291 3345 pecaniam
2361 3256 2515 3326 'dant
2582 3260 2981 3345 nepotiatori-

387 3367 497 3432 bus
526 3379 595 3433 ut
631 3367 949 3448 ditescant,
996 3365 1242 3450 quando
1275 3386 1490 3452 nempe
1523 3367 1627 3433 isti
1666 3366 2013 3453 objicientes
2042 3367 2409 3441 sententiam
2456 3368 2627 3434 lucro
2669 3367 3017 3452 faventem.

387 3491 514 3538 non
557 3473 748 3557 fuisse
787 3472 1149 3538 damnatam
1194 3491 1236 3535 a
1283 3473 1341 3538 S.
1377 3473 1540 3556 Sede,
1569 3473 1938 3559 promittunt
1969 3484 2176 3538 tamen
2206 3470 2446 3537 obedire
2480 3472 2721 3558 judicio
2750 3472 2982 3539 summi

452 3772 469 3811 ¹
505 3772 619 3821 Duo
653 3770 832 3832 posuit
862 3769 928 3821 ad
961 3771 1306 3822 coercendam
1336 3783 1555 3823 usuram
1589 3772 1675 3825 lex
1703 3772 1890 3831 civilis,
1929 3782 2051 3835 quaa
2083 3772 2263 3822 tamen
2298 3782 2490 3835 parum
2519 3770 2742 3831 iuvant:
2791 3779 2984 3832 nempe

383 3832 687 3887 facultatem
718 3833 1047 3883 contractum
1096 3834 1427 3885 rescindendi
1478 3838 1598 3897 post
1640 3835 2066 3899 quinquennium
2103 3836 2156 3885 in
2189 3835 2337 3884 omui
2380 3845 2529 3891 casu,
2566 3836 2617 3883 et
2670 3833 2976 3885 conventio-

390 3906 516 3946 nem
552 3905 841 3946 usurarum
873 3898 1070 3957 scripto
1103 3898 1412 3947 exaratam:
1452 3897 1497 3947 ιι
1517 3900 1785 3948 mutuante
1804 3899 1923 3948 deve
1947 3909 2096 3947 avere
2127 3899 2165 3947 tt
2215 3897 2449 3957 corayqto
2498 3897 2550 3945 dt
2581 3898 2875 3957 comperire
2889 3904 2986 3955 per

389 3960 585 4029 iscrzjtto
618 3958 741 4018 quat
764 3961 807 4019 e,
844 3969 916 4007 un
950 3959 1305 4019 usurajozedi
1336 3960 1621 4021 affrontare
1654 3960 1756 4010 cos't
1786 3961 2033 4022 t'opinion
2062 3959 2331 4021 pubblicm
2364 3961 2403 4009 tc
2433 3958 2695 4019 ‹timi-ezzo
2727 3961 2807 4007 aei
2830 3957 2984 4007 buoni

390 4032 516 4071 sara
547 4021 600 4068 ta
632 4032 728 4069 aaa
758 4033 909 4083 pena.
941 4045 1004 4056 -
1036 4020 1093 4071 V.
1126 4021 1173 4069 Il
1209 4020 1326 4070 Cod.
1364 4025 1459 4071 cio.
1494 4023 1713 4072 italiano
1747 4027 2019 4072 annotato.

462 4103 480 4125 .
515 4082 577 4131 Di
611 4082 788 4143 regola
821 4081 1106 4142 ordinaria,
1141 4082 1446 4145 qualunque
1478 4084 1828 4147 stipulazione
1860 4083 2174 4143 d’interessi,
2207 4082 2306 4133 che
2337 4082 2518 4144 superi
2551 4093 2661 4133 una
2710 4081 2855 4132 certa
2885 4079 2984 4131 ml·

391 4153 540 4201 sura,
574 4153 685 4193 non
719 4144 843 4195 sara
875 4143 1037 4205 ajuto,
1090 4155 1176 4193 ma
1222 4144 1478 4206 piuttosto
1532 4147 1793 4209 principio
1825 4158 1854 4195 e
1889 4146 2228 4196 avviamento
2278 4157 2311 4194 a
2345 4146 2500 4194 ruina
2542 4142 2845 4195 inevitabile
2857 4153 2874 4207 ;
2908 4154 2984 4193 un

393 4205 717 4268 patrimonio
749 4220 782 4257 o
815 4216 1014 4265 scarSO,
1047 4216 1081 4254 o
1114 4206 1431 4268 inti-alciato,
1466 4219 1499 4259 o
1530 4210 1709 4260 cat-ico
1743 4208 1796 4259 di
1828 4219 2092 4269 gravene,
2132 4218 2240 4257 non
2275 4206 2319 4255 si
2353 4208 2548 4256 ristora
2569 4217 2671 4256 con
2703 4205 2990 4267 imprestitl

393 4266 627 4326 usurari,
661 4280 689 4318 e
721 4267 789 4329 gli
823 4268 1063 4317 interessi
1096 4267 1356 4320 divorano
1390 4270 1490 4321 ben
1528 4274 1704 4333 presto
1738 4271 1860 4334 quel
1887 4274 2035 4321 tanto
2067 4268 2164 4318 che
2198 4279 2394 4318 ancora
2428 4278 2589 4330 possa
2610 4266 2880 4319 esservidi
2905 4267 2984 4338 vi3

394 4328 564 4388 talita,
598 4339 726 4391 ecc„
760 4341 867 4381 ecc.
909 4349 927 4371 ι
968 4331 1323 4387 (Par-lamento
1360 4333 1554 4384 Sardo:
1592 4334 1822 4393 Senato;
1860 4333 2092 4383 Tornata
2124 4334 2151 4381 7
2187 4330 2352 4380 lebbr.
2390 4332 2549 4390 ¹856).
2600 4356 2659 4367 —
2712 4330 2766 4379 V.
2801 4329 2987 4379 Civilta

398 4390 665 4451 Caunum,
701 4403 800 4462 ser.
831 4391 904 4451 3³,
940 4392 1050 4443 vol.
1089 4404 1135 4444 1:
1169 4394 1251 4445 Gli
1281 4396 1572 4445 economistt'
1604 4409 1631 4446 e
1662 4397 1716 4447 la
1745 4397 1880 4458 lewe
1908 4396 2210 4456 piemontese
2241 4404 2401 4453 sopra
2424 4394 2669 4452 t'usura;
2701 4393 2755 4441 ot
2783 4392 2891 4441 vol.
2921 4400 2983 4441 v:

396 4455 470 4504 La
496 4453 765 4513 propr-teta
797 4455 1118 4505 considerata
1147 4458 1230 4506 nei
1259 4460 1372 4506 ειιοι·
1399 4458 1642 4519 principii
1672 4458 1915 4520 pancrati,
1950 4465 2087 4517 ece.;
2144 4453 2232 4504 vol
2288 4466 2391 4507 vn:
2448 4454 2654 4505 Guerra
2684 4454 2765 4504 dei
2799 4454 2990 4516 capita·

394 4516 534 4575 [ism
561 4518 749 4586 contra
779 4517 833 4567 la
859 4517 1151 4578 proprieta‚·
1182 4532 1208 4568 ο
1239 4519 1478 4568 interesse
1511 4519 1704 4582 leque,-
1741 4519 1852 4570 vol.
1886 4532 1955 4571 x:
1996 4519 2070 4569 Un
2102 4520 2341 4570 avvocato
2373 4518 2677 4567 sutt'usura.

455 4577 480 4617 ἱ
513 4578 780 4630 Diximus:
819 4580 1018 4628 tucrum
1050 4581 1408 4639 moderatum,·
1441 4581 1485 4629 εἰ
1517 4581 1662 4631 enim
1698 4582 1780 4632 lex
1815 4582 1987 4633 civilis
2022 4579 2180 4630 nimis
2212 4579 2528 4630 esorbitaret
2558 4580 2613 4629 ln
2647 4577 2796 4628 lucro
2829 4574 2992 4627 stabi·

394 4639 592 4698 tiendo,
628 4639 764 4691 adeo
796 4643 858 4692 ut
908 4640 1241 4692 manifestam
1276 4642 1591 4704 injustitiam
1639 4643 1949 4704 includeret,
2003 4645 2148 4694 certo
2198 4653 2308 4693 non
2360 4643 2500 4693 esset
2551 4641 2608 4691 in
2660 4636 2992 4690 conscientia

330 4746 335 4752 .
398 4700 737 4754 attendenda.
