3292 5167
462 199 595 267 590
1482 216 1596 262 tta.
1644 216 1710 262 ιι.
1758 205 1978 263 τωοτᾼ
2018 216 2121 262 vu.

460 338 608 386 nam
653 330 718 385 et
761 323 1168 384 instruuntur
1213 318 1449 399 posteri
1496 327 1563 382 et
1603 333 1715 399 spe
1758 317 2024 381 honoris
2067 317 2147 381 ad
2207 318 2513 399 praeclara
2558 320 3044 400 incenduntur,

461 412 526 467 et
567 405 795 465 timore
841 400 1121 463 intamiae
1165 415 1198 461 a
1245 397 1537 479 turpibus
1581 397 2026 462 deterrentur:
2071 408 2137 462 et
2181 400 2267 462 ita
2305 401 2543 479 passim
2590 402 2680 464 fit.

538 484 721 545 Hisce
763 482 1049 565 exceptis·
1086 480 1357 554 casibus,
1394 479 1503 543 alii
1548 479 1776 542 dicunt
1818 495 1963 542 cum
2003 477 2213 542 Alasia
2249 496 2376 542 non
2410 497 2551 543 esse
2584 490 2813 544 contra
2847 483 3043 561 justi·

461 565 613 626 tiam
658 562 738 624 de
775 578 937 623 novo
985 559 1317 635 infamare,
1360 576 1502 623 cum
1546 560 1791 622 crimen
1831 559 1966 638 Jam
2008 569 2106 623 est
2139 558 2573 636 obliteratum,
2625 562 2813 625 modo
2842 563 3046 626 simul

459 642 779 707 referatur
822 640 1219 714 emendati03
1267 655 1411 703 nam
1454 643 1725 720 quisque
1768 656 1847 701 ex
1888 656 2013 701 una
2059 648 2238 719 parte
2266 640 2372 718 jus
2428 641 2621 705 habet
2679 644 3045 706 criminum

457 724 854 804 publicorum
902 719 1275 802 acquirendi
1322 722 1637 795 notitiam,
1686 736 1765 783 ex
1808 719 1932 783 alia
1979 736 2092 799 per
2135 721 2368 784 bonam
2416 723 2607 784 vitam
2641 734 3045 801 praesentem

458 804 611 867 olim
656 802 1002 866 infamatus
1046 802 1236 864 habet
1273 819 1399 879 ωε,
1441 808 1511 863 ut
1541 808 1881 864 censeatur
1915 801 2122 863 bonus
2153 803 2215 863 in
2254 804 2761 879 praesentiarum,
2799 820 2931 866 non
2970 805 3042 867 in

458 886 826 965 praeterit03
867 899 1059 962 neque
1100 883 1292 957 enim,
1334 883 1425 944 ait
1462 882 1574 944 Jus
1619 881 1831 957 civile,
1878 880 2172 945 aboletur·
2232 882 2597 961 turpitudo,
2642 900 2780 962 quw
2818 893 3045 963 postea

456 966 820 1029 intermissa
847 972 942 1026 cst
969 963 1255 1042 (Digest.‚
1281 962 1320 1024 l.
1343 977 1532 1038 xxm,
1570 970 1610 1025 t.
1643 978 1713 1038 ιι,
1749 961 1787 1022 l.
1818 961 1944 1042 48).
1976 961 2212 1024 Verum
2241 963 2351 1024 alii
2392 971 2617 1026 tenent
2646 980 2795 1027 cum
2830 966 3041 1044 Lugo‚

456 1045 672 1108 Lessio
716 1056 779 1107 et
821 1044 1009 1106 Croix
1056 1042 1113 1104 id
1154 1044 1294 1105 sine
1322 1045 1501 1122 gravi
1547 1040 1729 1119 culpa
1775 1041 2001 1104 saltem
2047 1054 2269 1105 contra
2304 1044 2682 1106 charitatem
2722 1045 2863 1106 fieri
2900 1062 3042 1108 uon

456 1142 663 1206 posse,
703 1126 823 1187 etsi
855 1134 1156 1187 narretur
1200 1123 1597 1196 emendati03
1641 1137 1791 1184 nam
1837 1122 1897 1183 id
1946 1125 2087 1185 sine
2131 1137 2377 1193 summo
2426 1139 2701 1187 moerore
2735 1124 3041 1189 infamati

458 1223 588 1269 non
631 1213 839 1287 potest
880 1205 1164 1267 evenire.
1209 1203 1415 1267 Adde:
1460 1219 1572 1283 per
1616 1203 2013 1265 oblivionem
2058 1219 2192 1266 rem
2243 1203 2306 1265 in
2352 1220 2428 1265 eo
2472 1214 2645 1268 statu
2696 1204 3041 1270 reductam

460 1304 637 1358 esse,
682 1302 805 1366 quo
847 1294 988 1348 erat
1030 1293 1179 1346 ante
1227 1300 1373 1347 uam
1429 1294 1599 1347 esset
1617 1282 1937 1424 ‘publicu
1992 1291 2057 1346 at
2087 1284 2344 1361 quando
2389 1284 2697 1347 delictum
2749 1302 2875 1348 non
2932 1297 3044 1350 est

457 1367 800 1446 publicum,
853 1365 1076 1443 nequit
1121 1381 1200 1442 pu
1252 1364 1451 1427 licari.
1487 1397 1565 1409 —-
1659 1411 1672 1424 .
1718 1363 2001 1441 Lignori,
2050 1363 2163 1425 Ho.
2208 1364 2348 1443 Ap„
2375 1374 2448 1426 tr.
2499 1381 2588 1433 x1,
2634 1381 2697 1427 u.
2743 1365 2839 1429 13.

535 1445 740 1507 868.
786 1445 851 1517 Q.
896 1447 952 1507 5.
999 1443 1160 1518 Quid
1202 1446 1273 1506 de
1314 1462 1402 1520 eo,
1449 1444 1558 1524 qui
1599 1444 1977 1524 manifestat
2017 1444 2288 1507 alterius
2333 1446 2572 1507 crimen
2613 1446 2929 1508 occultum
2970 1454 3045 1511 ct

452 1526 712 1607 salsum,
753 1534 988 1606 putans
1032 1543 1111 1587 ex
1139 1542 1352 1589 errore
1396 1523 1759 1588 invincibili
1802 1525 1964 1587 illud
2005 1542 2133 1587 esse
2160 1542 2375 1588 verum
2418 1533 2483 1588 et
2516 1523 2894 1605 pubiicum?

534 1606 603 1668 R.
648 1607 736 1668 Eo
780 1606 967 1668 modo
1012 1622 1135 1684 quo
1173 1606 1526 1668 incendens
1569 1606 1711 1668 sine
1756 1604 1938 1684 culpa
1972 1605 2228 1668 domum
2285 1605 2577 1683 alterius,
2639 1615 2896 1670 tenetur
2954 1624 3043 1671 ex

458 1687 773 1750 charitate
816 1697 881 1749 et
923 1702 1002 1747 ex
1040 1687 1292 1764 ⁸iustitia
1341 1690 1550 1764 ignem
1598 1688 1998 1764 extinguere,
2044 1701 2187 1749 cum
2216 1686 2498 1749 advertit
2543 1695 2606 1748 et
2650 1695 2861 1766 potest
2890 1689 3039 1751 sine

453 1782 686 1846 magno
732 1766 1173 1841 incommodo;
1215 1768 1306 1827 sic
1352 1768 1470 1829 iste
1517 1775 1772 1829 tenetur
1803 1783 1986 1829 suum
2030 1766 2265 1829 factum
2297 1775 2667 1830 retractare.
2706 1766 2883 1829 Idem
2914 1777 3037 1844 est,

455 1849 507 1910 si
554 1864 688 1910 rem
733 1849 943 1926 magni
992 1849 1296 1909 momenti
1347 1845 1712 1926 propalasti,
1754 1863 1943 1927 quam
1990 1849 2165 1925 parvi
2213 1848 2749 1926 essejudicabas:
2789 1849 2945 1911 item
2977 1852 3031 1911 si

454 1944 534 1991 ex
582 1928 1051 1992 inadvertentia
1077 1928 1238 1989 dicis
1270 1926 1526 1989 Petrum
1557 1935 1881 1990 auctorem
1917 1925 2061 1989 talis
2096 1927 2449 2003 homicidii,
2481 1944 2624 1990 cum
2655 1929 2740 1989 sit
2773 1928 3033 1992 Paulus.

453 2006 621 2071 Sane
665 2010 773 2088 qui
819 2009 1056 2069 retinet
1090 2024 1225 2069 rem
1268 2006 1569 2081 alienam,
1620 2011 1823 2069 invito
1869 2008 2152 2083 domino,
2202 2024 2340 2070 eam
2376 2016 2632 2071 tenetur
2677 2010 3034 2072 restituere

453 2091 669 2151 statim
715 2106 787 2151 ac
830 2089 1154 2165 cognoscit
1196 2103 1335 2149 esse
1364 2087 1677 2150 alienam:
1714 2089 1823 2149 sed
1865 2089 1928 2149 in
1961 2087 2213 2150 casibus
2268 2104 2482 2166 supra,
2517 2089 2804 2168 quandiu
2847 2097 3030 2152 tuum

454 2169 692 2232 dictum
740 2185 866 2230 non
912 2178 1242 2244 retractas,
1283 2168 1536 2255 detines
1575 2168 1807 2230 famam
1839 2168 2126 2245 alterius,
2154 2168 2298 2246 quia
2347 2184 2606 2248 pravam
2653 2171 3034 2247 opinionem

453 2265 533 2312 ex
577 2260 684 2313 tuo
727 2250 897 2311 dicto
942 2257 1263 2311 causatam
1309 2250 1374 2310 in
1420 2249 1695 2311 aliorum
1741 2258 1955 2311 mente
1986 2249 2331 2327 relinquis:
2369 2266 2523 2329 ergo
2562 2252 2803 2311 teneris
2852 2249 3033 2312 illam

454 2330 773 2408 repellere
817 2329 1164 2407 aperiendo
1208 2332 1578 2405 veritatem,
1622 2330 1788 2408 quod
1854 2344 1982 2392 non
2028 2338 2125 2391 est
2171 2332 2427 2408 proprie
2486 2331 2867 2406 restituere,
2919 2329 3032 2393 sed

445 2411 745 2473 damnum
793 2411 1134 2487 incaeptum
1180 2409 1674 2488 interrumpere.
1717 2409 1971 2473 lustitia
2018 2413 2191 2472 enim
2241 2426 2367 2472 non
2414 2410 2620 2472 solum
2679 2419 2740 2474 te
2786 2410 3035 2490 obligat

446 2491 522 2553 ad
572 2507 698 2552 non
745 2489 1157 2552 inferendum
1201 2490 1537 2563 damnum,
1581 2491 1691 2553 sed
1738 2494 1933 2554 etiam
1979 2506 2059 2551 ne
2104 2507 2182 2552 ex
2229 2499 2332 2553 tua
2405 2493 2660 2554 actione
2719 2491 3031 2554 damnum

446 2580 671 2651 pergat
717 2571 1007 2632 influere.
1050 2569 1232 2632 Unde
1280 2572 1430 2633 licet
1476 2569 1583 2633 illa
1619 2581 1725 2635 tua
1770 2573 1934 2634 actio
1978 2571 2056 2632 ab
2103 2572 2290 2633 initio
2337 2587 2462 2632 nou
2524 2572 2718 2634 fuerit
2766 2571 3032 2650 injusta,

446 2652 683 2730 injusta
709 2650 924 2712 evadit
953 2650 1210 2728 quando
1243 2651 1306 2713 id
1342 2651 1628 2713 advertis
1655 2660 1720 2714 et
1759 2669 1884 2714 non
1920 2651 2238 2730 provides,
2279 2667 2423 2713 cum
2461 2652 2671 2715 adhuc
2705 2652 3032 2726 subsistit3

450 2730 595 2794 ideo
645 2741 793 2794 tuuc
838 2730 917 2792 de
963 2733 1372 2793 restitutione
1417 2733 1702 2810 graviter
1748 2734 2006 2795 teneris.

531 2812 841 2874 Diximus:
877 2818 939 2873 et
975 2817 1179 2889 potest
1218 2813 1353 2874 sine
1395 2807 1618 2892 melano
1662 2812 2071 2884 incommodo;
2121 2812 2252 2891 ipsa
2302 2813 2475 2874 euim
2540 2813 2808 2893 aequitas
2868 2814 3030 2875 satis

449 2893 683 2969 innuit,
726 2907 869 2953 esse
913 2895 1229 2954 minorem
1274 2892 1731 2972 obligationem
1780 2890 2160 2955 restituendi
2210 2893 2278 2954 in
2334 2909 2447 2964 ec,
2511 2897 2620 2972 qui
2689 2894 2852 2956 bona
2903 2894 3033 2956 fide

448 2971 645 3036 alium
692 2972 1047 3047 infamavit,
1089 2988 1274 3052 quam
1321 2976 1384 3033 in
1431 2989 1504 3034 eo
1547 2975 1653 3051 qui
1704 2971 2061 3035 formaliter
2107 2981 2329 3035 contra
2359 2974 2679 3051 iustitiam
2734 2972 2797 3035 id
2852 2972 3036 3036 fecit.

444 3052 525 3114 Et
568 3053 711 3115 ideo
755 3052 904 3114 licet
947 3053 1065 3115 iste
1111 3059 1407 3115 teneatur
1449 3067 1591 3115 cum
1635 3052 2025 3115 detrimento
2068 3056 2345 3131 propriae
2391 3053 2575 3116 famae
2606 3062 2672 3116 et
2713 3051 3031 3116 bonorum

448 3132 749 3207 fortunae,
797 3140 862 3194 et
905 3133 1248 3211 aliquando
1284 3134 1476 3195 etiam
1515 3138 1664 3195 vitae
1697 3131 1928 3196 samam
1959 3136 2333 3208 restituere3
2373 3133 2484 3195 ille
2522 3148 2847 3213 nunquam
2880 3151 3032 3197 cum

446 3228 677 3291 magno
723 3212 1121 3275 incommodo
1166 3212 1240 3275 ad
1290 3212 1351 3275 id
1399 3213 1719 3291 obligatur
1749 3216 1883 3275 sive
1928 3215 1993 3274 in
2040 3211 2229 3289 fama,
2272 3217 2407 3276 sive
2452 3219 2513 3276 in
2562 3217 2713 3289 vita,
2748 3215 2888 3275 sive
2960 3216 3030 3277 in

448 3293 729 3367 divitiis;
774 3307 915 3354 cum
961 3310 1104 3357 eum
1150 3292 1330 3372 culpa
1381 3294 1676 3372 primitus
1722 3311 1845 3356 non
1898 3295 2192 3356 tenuerit.
2242 3294 2327 3356 lta
2381 3299 2811 3357 communiter
2857 3294 3030 3375 Lay-

446 3389 617 3445 man,
662 3374 942 3451 Lessius,
985 3373 1192 3452 Lugos
1237 3389 1377 3438 cum
1425 3372 2057 3438 salmanticensibus.

525 3452 714 3514 869
749 3452 912 3528 Quid
964 3456 1023 3515 si
1055 3470 1234 3516 error
1285 3471 1348 3516 se
1407 3461 1613 3517 teneat
1666 3473 1745 3518 em
1792 3463 1971 3533 parte
2018 3452 2410 3516 audientium
2440 3458 2738 3518 tantum?
2774 3461 2850 3516 ut
2871 3455 2932 3517 si
2961 3462 3033 3517 tu

444 3538 759 3676 'bominesq
782 3549 1000 3597 revera
1043 3534 1310 3597 Paulum
1352 3543 1677 3597 auctorem
1713 3534 2033 3599 homicidii
2047 3555 2074 3606 ;
2136 3534 2241 3596 sed
2284 3536 2602 3598 auditores
2661 3535 3035 3617 iutelliqant

501 3622 706 3676 etrum

528 3695 595 3757 R.
624 3696 808 3757 Juxta
843 3696 1050 3758 omnis
1090 3704 1344 3757 teneres
1368 3710 1446 3755 ex
1476 3696 1794 3757 charitate
1830 3710 2118 3758 errorem
2149 3697 2512 3775 corrigere3
2547 3696 2817 3775 quisque
2846 3697 3028 3758 enim

447 3791 590 3838 cum
623 3777 955 3850 commode
988 3784 1214 3856 potest,
1257 3783 1511 3836 tenetur
1543 3792 1573 3835 a
1600 3779 1888 3854 proximo
1919 3791 2033 3837 suo
2058 3773 2360 3838 damnum
2385 3791 2765 3855 praecavere.
2798 3775 3024 3840 Utrum

444 3873 599 3919 vero
646 3862 926 3922 tenearis
970 3858 1163 3919 etiam
1208 3871 1287 3916 ex
1326 3856 1574 3934 Justitia
1630 3861 1682 3917 si
1744 3854 2073 3918 commode
2133 3865 2349 3934 potes,
2405 3856 2686 3918 affirmat
2746 3857 3023 3930 Molina;

490 3939 592 4000 uia
636 3954 715 3999 ex
760 3945 862 4000 tua
912 3940 1164 4001 actione
1207 3935 1422 4015 aliquo
1469 3935 1654 3998 modo
1701 3946 1912 3999 ortum
1955 3937 2147 3998 habet
2190 3937 2493 3999 damnum
2539 3936 2720 4001 illud*
2762 3935 3026 4015 Negant

498 4019 890 4091 usembaum‚
926 4019 1179 4080 Lessius
1224 4025 1288 4078 et
1333 4015 1635 4092 Billuart3
1680 4020 1828 4096 quia
1868 4032 1995 4078 non
2026 4025 2129 4078 tua
2160 4019 2349 4093 actio,
2397 4016 2506 4079 sed
2538 4033 2723 4079 error
2754 4016 3027 4080 audien·

444 4099 607 4160 tium
653 4107 779 4161 tota
826 4109 922 4162 est
964 4114 1151 4160 causa
1198 4096 1434 4159 damni.
1477 4098 1607 4177 Ego
1656 4106 1888 4166 tamen,
1934 4097 2023 4159 ait
2067 4097 2259 4175 Lugo,
2305 4099 2506 4177 magis
2536 4101 2859 4160 assentior
2891 4098 3024 4160 Mo·

447 4176 638 4254 linae3
687 4196 832 4241 nam
879 4179 954 4242 ad
1002 4178 1280 4240 debitam
1330 4177 1647 4257 loquentis
1694 4178 2094 4256 diligentiam
2138 4176 2385 4257 spectat
2426 4194 2677 4254 curare,
2728 4194 2809 4240 ne
2836 4178 3019 4242 audi·

447 4267 617 4321 tores
662 4260 741 4321 de
786 4276 914 4322 uno
959 4259 1299 4337 accipiant,
1348 4259 1513 4337 quod
1565 4262 1697 4338 ipse
1742 4258 1991 4338 profert
2033 4257 2113 4320 de
2156 4259 2303 4320 alio.
2476 4284 2481 4293 ·

528 4338 723 4400 871).
770 4340 835 4413 Q.
878 4340 934 4403 6.
981 4338 1143 4413 Quid
1185 4339 1255 4401 de
1298 4339 1429 4414 illo,
1471 4342 1580 4419 qui
1620 4340 1704 4402 ad
1766 4345 2024 4400 mortem
2083 4339 2178 4402 vel
2237 4338 2422 4401 aliud
2480 4354 2671 4416 qrave
2725 4337 3024 4400 damnum

444 4419 788 4498 vitandum,
829 4420 1201 4500 manifestat
1241 4420 1550 4482 occultum
1578 4421 1858 4498 promimi
1890 4419 2148 4494 crimen,
2176 4419 2362 4496 cujus
2409 4418 2706 4480 notitiam
2742 4435 2856 4498 per
2900 4418 3026 4480 vim

445 4505 563 4562 aut
602 4498 908 4577 fraudem,
950 4520 1005 4564 v.
1048 4518 1128 4582 9.,
1171 4499 1394 4563 literas
1421 4500 1776 4579 aperiendo,
1817 4500 2083 4578 adeptus
2127 4500 2268 4562 sit?

527 4578 597 4641 R.
641 4577 829 4642 Sotus
874 4581 1050 4656 dicit,
1095 4582 1301 4659 ipsum
1348 4596 1475 4640 non
1521 4595 1706 4658 posse
1751 4582 1840 4643 uti
1888 4580 1995 4642 tali
2046 4580 2272 4641 notitia
2316 4580 2409 4641 sic
2449 4585 2725 4653 extorta,
2766 4576 3023 4640 etiamsi

445 4658 732 4740 alioquin
777 4671 1048 4723 mortem
1084 4660 1301 4723 subire
1337 4660 1621 4721 deberet.
1651 4659 1883 4722 Molina
1916 4668 2136 4723 censet
2171 4668 2324 4724 tunc
2361 4666 2607 4724 tantum
2652 4672 2798 4722 eum
2832 4670 3029 4738 posse
