<?xml version="1.0" encoding="UTF-8"?>
<!DOCTYPE html PUBLIC "-//W3C//DTD XHTML 1.0 Transitional//EN"
    "http://www.w3.org/TR/xhtml1/DTD/xhtml1-transitional.dtd">
<html xmlns="http://www.w3.org/1999/xhtml" xml:lang="en" lang="en">
 <head>
  <title>
</title>
<meta http-equiv="Content-Type" content="text/html;charset=utf-8" />
  <meta name='ocr-system' content='tesseract 3.04.00' />
  <meta name='ocr-capabilities' content='ocr_page ocr_carea ocr_par ocr_line ocrx_word'/>
</head>
<body>
  <div class='ocr_page' id='page_1' title='image "./theologiamorali04scavgoog_0680.png"; bbox 0 0 3292 5167; ppageno 0'>
   <div class='ocr_carea' id='block_1_1' title="bbox 468 160 2561 257">
    <p class='ocr_par' dir='ltr' id='par_1_1' title="bbox 468 160 2561 257">
     <span class='ocr_line' id='line_1_1' title="bbox 468 160 2561 257; baseline -0.005 -5"><span class='ocrx_word' id='word_1_1' title='bbox 468 184 600 253; x_wconf 81' lang='lat'>670</span> <span class='ocrx_word' id='word_1_2' title='bbox 1309 199 1424 245; x_wconf 74' lang='lat' dir='ltr'>nin.</span> <span class='ocrx_word' id='word_1_3' title='bbox 1472 194 1538 257; x_wconf 76' lang='lat'>1!-</span> <span class='ocrx_word' id='word_1_4' title='bbox 1585 160 1798 245; x_wconf 61' lang='grc' dir='ltr'><strong>πυόν.</strong></span> <span class='ocrx_word' id='word_1_5' title='bbox 1845 194 1977 243; x_wconf 78' lang='lat' dir='ltr'>viu.</span> <span class='ocrx_word' id='word_1_6' title='bbox 2026 193 2177 241; x_wconf 72' lang='lat' dir='ltr'>nisi».</span> <span class='ocrx_word' id='word_1_7' title='bbox 2224 192 2291 241; x_wconf 88' lang='lat'>11.</span> <span class='ocrx_word' id='word_1_8' title='bbox 2338 195 2469 242; x_wconf 59' lang='lat' dir='ltr'>car.</span> <span class='ocrx_word' id='word_1_9' title='bbox 2517 191 2561 242; x_wconf 92' lang='lat'>1.</span> 
     </span>
    </p>
   </div>
   <div class='ocr_carea' id='block_1_2' title="bbox 417 298 3113 3405">
    <p class='ocr_par' dir='ltr' id='par_1_2' title="bbox 417 298 3051 609">
     <span class='ocr_line' id='line_1_2' title="bbox 417 298 3050 394; baseline -0.003 -17"><span class='ocrx_word' id='word_1_10' title='bbox 417 303 421 307; x_wconf 48' lang='lat'><strong>⁴</strong></span> <span class='ocrx_word' id='word_1_11' title='bbox 470 306 768 394; x_wconf 85' lang='lat' dir='ltr'>corporis</span> <span class='ocrx_word' id='word_1_12' title='bbox 818 322 972 373; x_wconf 84' lang='lat' dir='ltr'>vero</span> <span class='ocrx_word' id='word_1_13' title='bbox 1036 300 1333 389; x_wconf 79' lang='lat' dir='ltr'>gloriam,</span> <span class='ocrx_word' id='word_1_14' title='bbox 1383 320 1515 371; x_wconf 91' lang='lat' dir='ltr'>non</span> <span class='ocrx_word' id='word_1_15' title='bbox 1563 307 1671 371; x_wconf 86' lang='lat' dir='ltr'>est</span> <span class='ocrx_word' id='word_1_16' title='bbox 1719 299 1879 389; x_wconf 86' lang='lat' dir='ltr'>quid</span> <span class='ocrx_word' id='word_1_17' title='bbox 1925 298 2204 371; x_wconf 84' lang='lat' dir='ltr'>arduum</span> <span class='ocrx_word' id='word_1_18' title='bbox 2251 306 2317 369; x_wconf 95' lang='lat' dir='ltr'>et</span> <span class='ocrx_word' id='word_1_19' title='bbox 2365 299 2658 368; x_wconf 82' lang='lat' dir='ltr'>futurum</span> <span class='ocrx_word' id='word_1_20' title='bbox 2691 299 2903 371; x_wconf 86' lang='lat' dir='ltr'>beatis</span> <span class='ocrx_word' id='word_1_21' title='bbox 2941 302 3050 389; x_wconf 88' lang='lat' dir='ltr'>qui</span> 
     </span>
     <span class='ocr_line' id='line_1_3' title="bbox 469 407 3051 497; baseline -0.002 -13"><span class='ocrx_word' id='word_1_22' title='bbox 469 415 648 484; x_wconf 86' lang='lat' dir='ltr'>illam</span> <span class='ocrx_word' id='word_1_23' title='bbox 697 430 847 482; x_wconf 90' lang='lat' dir='ltr'>cum</span> <span class='ocrx_word' id='word_1_24' title='bbox 898 410 1373 496; x_wconf 72' lang='lat' dir='ltr'>tranquillitate</span> <span class='ocrx_word' id='word_1_25' title='bbox 1419 410 1833 497; x_wconf 75' lang='lat' dir='ltr'>‘expectant;</span> <span class='ocrx_word' id='word_1_26' title='bbox 1905 426 2059 476; x_wconf 86' lang='lat' dir='ltr'>nam</span> <span class='ocrx_word' id='word_1_27' title='bbox 2127 407 2377 477; x_wconf 78' lang='lat' dir='ltr'>habens</span> <span class='ocrx_word' id='word_1_28' title='bbox 2453 407 2728 493; x_wconf 82' lang='lat' dir='ltr'>gloriam</span> <span class='ocrx_word' id='word_1_29' title='bbox 2796 409 3051 494; x_wconf 69' lang='lat' dir='ltr'>animm,</span> 
     </span>
     <span class='ocr_line' id='line_1_4' title="bbox 459 506 2691 609; baseline -0.004 -16"><span class='ocrx_word' id='word_1_30' title='bbox 459 524 668 593; x_wconf 81' lang='lat' dir='ltr'>habet</span> <span class='ocrx_word' id='word_1_31' title='bbox 709 523 844 608; x_wconf 87' lang='lat' dir='ltr'>jam</span> <span class='ocrx_word' id='word_1_32' title='bbox 887 527 1114 609; x_wconf 45' lang='lat' dir='ltr'>tutam·</span> <span class='ocrx_word' id='word_1_33' title='bbox 1143 535 1217 586; x_wconf 89' lang='lat' dir='ltr'>ac</span> <span class='ocrx_word' id='word_1_34' title='bbox 1270 524 1516 587; x_wconf 84' lang='lat' dir='ltr'>certam</span> <span class='ocrx_word' id='word_1_35' title='bbox 1566 535 1841 597; x_wconf 81' lang='lat' dir='ltr'>causam¹</span> <span class='ocrx_word' id='word_1_36' title='bbox 1880 516 2109 603; x_wconf 72' lang='lat' dir='ltr'>gloriae</span> <span class='ocrx_word' id='word_1_37' title='bbox 2158 517 2480 605; x_wconf 81' lang='lat' dir='ltr'>corporis,</span> <span class='ocrx_word' id='word_1_38' title='bbox 2686 506 2691 513; x_wconf 73' lang='grc'><strong><em>’</em></strong></span> 
     </span>
    </p>

    <p class='ocr_par' dir='ltr' id='par_1_3' title="bbox 471 624 3059 933">
     <span class='ocr_line' id='line_1_5' title="bbox 647 624 3055 714; baseline -0.002 -17"><span class='ocrx_word' id='word_1_39' title='bbox 647 632 708 697; x_wconf 79' lang='grc'>2.</span> <span class='ocrx_word' id='word_1_40' title='bbox 764 628 931 714; x_wconf 83' lang='lat' dir='ltr'>Spes</span> <span class='ocrx_word' id='word_1_41' title='bbox 981 644 1115 694; x_wconf 93' lang='lat' dir='ltr'>non</span> <span class='ocrx_word' id='word_1_42' title='bbox 1162 632 1265 693; x_wconf 87' lang='lat' dir='ltr'>est</span> <span class='ocrx_word' id='word_1_43' title='bbox 1314 625 1377 693; x_wconf 91' lang='lat' dir='ltr'>in</span> <span class='ocrx_word' id='word_1_44' title='bbox 1429 624 1798 713; x_wconf 70' lang='lat' dir='ltr'>damnatis3</span> <span class='ocrx_word' id='word_1_45' title='bbox 1850 642 2000 695; x_wconf 87' lang='lat' dir='ltr'>nam</span> <span class='ocrx_word' id='word_1_46' title='bbox 2045 636 2289 692; x_wconf 75' lang='lat' dir='ltr'>mortuo</span> <span class='ocrx_word' id='word_1_47' title='bbox 2330 624 2576 692; x_wconf 65' lang='lat' dir='ltr'>hontine</span> <span class='ocrx_word' id='word_1_48' title='bbox 2621 625 2834 712; x_wconf 80' lang='lat' dir='ltr'>impio,</span> <span class='ocrx_word' id='word_1_49' title='bbox 2884 625 3055 693; x_wconf 76' lang='lat' dir='ltr'>nulla</span> 
     </span>
     <span class='ocr_line' id='line_1_6' title="bbox 471 732 3059 827; baseline -0.003 -19"><span class='ocrx_word' id='word_1_50' title='bbox 471 740 586 808; x_wconf 67' lang='lat' dir='ltr'>em&#39;t</span> <span class='ocrx_word' id='word_1_51' title='bbox 629 739 804 827; x_wconf 69' lang='lat' dir='ltr'>ultra</span> <span class='ocrx_word' id='word_1_52' title='bbox 849 756 987 822; x_wconf 82' lang='lat' dir='ltr'>spes</span> <span class='ocrx_word' id='word_1_53' title='bbox 1029 735 1085 801; x_wconf 81' lang='lat'>¹.</span> <span class='ocrx_word' id='word_1_54' title='bbox 1135 732 1435 821; x_wconf 73' lang='lat' dir='ltr'>Damnati</span> <span class='ocrx_word' id='word_1_55' title='bbox 1485 733 1689 801; x_wconf 90' lang='lat' dir='ltr'>semel</span> <span class='ocrx_word' id='word_1_56' title='bbox 1740 750 1814 799; x_wconf 88' lang='lat' dir='ltr'>ao</span> <span class='ocrx_word' id='word_1_57' title='bbox 1862 732 2078 818; x_wconf 87' lang='lat' dir='ltr'>poenis</span> <span class='ocrx_word' id='word_1_58' title='bbox 2128 732 2363 802; x_wconf 78' lang='lat' dir='ltr'>inferni</span> <span class='ocrx_word' id='word_1_59' title='bbox 2413 752 2485 801; x_wconf 90' lang='lat' dir='ltr'>se</span> <span class='ocrx_word' id='word_1_60' title='bbox 2537 733 2839 802; x_wconf 84' lang='lat' dir='ltr'>addictos</span> <span class='ocrx_word' id='word_1_61' title='bbox 2906 751 3059 801; x_wconf 87' lang='lat' dir='ltr'>con·</span> 
     </span>
     <span class='ocr_line' id='line_1_7' title="bbox 473 822 3057 933; baseline -0.003 -18"><span class='ocrx_word' id='word_1_62' title='bbox 473 822 792 933; x_wconf 72' lang='lat' dir='ltr'>spiciunt,</span> <span class='ocrx_word' id='word_1_63' title='bbox 842 843 924 911; x_wconf 92' lang='lat' dir='ltr'>ab</span> <span class='ocrx_word' id='word_1_64' title='bbox 973 841 1086 908; x_wconf 88' lang='lat' dir='ltr'>illo</span> <span class='ocrx_word' id='word_1_65' title='bbox 1137 839 1383 927; x_wconf 79' lang='lat' dir='ltr'>puncto</span> <span class='ocrx_word' id='word_1_66' title='bbox 1434 847 1612 908; x_wconf 86' lang='lat' dir='ltr'>certe</span> <span class='ocrx_word' id='word_1_67' title='bbox 1662 838 2029 924; x_wconf 78' lang='lat' dir='ltr'>agnoscunt</span> <span class='ocrx_word' id='word_1_68' title='bbox 2076 857 2413 926; x_wconf 90' lang='lat' dir='ltr'>nunquam</span> <span class='ocrx_word' id='word_1_69' title='bbox 2460 840 2600 909; x_wconf 85' lang='lat' dir='ltr'>fore</span> <span class='ocrx_word' id='word_1_70' title='bbox 2663 839 3057 910; x_wconf 89' lang='lat' dir='ltr'>liberandos.</span> 
     </span>
    </p>

    <p class='ocr_par' dir='ltr' id='par_1_4' title="bbox 474 945 3064 1358">
     <span class='ocr_line' id='line_1_8' title="bbox 661 945 3063 1039; baseline -0 -21"><span class='ocrx_word' id='word_1_71' title='bbox 661 953 721 1019; x_wconf 83' lang='lat'>3.</span> <span class='ocrx_word' id='word_1_72' title='bbox 772 952 939 1036; x_wconf 84' lang='lat' dir='ltr'>Spes</span> <span class='ocrx_word' id='word_1_73' title='bbox 986 965 1118 1015; x_wconf 91' lang='lat' dir='ltr'>non</span> <span class='ocrx_word' id='word_1_74' title='bbox 1167 955 1270 1016; x_wconf 88' lang='lat' dir='ltr'>est</span> <span class='ocrx_word' id='word_1_75' title='bbox 1317 945 1380 1014; x_wconf 93' lang='lat' dir='ltr'>in</span> <span class='ocrx_word' id='word_1_76' title='bbox 1431 945 1806 1039; x_wconf 75' lang='lat' dir='ltr'>haereticiS,</span> <span class='ocrx_word' id='word_1_77' title='bbox 1855 965 2004 1015; x_wconf 88' lang='lat' dir='ltr'>cum</span> <span class='ocrx_word' id='word_1_78' title='bbox 2054 946 2182 1015; x_wconf 89' lang='lat' dir='ltr'>fide</span> <span class='ocrx_word' id='word_1_79' title='bbox 2230 955 2515 1030; x_wconf 81' lang='lat' dir='ltr'>careant,</span> <span class='ocrx_word' id='word_1_80' title='bbox 2564 967 2715 1034; x_wconf 81' lang='lat' dir='ltr'>quae</span> <span class='ocrx_word' id='word_1_81' title='bbox 2764 955 2867 1017; x_wconf 87' lang='lat' dir='ltr'>est</span> <span class='ocrx_word' id='word_1_82' title='bbox 2912 949 3063 1017; x_wconf 72' lang='lat' dir='ltr'>fun—</span> 
     </span>
     <span class='ocr_line' id='line_1_9' title="bbox 474 1053 3064 1141; baseline -0.001 -15"><span class='ocrx_word' id='word_1_83' title='bbox 474 1057 856 1128; x_wconf 87' lang='lat' dir='ltr'>damentum</span> <span class='ocrx_word' id='word_1_84' title='bbox 906 1053 1067 1141; x_wconf 89' lang='lat' dir='ltr'>spei.</span> <span class='ocrx_word' id='word_1_85' title='bbox 1139 1053 1424 1122; x_wconf 83' lang='lat' dir='ltr'>Proinde</span> <span class='ocrx_word' id='word_1_86' title='bbox 1472 1072 1626 1139; x_wconf 87' lang='lat' dir='ltr'>spes</span> <span class='ocrx_word' id='word_1_87' title='bbox 1676 1072 1826 1139; x_wconf 82' lang='lat' dir='ltr'>quae</span> <span class='ocrx_word' id='word_1_88' title='bbox 1874 1054 1941 1122; x_wconf 93' lang='lat' dir='ltr'>in</span> <span class='ocrx_word' id='word_1_89' title='bbox 1990 1055 2153 1141; x_wconf 88' lang='lat' dir='ltr'>ipsis</span> <span class='ocrx_word' id='word_1_90' title='bbox 2203 1073 2352 1125; x_wconf 89' lang='lat' dir='ltr'>esse</span> <span class='ocrx_word' id='word_1_91' title='bbox 2398 1055 2683 1141; x_wconf 80' lang='lat' dir='ltr'>videt-ur,</span> <span class='ocrx_word' id='word_1_92' title='bbox 2760 1076 2893 1126; x_wconf 91' lang='lat' dir='ltr'>non</span> <span class='ocrx_word' id='word_1_93' title='bbox 2964 1066 3064 1125; x_wconf 91' lang='lat' dir='ltr'>est</span> 
     </span>
     <span class='ocr_line' id='line_1_10' title="bbox 481 1159 3064 1248; baseline 0.001 -20"><span class='ocrx_word' id='word_1_94' title='bbox 481 1183 633 1234; x_wconf 89' lang='lat' dir='ltr'>vera</span> <span class='ocrx_word' id='word_1_95' title='bbox 687 1172 752 1233; x_wconf 87' lang='lat' dir='ltr'>et</span> <span class='ocrx_word' id='word_1_96' title='bbox 802 1159 1344 1247; x_wconf 76' lang='lat' dir='ltr'>supernaturalis,</span> <span class='ocrx_word' id='word_1_97' title='bbox 1380 1159 1494 1228; x_wconf 91' lang='lat' dir='ltr'>sed</span> <span class='ocrx_word' id='word_1_98' title='bbox 1540 1159 1879 1242; x_wconf 87' lang='lat' dir='ltr'>naturalis,</span> <span class='ocrx_word' id='word_1_99' title='bbox 1929 1160 2270 1248; x_wconf 86' lang='lat' dir='ltr'>acquisita,</span> <span class='ocrx_word' id='word_1_100' title='bbox 2324 1162 2531 1231; x_wconf 89' lang='lat' dir='ltr'>inanis</span> <span class='ocrx_word' id='word_1_101' title='bbox 2581 1169 2647 1231; x_wconf 86' lang='lat' dir='ltr'>et</span> <span class='ocrx_word' id='word_1_102' title='bbox 2694 1162 2850 1235; x_wconf 86' lang='lat' dir='ltr'>falsa</span> <span class='ocrx_word' id='word_1_103' title='bbox 2923 1170 3064 1232; x_wconf 88' lang='lat' dir='ltr'>orta</span> 
     </span>
     <span class='ocr_line' id='line_1_11' title="bbox 478 1258 2829 1358; baseline -0.005 -18"><span class='ocrx_word' id='word_1_104' title='bbox 478 1289 555 1341; x_wconf 82' lang='lat' dir='ltr'>ex</span> <span class='ocrx_word' id='word_1_105' title='bbox 607 1270 1042 1358; x_wconf 82' lang='lat' dir='ltr'>persuasione</span> <span class='ocrx_word' id='word_1_106' title='bbox 1088 1284 1208 1337; x_wconf 91' lang='lat' dir='ltr'>seu</span> <span class='ocrx_word' id='word_1_107' title='bbox 1255 1266 1382 1336; x_wconf 83' lang='lat' dir='ltr'>fide</span> <span class='ocrx_word' id='word_1_108' title='bbox 1430 1267 1735 1335; x_wconf 89' lang='lat' dir='ltr'>humana.</span> <span class='ocrx_word' id='word_1_109' title='bbox 2800 1258 2829 1285; x_wconf 76' lang='lat'>&#39;⁸</span> 
     </span>
    </p>

    <p class='ocr_par' dir='ltr' id='par_1_5' title="bbox 476 1375 3075 2325">
     <span class='ocr_line' id='line_1_12' title="bbox 565 1375 3069 1465; baseline -0.001 -17"><span class='ocrx_word' id='word_1_110' title='bbox 565 1381 663 1449; x_wconf 83' lang='lat' dir='ltr'>An</span> <span class='ocrx_word' id='word_1_111' title='bbox 708 1398 852 1446; x_wconf 83' lang='lat' dir='ltr'>vero</span> <span class='ocrx_word' id='word_1_112' title='bbox 897 1397 1035 1465; x_wconf 78' lang='lat' dir='ltr'>spes</span> <span class='ocrx_word' id='word_1_113' title='bbox 1080 1376 1161 1443; x_wconf 81' lang='lat' dir='ltr'>sit</span> <span class='ocrx_word' id='word_1_114' title='bbox 1208 1375 1277 1443; x_wconf 72' lang='lat' dir='ltr'>in</span> <span class='ocrx_word' id='word_1_115' title='bbox 1321 1376 1652 1443; x_wconf 76' lang='lat' dir='ltr'>animabus</span> <span class='ocrx_word' id='word_1_116' title='bbox 1696 1377 2128 1463; x_wconf 73' lang='lat' dir='ltr'>purqamihus,</span> <span class='ocrx_word' id='word_1_117' title='bbox 2178 1378 2243 1443; x_wconf 66' lang='lat' dir='ltr'>in</span> <span class='ocrx_word' id='word_1_118' title='bbox 2275 1379 2469 1464; x_wconf 75' lang='lat' dir='ltr'>justis</span> <span class='ocrx_word' id='word_1_119' title='bbox 2514 1379 2855 1447; x_wconf 60' lang='lat' dir='ltr'>viatoribus</span> <span class='ocrx_word' id='word_1_120' title='bbox 2901 1390 2957 1446; x_wconf 81' lang='lat' dir='ltr'>et</span> <span class='ocrx_word' id='word_1_121' title='bbox 3002 1380 3069 1445; x_wconf 78' lang='lat' dir='ltr'>in</span> 
     </span>
     <span class='ocr_line' id='line_1_13' title="bbox 476 1483 3071 1574; baseline 0 -20"><span class='ocrx_word' id='word_1_122' title='bbox 476 1487 920 1574; x_wconf 78' lang='lat' dir='ltr'>peccatoribus,</span> <span class='ocrx_word' id='word_1_123' title='bbox 971 1485 1263 1551; x_wconf 88' lang='lat' dir='ltr'>affirma:</span> <span class='ocrx_word' id='word_1_124' title='bbox 1313 1501 1385 1550; x_wconf 89' lang='lat' dir='ltr'>ac</span> <span class='ocrx_word' id='word_1_125' title='bbox 1438 1483 1504 1568; x_wconf 84' lang='lat' dir='ltr'>l)</span> <span class='ocrx_word' id='word_1_126' title='bbox 1554 1483 1618 1550; x_wconf 89' lang='lat' dir='ltr'>in</span> <span class='ocrx_word' id='word_1_127' title='bbox 1669 1483 2013 1553; x_wconf 86' lang='lat' dir='ltr'>animabus</span> <span class='ocrx_word' id='word_1_128' title='bbox 2062 1486 2539 1571; x_wconf 82' lang='lat' dir='ltr'>purgantibus3</span> <span class='ocrx_word' id='word_1_129' title='bbox 2613 1489 2762 1573; x_wconf 88' lang='lat' dir='ltr'>quia</span> <span class='ocrx_word' id='word_1_130' title='bbox 2815 1488 2939 1556; x_wconf 87' lang='lat' dir='ltr'>etsi</span> <span class='ocrx_word' id='word_1_131' title='bbox 2990 1486 3071 1555; x_wconf 83' lang='lat' dir='ltr'>dc</span> 
     </span>
     <span class='ocr_line' id='line_1_14' title="bbox 480 1582 3073 1675; baseline -0 -10"><span class='ocrx_word' id='word_1_132' title='bbox 480 1582 892 1665; x_wconf 82' lang='lat' dir='ltr'>beatitudine</span> <span class='ocrx_word' id='word_1_133' title='bbox 941 1590 1297 1660; x_wconf 87' lang='lat' dir='ltr'>obtinenda</span> <span class='ocrx_word' id='word_1_134' title='bbox 1350 1598 1549 1659; x_wconf 82' lang='lat' dir='ltr'>certae</span> <span class='ocrx_word' id='word_1_135' title='bbox 1599 1591 1753 1675; x_wconf 85' lang='lat' dir='ltr'>sint,</span> <span class='ocrx_word' id='word_1_136' title='bbox 1805 1609 1876 1659; x_wconf 89' lang='lat' dir='ltr'>ea</span> <span class='ocrx_word' id='word_1_137' title='bbox 1929 1599 2144 1660; x_wconf 89' lang='lat' dir='ltr'>tamen</span> <span class='ocrx_word' id='word_1_138' title='bbox 2194 1600 2258 1662; x_wconf 85' lang='lat' dir='ltr'>et</span> <span class='ocrx_word' id='word_1_139' title='bbox 2308 1595 2545 1664; x_wconf 86' lang='lat' dir='ltr'>absens</span> <span class='ocrx_word' id='word_1_140' title='bbox 2608 1604 2709 1665; x_wconf 88' lang='lat' dir='ltr'>est</span> <span class='ocrx_word' id='word_1_141' title='bbox 2757 1604 2823 1664; x_wconf 88' lang='lat' dir='ltr'>et</span> <span class='ocrx_word' id='word_1_142' title='bbox 2870 1595 3073 1664; x_wconf 85' lang='lat' dir='ltr'>ardua</span> 
     </span>
     <span class='ocr_line' id='line_1_15' title="bbox 481 1688 3072 1787; baseline 0.001 -16"><span class='ocrx_word' id='word_1_143' title='bbox 481 1694 811 1784; x_wconf 70' lang='lat' dir='ltr'>oblentu3</span> <span class='ocrx_word' id='word_1_144' title='bbox 856 1701 926 1787; x_wconf 77' lang='lat'>2)</span> <span class='ocrx_word' id='word_1_145' title='bbox 975 1700 1042 1767; x_wconf 89' lang='lat' dir='ltr'>in</span> <span class='ocrx_word' id='word_1_146' title='bbox 1084 1700 1282 1785; x_wconf 84' lang='lat' dir='ltr'>J&#39;ustis</span> <span class='ocrx_word' id='word_1_147' title='bbox 1332 1688 1742 1768; x_wconf 74' lang='lat' dir='ltr'>viatoribus:</span> <span class='ocrx_word' id='word_1_148' title='bbox 1817 1700 1971 1786; x_wconf 81' lang='lat' dir='ltr'>qu‘ia</span> <span class='ocrx_word' id='word_1_149' title='bbox 2039 1700 2149 1769; x_wconf 88' lang='lat' dir='ltr'>isti</span> <span class='ocrx_word' id='word_1_150' title='bbox 2198 1701 2441 1771; x_wconf 89' lang='lat' dir='ltr'>habent</span> <span class='ocrx_word' id='word_1_151' title='bbox 2505 1704 2801 1773; x_wconf 88' lang='lat' dir='ltr'>habitum</span> <span class='ocrx_word' id='word_1_152' title='bbox 2872 1704 3072 1773; x_wconf 84' lang='lat' dir='ltr'>trium</span> 
     </span>
     <span class='ocr_line' id='line_1_16' title="bbox 479 1808 3071 1894; baseline 0.002 -19"><span class='ocrx_word' id='word_1_153' title='bbox 479 1811 800 1878; x_wconf 85' lang='lat' dir='ltr'>virtutum</span> <span class='ocrx_word' id='word_1_154' title='bbox 853 1808 1447 1893; x_wconf 81' lang='lat' dir='ltr'>Theologicarum3</span> <span class='ocrx_word' id='word_1_155' title='bbox 1500 1808 1569 1894; x_wconf 78' lang='lat'>3)</span> <span class='ocrx_word' id='word_1_156' title='bbox 1619 1808 1682 1875; x_wconf 91' lang='lat' dir='ltr'>in</span> <span class='ocrx_word' id='word_1_157' title='bbox 1736 1809 2195 1893; x_wconf 85' lang='lat' dir='ltr'>peccatoribus</span> <span class='ocrx_word' id='word_1_158' title='bbox 2226 1864 2242 1893; x_wconf 88' lang='lat'>‚</span> <span class='ocrx_word' id='word_1_159' title='bbox 2316 1829 2464 1879; x_wconf 90' lang='lat' dir='ltr'>nam</span> <span class='ocrx_word' id='word_1_160' title='bbox 2536 1832 2616 1885; x_wconf 83' lang='lat' dir='ltr'>ex</span> <span class='ocrx_word' id='word_1_161' title='bbox 2686 1812 3071 1881; x_wconf 81' lang='lat' dir='ltr'>Tridentino</span> 
     </span>
     <span class='ocr_line' id='line_1_17' title="bbox 481 1915 3073 2008; baseline 0 -22"><span class='ocrx_word' id='word_1_162' title='bbox 481 1926 866 2004; x_wconf 79' lang='lat' dir='ltr'>peccatores</span> <span class='ocrx_word' id='word_1_163' title='bbox 915 1917 998 1983; x_wconf 82' lang='lat' dir='ltr'>ad</span> <span class='ocrx_word' id='word_1_164' title='bbox 1036 1915 1556 1983; x_wconf 79' lang='lat' dir='ltr'>considerandam</span> <span class='ocrx_word' id='word_1_165' title='bbox 1601 1916 1718 1983; x_wconf 80' lang='lat' dir='ltr'>Dei</span> <span class='ocrx_word' id='word_1_166' title='bbox 1756 1917 2250 1985; x_wconf 77' lang='lat' dir='ltr'>misericordiam</span> <span class='ocrx_word' id='word_1_167' title='bbox 2294 1940 2357 1986; x_wconf 81' lang='lat' dir='ltr'>se</span> <span class='ocrx_word' id='word_1_168' title='bbox 2387 1922 2881 2007; x_wconf 63' lang='lat' dir='ltr'>convertendam</span> <span class='ocrx_word' id='word_1_169' title='bbox 2906 1940 3073 2008; x_wconf 79' lang='lat' dir='ltr'>spem</span> 
     </span>
     <span class='ocr_line' id='line_1_18' title="bbox 480 2024 3075 2119; baseline 0.002 -26"><span class='ocrx_word' id='word_1_170' title='bbox 480 2027 827 2112; x_wconf 55' lang='lat' dir='ltr'>e‘riqummg</span> <span class='ocrx_word' id='word_1_171' title='bbox 875 2024 1125 2112; x_wconf 76' lang='lat' dir='ltr'>fidentes</span> <span class='ocrx_word' id='word_1_172' title='bbox 1173 2028 1368 2091; x_wconf 77' lang='lat' dir='ltr'>Deum</span> <span class='ocrx_word' id='word_1_173' title='bbox 1414 2025 1530 2091; x_wconf 81' lang='lat' dir='ltr'>sibi</span> <span class='ocrx_word' id='word_1_174' title='bbox 1569 2036 1827 2111; x_wconf 77' lang='lat' dir='ltr'>propter</span> <span class='ocrx_word' id='word_1_175' title='bbox 1861 2025 2175 2093; x_wconf 79' lang='lat' dir='ltr'>Christum</span> <span class='ocrx_word' id='word_1_176' title='bbox 2196 2028 2539 2113; x_wconf 75' lang='lat' dir='ltr'>propitium</span> <span class='ocrx_word' id='word_1_177' title='bbox 2571 2028 2708 2113; x_wconf 80' lang='lat' dir='ltr'>fore</span> <span class='ocrx_word' id='word_1_178' title='bbox 2744 2036 2793 2096; x_wconf 84' lang='lat'>².</span> <span class='ocrx_word' id='word_1_179' title='bbox 2828 2027 3075 2119; x_wconf 84' lang='lat' dir='ltr'>Excipe</span> 
     </span>
     <span class='ocr_line' id='line_1_19' title="bbox 478 2130 3075 2221; baseline 0 -20"><span class='ocrx_word' id='word_1_180' title='bbox 478 2135 604 2203; x_wconf 84' lang='lat' dir='ltr'>nisi</span> <span class='ocrx_word' id='word_1_181' title='bbox 661 2133 723 2201; x_wconf 92' lang='lat' dir='ltr'>in</span> <span class='ocrx_word' id='word_1_182' title='bbox 773 2133 920 2201; x_wconf 88' lang='lat' dir='ltr'>istis</span> <span class='ocrx_word' id='word_1_183' title='bbox 968 2131 1140 2199; x_wconf 85' lang='lat' dir='ltr'>adsit</span> <span class='ocrx_word' id='word_1_184' title='bbox 1192 2137 1534 2217; x_wconf 88' lang='lat' dir='ltr'>peccatum</span> <span class='ocrx_word' id='word_1_185' title='bbox 1581 2130 1760 2216; x_wconf 88' lang='lat' dir='ltr'>quod</span> <span class='ocrx_word' id='word_1_186' title='bbox 1811 2132 2060 2201; x_wconf 84' lang='lat' dir='ltr'>directe</span> <span class='ocrx_word' id='word_1_187' title='bbox 2109 2140 2487 2218; x_wconf 90' lang='lat' dir='ltr'>opponatur</span> <span class='ocrx_word' id='word_1_188' title='bbox 2549 2135 2733 2221; x_wconf 86' lang='lat' dir='ltr'>spei,</span> <span class='ocrx_word' id='word_1_189' title='bbox 2809 2136 2902 2205; x_wconf 89' lang='lat' dir='ltr'>uti</span> <span class='ocrx_word' id='word_1_190' title='bbox 2975 2143 3075 2205; x_wconf 89' lang='lat' dir='ltr'>est</span> 
     </span>
     <span class='ocr_line' id='line_1_20' title="bbox 481 2238 1985 2325; baseline -0.001 -17"><span class='ocrx_word' id='word_1_191' title='bbox 481 2241 596 2311; x_wconf 91' lang='lat' dir='ltr'>des</span> <span class='ocrx_word' id='word_1_192' title='bbox 649 2241 878 2320; x_wconf 50' lang='lat' dir='ltr'>eratiot</span> <span class='ocrx_word' id='word_1_193' title='bbox 932 2247 997 2309; x_wconf 88' lang='lat' dir='ltr'>et</span> <span class='ocrx_word' id='word_1_194' title='bbox 1045 2257 1227 2325; x_wconf 81' lang='lat' dir='ltr'>saepe</span> <span class='ocrx_word' id='word_1_195' title='bbox 1275 2238 1472 2307; x_wconf 86' lang='lat' dir='ltr'>etiam</span> <span class='ocrx_word' id='word_1_196' title='bbox 1527 2241 1985 2324; x_wconf 79' lang='lat' dir='ltr'>praesumptio.</span> 
     </span>
    </p>

    <p class='ocr_par' dir='ltr' id='par_1_6' title="bbox 568 2263 2590 2433">
     <span class='ocr_line' id='line_1_21' title="bbox 568 2263 2590 2433; baseline 0.001 -21"><span class='ocrx_word' id='word_1_197' title='bbox 568 2263 787 2413; x_wconf 41' lang='lat' dir='ltr'>&amp;a</span> <span class='ocrx_word' id='word_1_198' title='bbox 840 2349 912 2429; x_wconf 90' lang='lat' dir='ltr'>Q.</span> <span class='ocrx_word' id='word_1_199' title='bbox 962 2350 1023 2414; x_wconf 72' lang='lat' dir='ltr'>li.</span> <span class='ocrx_word' id='word_1_200' title='bbox 1075 2349 1358 2427; x_wconf 76' lang='lat' dir='ltr'>Quonam</span> <span class='ocrx_word' id='word_1_201' title='bbox 1403 2366 1589 2413; x_wconf 79' lang='lat' dir='ltr'>sensu</span> <span class='ocrx_word' id='word_1_202' title='bbox 1634 2366 1772 2433; x_wconf 83' lang='lat' dir='ltr'>spes</span> <span class='ocrx_word' id='word_1_203' title='bbox 1828 2347 2189 2433; x_wconf 73' lang='lat' dir='ltr'>Theoloqica</span> <span class='ocrx_word' id='word_1_204' title='bbox 2234 2361 2400 2415; x_wconf 81' lang='lat' dir='ltr'>certa</span> <span class='ocrx_word' id='word_1_205' title='bbox 2446 2363 2531 2418; x_wconf 79' lang='lat' dir='ltr'>est</span> <span class='ocrx_word' id='word_1_206' title='bbox 2557 2356 2590 2415; x_wconf 73' lang='grc'>,9</span> 
     </span>
    </p>

    <p class='ocr_par' dir='ltr' id='par_1_7' title="bbox 481 2453 3113 3405">
     <span class='ocr_line' id='line_1_22' title="bbox 569 2453 3074 2544; baseline 0.002 -20"><span class='ocrx_word' id='word_1_207' title='bbox 569 2458 639 2524; x_wconf 86' lang='lat' dir='ltr'>R.</span> <span class='ocrx_word' id='word_1_208' title='bbox 692 2459 829 2524; x_wconf 87' lang='lat' dir='ltr'>Hoc</span> <span class='ocrx_word' id='word_1_209' title='bbox 879 2472 1080 2523; x_wconf 85' lang='lat' dir='ltr'>sensu</span> <span class='ocrx_word' id='word_1_210' title='bbox 1129 2472 1284 2539; x_wconf 89' lang='lat' dir='ltr'>spes</span> <span class='ocrx_word' id='word_1_211' title='bbox 1334 2453 1734 2539; x_wconf 85' lang='lat' dir='ltr'>Theologica</span> <span class='ocrx_word' id='word_1_212' title='bbox 1783 2460 1961 2522; x_wconf 87' lang='lat' dir='ltr'>certa</span> <span class='ocrx_word' id='word_1_213' title='bbox 2011 2465 2132 2537; x_wconf 85' lang='lat' dir='ltr'>est,</span> <span class='ocrx_word' id='word_1_214' title='bbox 2183 2456 2363 2541; x_wconf 88' lang='lat' dir='ltr'>quod</span> <span class='ocrx_word' id='word_1_215' title='bbox 2411 2475 2489 2524; x_wconf 84' lang='lat' dir='ltr'>ex</span> <span class='ocrx_word' id='word_1_216' title='bbox 2540 2466 2726 2544; x_wconf 90' lang='lat' dir='ltr'>parte</span> <span class='ocrx_word' id='word_1_217' title='bbox 2784 2459 2904 2529; x_wconf 87' lang='lat' dir='ltr'>Dei</span> <span class='ocrx_word' id='word_1_218' title='bbox 2962 2459 3074 2528; x_wconf 88' lang='lat' dir='ltr'>.in-</span> 
     </span>
     <span class='ocr_line' id='line_1_23' title="bbox 481 2560 3075 2651; baseline 0.001 -19"><span class='ocrx_word' id='word_1_219' title='bbox 481 2565 732 2632; x_wconf 86' lang='lat' dir='ltr'>nitatur</span> <span class='ocrx_word' id='word_1_220' title='bbox 777 2562 1103 2632; x_wconf 81' lang='lat' dir='ltr'>infallibili</span> <span class='ocrx_word' id='word_1_221' title='bbox 1159 2562 1302 2648; x_wconf 80' lang='lat' dir='ltr'>eJ‘us</span> <span class='ocrx_word' id='word_1_222' title='bbox 1355 2561 1801 2649; x_wconf 86' lang='lat' dir='ltr'>promissioni,</span> <span class='ocrx_word' id='word_1_223' title='bbox 1853 2560 2131 2629; x_wconf 82' lang='lat' dir='ltr'>infinitae</span> <span class='ocrx_word' id='word_1_224' title='bbox 2201 2564 2748 2651; x_wconf 84' lang='lat' dir='ltr'>omnipotentiae,</span> <span class='ocrx_word' id='word_1_225' title='bbox 2826 2567 3075 2636; x_wconf 91' lang='lat' dir='ltr'>miseri-</span> 
     </span>
     <span class='ocr_line' id='line_1_24' title="bbox 484 2664 3071 2761; baseline 0.001 -21"><span class='ocrx_word' id='word_1_226' title='bbox 484 2671 731 2740; x_wconf 82' lang='lat' dir='ltr'>cordiae</span> <span class='ocrx_word' id='word_1_227' title='bbox 785 2687 859 2739; x_wconf 86' lang='lat' dir='ltr'>ao</span> <span class='ocrx_word' id='word_1_228' title='bbox 910 2668 1206 2737; x_wconf 86' lang='lat' dir='ltr'>fidelitati</span> <span class='ocrx_word' id='word_1_229' title='bbox 1258 2667 1352 2735; x_wconf 91' lang='lat' dir='ltr'>uti</span> <span class='ocrx_word' id='word_1_230' title='bbox 1405 2668 1669 2754; x_wconf 86' lang='lat' dir='ltr'>objecto</span> <span class='ocrx_word' id='word_1_231' title='bbox 1720 2686 1842 2736; x_wconf 91' lang='lat' dir='ltr'>suo</span> <span class='ocrx_word' id='word_1_232' title='bbox 1892 2664 2192 2751; x_wconf 83' lang='lat' dir='ltr'>formali3</span> <span class='ocrx_word' id='word_1_233' title='bbox 2240 2668 2391 2741; x_wconf 90' lang='lat' dir='ltr'>ideo</span> <span class='ocrx_word' id='word_1_234' title='bbox 2442 2673 2804 2743; x_wconf 85' lang='lat' dir='ltr'>nullimode</span> <span class='ocrx_word' id='word_1_235' title='bbox 2854 2680 3071 2761; x_wconf 83' lang='lat' dir='ltr'>potest</span> 
     </span>
     <span class='ocr_line' id='line_1_25' title="bbox 482 2774 3069 2869; baseline 0.002 -24"><span class='ocrx_word' id='word_1_236' title='bbox 482 2778 782 2847; x_wconf 85' lang='lat' dir='ltr'>deficere.</span> <span class='ocrx_word' id='word_1_237' title='bbox 834 2778 1047 2858; x_wconf 86' lang='lat' dir='ltr'>Quare</span> <span class='ocrx_word' id='word_1_238' title='bbox 1090 2775 1364 2843; x_wconf 82' lang='lat' dir='ltr'>canebat</span> <span class='ocrx_word' id='word_1_239' title='bbox 1415 2774 1647 2843; x_wconf 84' lang='lat' dir='ltr'>David:</span> <span class='ocrx_word' id='word_1_240' title='bbox 1677 2778 1787 2841; x_wconf 70' lang='grc' dir='ltr'>Ἰη-</span> <span class='ocrx_word' id='word_1_241' title='bbox 1814 2787 1890 2858; x_wconf 83' lang='lat' dir='ltr'>te,</span> <span class='ocrx_word' id='word_1_242' title='bbox 1941 2777 2219 2860; x_wconf 79' lang='lat' dir='ltr'>Domine,</span> <span class='ocrx_word' id='word_1_243' title='bbox 2257 2779 2524 2864; x_wconf 80' lang='lat' dir='ltr'>speravi,</span> <span class='ocrx_word' id='word_1_244' title='bbox 2558 2800 2683 2847; x_wconf 82' lang='lat' dir='ltr'>non</span> <span class='ocrx_word' id='word_1_245' title='bbox 2721 2783 3069 2869; x_wconf 74' lang='lat' dir='ltr'>confundar</span> 
     </span>
     <span class='ocr_line' id='line_1_26' title="bbox 481 2880 3071 2970; baseline 0.002 -17"><span class='ocrx_word' id='word_1_246' title='bbox 481 2888 547 2954; x_wconf 82' lang='lat' dir='ltr'>in</span> <span class='ocrx_word' id='word_1_247' title='bbox 597 2898 913 2953; x_wconf 77' lang='lat' dir='ltr'>oeternam.</span> <span class='ocrx_word' id='word_1_248' title='bbox 961 2887 1042 2951; x_wconf 74' lang='lat' dir='ltr'>Et</span> <span class='ocrx_word' id='word_1_249' title='bbox 1089 2882 1379 2951; x_wconf 82' lang='lat' dir='ltr'>Paulus:</span> <span class='ocrx_word' id='word_1_250' title='bbox 1428 2902 1566 2970; x_wconf 75' lang='lat' dir='ltr'>spes</span> <span class='ocrx_word' id='word_1_251' title='bbox 1610 2903 1737 2949; x_wconf 79' lang='lat' dir='ltr'>non</span> <span class='ocrx_word' id='word_1_252' title='bbox 1782 2884 2104 2969; x_wconf 69' lang='lat' dir='ltr'>consu-redit</span> <span class='ocrx_word' id='word_1_253' title='bbox 2154 2880 2202 2954; x_wconf 80' lang='lat'>⁸.</span> <span class='ocrx_word' id='word_1_254' title='bbox 2250 2887 2391 2954; x_wconf 89' lang='lat' dir='ltr'>Non</span> <span class='ocrx_word' id='word_1_255' title='bbox 2442 2896 2542 2956; x_wconf 85' lang='lat' dir='ltr'>est</span> <span class='ocrx_word' id='word_1_256' title='bbox 2605 2892 2824 2959; x_wconf 81' lang='lat' dir='ltr'>autem</span> <span class='ocrx_word' id='word_1_257' title='bbox 2897 2899 3071 2965; x_wconf 83' lang='lat' dir='ltr'>certa</span> 
     </span>
     <span class='ocr_line' id='line_1_27' title="bbox 486 2989 3072 3076; baseline 0.002 -17"><span class='ocrx_word' id='word_1_258' title='bbox 486 2993 551 3060; x_wconf 91' lang='lat' dir='ltr'>in</span> <span class='ocrx_word' id='word_1_259' title='bbox 600 3010 802 3061; x_wconf 86' lang='lat' dir='ltr'>sensu</span> <span class='ocrx_word' id='word_1_260' title='bbox 855 2989 1343 3072; x_wconf 83' lang='lat' dir='ltr'>haereticorum,</span> <span class='ocrx_word' id='word_1_261' title='bbox 1397 2989 1574 3075; x_wconf 85' lang='lat' dir='ltr'>quod</span> <span class='ocrx_word' id='word_1_262' title='bbox 1647 3007 1886 3075; x_wconf 88' lang='lat' dir='ltr'>nempe</span> <span class='ocrx_word' id='word_1_263' title='bbox 1933 3007 2012 3058; x_wconf 87' lang='lat' dir='ltr'>ex</span> <span class='ocrx_word' id='word_1_264' title='bbox 2076 3000 2261 3076; x_wconf 88' lang='lat' dir='ltr'>parte</span> <span class='ocrx_word' id='word_1_265' title='bbox 2331 2993 2621 3063; x_wconf 82' lang='lat' dir='ltr'>hominis</span> <span class='ocrx_word' id='word_1_266' title='bbox 2688 2996 3072 3065; x_wconf 84' lang='lat' dir='ltr'>excludatur</span> 
     </span>
     <span class='ocr_line' id='line_1_28' title="bbox 487 3096 3067 3193; baseline 0.001 -26"><span class='ocrx_word' id='word_1_267' title='bbox 487 3102 691 3167; x_wconf 87' lang='lat' dir='ltr'>timor</span> <span class='ocrx_word' id='word_1_268' title='bbox 741 3098 849 3166; x_wconf 85' lang='lat' dir='ltr'>ille</span> <span class='ocrx_word' id='word_1_269' title='bbox 898 3096 1203 3166; x_wconf 84' lang='lat' dir='ltr'>salutaris</span> <span class='ocrx_word' id='word_1_270' title='bbox 1254 3103 1318 3164; x_wconf 90' lang='lat' dir='ltr'>et</span> <span class='ocrx_word' id='word_1_271' title='bbox 1363 3096 1767 3178; x_wconf 81' lang='lat' dir='ltr'>moderatus,</span> <span class='ocrx_word' id='word_1_272' title='bbox 1817 3098 1925 3183; x_wconf 87' lang='lat' dir='ltr'>qui</span> <span class='ocrx_word' id='word_1_273' title='bbox 1979 3103 2272 3167; x_wconf 88' lang='lat' dir='ltr'>nascitur</span> <span class='ocrx_word' id='word_1_274' title='bbox 2318 3121 2397 3169; x_wconf 83' lang='lat' dir='ltr'>ex</span> <span class='ocrx_word' id='word_1_275' title='bbox 2436 3101 2750 3187; x_wconf 87' lang='lat' dir='ltr'>opinione</span> <span class='ocrx_word' id='word_1_276' title='bbox 2784 3104 3067 3193; x_wconf 68' lang='lat' dir='ltr'>propriae</span> 
     </span>
     <span class='ocr_line' id='line_1_29' title="bbox 485 3180 3067 3296; baseline 0.003 -23"><span class='ocrx_word' id='word_1_277' title='bbox 485 3180 909 3286; x_wconf 77' lang='lat' dir='ltr'>infirmitatiS‚</span> <span class='ocrx_word' id='word_1_278' title='bbox 959 3210 1023 3272; x_wconf 90' lang='lat' dir='ltr'>et</span> <span class='ocrx_word' id='word_1_279' title='bbox 1072 3220 1205 3289; x_wconf 86' lang='lat' dir='ltr'>quo</span> <span class='ocrx_word' id='word_1_280' title='bbox 1254 3204 1429 3271; x_wconf 86' lang='lat' dir='ltr'>Deus</span> <span class='ocrx_word' id='word_1_281' title='bbox 1479 3202 1682 3269; x_wconf 83' lang='lat' dir='ltr'>voluit</span> <span class='ocrx_word' id='word_1_282' title='bbox 1733 3211 2027 3271; x_wconf 85' lang='lat' dir='ltr'>nostram</span> <span class='ocrx_word' id='word_1_283' title='bbox 2100 3224 2222 3275; x_wconf 92' lang='lat' dir='ltr'>nos</span> <span class='ocrx_word' id='word_1_284' title='bbox 2272 3208 2551 3279; x_wconf 86' lang='lat' dir='ltr'>salutem</span> <span class='ocrx_word' id='word_1_285' title='bbox 2601 3211 2884 3296; x_wconf 82' lang='lat' dir='ltr'>operari,</span> <span class='ocrx_word' id='word_1_286' title='bbox 2937 3211 3067 3285; x_wconf 84' lang='lat' dir='ltr'>cla-</span> 
     </span>
     <span class='ocr_line' id='line_1_30' title="bbox 482 3309 3113 3405; baseline 0.003 -26"><span class='ocrx_word' id='word_1_287' title='bbox 482 3319 704 3379; x_wconf 87' lang='lat' dir='ltr'>mante</span> <span class='ocrx_word' id='word_1_288' title='bbox 775 3309 1140 3396; x_wconf 87' lang='lat' dir='ltr'>Apostolo:</span> <span class='ocrx_word' id='word_1_289' title='bbox 1213 3330 1351 3376; x_wconf 82' lang='lat' dir='ltr'>cum</span> <span class='ocrx_word' id='word_1_290' title='bbox 1419 3323 1584 3379; x_wconf 83' lang='lat' dir='ltr'>metu</span> <span class='ocrx_word' id='word_1_291' title='bbox 1643 3322 1700 3376; x_wconf 85' lang='lat' dir='ltr'>et</span> <span class='ocrx_word' id='word_1_292' title='bbox 1765 3323 2030 3379; x_wconf 80' lang='lat' dir='ltr'>tremore</span> <span class='ocrx_word' id='word_1_293' title='bbox 2082 3325 2351 3383; x_wconf 83' lang='lat' dir='ltr'>vestram</span> <span class='ocrx_word' id='word_1_294' title='bbox 2396 3317 2657 3384; x_wconf 81' lang='lat' dir='ltr'>salutem</span> <span class='ocrx_word' id='word_1_295' title='bbox 2702 3321 3113 3405; x_wconf 78' lang='lat' dir='ltr'>operamini.-</span> 
     </span>
    </p>
   </div>
   <div class='ocr_carea' id='block_1_3' title="bbox 3285 0 3289 585">
    <p class='ocr_par' dir='ltr' id='par_1_8' title="bbox 3285 0 3289 585">
     <span class='ocr_line' id='line_1_31' title="bbox 3285 0 3289 585; baseline 0 0"><span class='ocrx_word' id='word_1_296' title='bbox 3285 0 3289 585; x_wconf 95' lang='lat' dir='ltr'> </span> 
     </span>
    </p>
   </div>
   <div class='ocr_carea' id='block_1_4' title="bbox 3284 906 3290 2303">
    <p class='ocr_par' dir='ltr' id='par_1_9' title="bbox 3284 906 3290 2303">
     <span class='ocr_line' id='line_1_32' title="bbox 3284 906 3290 2303; baseline 0 0"><span class='ocrx_word' id='word_1_297' title='bbox 3284 906 3290 2303; x_wconf 95' lang='lat' dir='ltr'> </span> 
     </span>
    </p>
   </div>
   <div class='ocr_carea' id='block_1_5' title="bbox 488 3416 3187 3512">
    <p class='ocr_par' dir='ltr' id='par_1_10' title="bbox 488 3416 3187 3512">
     <span class='ocr_line' id='line_1_33' title="bbox 488 3416 3187 3512; baseline 0.001 -26"><span class='ocrx_word' id='word_1_298' title='bbox 488 3422 703 3501; x_wconf 86' lang='lat' dir='ltr'>Quare</span> <span class='ocrx_word' id='word_1_299' title='bbox 751 3416 1213 3497; x_wconf 83' lang='lat' dir='ltr'>Tridentinum</span> <span class='ocrx_word' id='word_1_300' title='bbox 1266 3417 1501 3484; x_wconf 87' lang='lat' dir='ltr'>merito</span> <span class='ocrx_word' id='word_1_301' title='bbox 1551 3417 1881 3485; x_wconf 80' lang='lat' dir='ltr'>damnavit</span> <span class='ocrx_word' id='word_1_302' title='bbox 1917 3421 2433 3488; x_wconf 88' lang='lat' dir='ltr'>Protestantium</span> <span class='ocrx_word' id='word_1_303' title='bbox 2470 3440 2803 3492; x_wconf 89' lang='lat' dir='ltr'>errorem:</span> <span class='ocrx_word' id='word_1_304' title='bbox 2842 3427 2909 3493; x_wconf 84' lang='lat' dir='ltr'>Si</span> <span class='ocrx_word' id='word_1_305' title='bbox 2937 3427 3072 3512; x_wconf 80' lang='lat' dir='ltr'>quis</span> <span class='ocrx_word' id='word_1_306' title='bbox 3184 3488 3187 3489; x_wconf 15' lang='lat'><em>⁷</em></span> 
     </span>
    </p>
   </div>
   <div class='ocr_carea' id='block_1_6' title="bbox 481 3524 3073 3935">
    <p class='ocr_par' dir='ltr' id='par_1_11' title="bbox 481 3524 3073 3935">
     <span class='ocr_line' id='line_1_34' title="bbox 483 3524 3072 3614; baseline 0.002 -21"><span class='ocrx_word' id='word_1_307' title='bbox 483 3526 718 3593; x_wconf 71' lang='lat' dir='ltr'>dimerit</span> <span class='ocrx_word' id='word_1_308' title='bbox 764 3525 1073 3592; x_wconf 79' lang='lat' dir='ltr'>hominem</span> <span class='ocrx_word' id='word_1_309' title='bbox 1118 3543 1160 3591; x_wconf 85' lang='lat' dir='ltr'>a</span> <span class='ocrx_word' id='word_1_310' title='bbox 1200 3524 1465 3610; x_wconf 70' lang='lat' dir='ltr'>peccatis</span> <span class='ocrx_word' id='word_1_311' title='bbox 1511 3525 1749 3591; x_wconf 78' lang='lat' dir='ltr'>absolvi</span> <span class='ocrx_word' id='word_1_312' title='bbox 1792 3544 1867 3590; x_wconf 80' lang='lat' dir='ltr'>ac</span> <span class='ocrx_word' id='word_1_313' title='bbox 1901 3526 2263 3613; x_wconf 77' lang='lat' dir='ltr'>justificari,</span> <span class='ocrx_word' id='word_1_314' title='bbox 2311 3548 2394 3595; x_wconf 75' lang='lat' dir='ltr'>ex</span> <span class='ocrx_word' id='word_1_315' title='bbox 2438 3549 2505 3596; x_wconf 87' lang='lat' dir='ltr'>eo</span> <span class='ocrx_word' id='word_1_316' title='bbox 2552 3529 2716 3614; x_wconf 79' lang='lat' dir='ltr'>quod</span> <span class='ocrx_word' id='word_1_317' title='bbox 2743 3552 2823 3605; x_wconf 68' lang='lat' dir='ltr'>se.</span> <span class='ocrx_word' id='word_1_318' title='bbox 2839 3532 3072 3600; x_wconf 78' lang='lat' dir='ltr'>absolvi</span> 
     </span>
     <span class='ocr_line' id='line_1_35' title="bbox 483 3631 3073 3731; baseline 0.002 -29"><span class='ocrx_word' id='word_1_319' title='bbox 483 3647 538 3702; x_wconf 83' lang='lat' dir='ltr'>et</span> <span class='ocrx_word' id='word_1_320' title='bbox 572 3633 920 3720; x_wconf 75' lang='lat' dir='ltr'>justifica-ri</span> <span class='ocrx_word' id='word_1_321' title='bbox 961 3643 1122 3699; x_wconf 83' lang='lat' dir='ltr'>certo</span> <span class='ocrx_word' id='word_1_322' title='bbox 1167 3631 1325 3697; x_wconf 77' lang='lat' dir='ltr'>sciat</span> <span class='ocrx_word' id='word_1_323' title='bbox 1348 3655 1374 3709; x_wconf 91' lang='lat'><em>;</em></span> <span class='ocrx_word' id='word_1_324' title='bbox 1417 3642 1526 3697; x_wconf 83' lang='lat' dir='ltr'>aut</span> <span class='ocrx_word' id='word_1_325' title='bbox 1569 3632 1881 3731; x_wconf 59' lang='lat' dir='ltr'>nominent</span> <span class='ocrx_word' id='word_1_326' title='bbox 1924 3652 2064 3698; x_wconf 79' lang='lat' dir='ltr'>vere</span> <span class='ocrx_word' id='word_1_327' title='bbox 2109 3655 2236 3701; x_wconf 81' lang='lat' dir='ltr'>esse</span> <span class='ocrx_word' id='word_1_328' title='bbox 2270 3635 2703 3721; x_wconf 73' lang='lat' dir='ltr'>justificatum,</span> <span class='ocrx_word' id='word_1_329' title='bbox 2772 3639 2900 3705; x_wconf 75' lang='lat' dir='ltr'>nisi</span> <span class='ocrx_word' id='word_1_330' title='bbox 2966 3639 3073 3727; x_wconf 76' lang='lat' dir='ltr'>qui</span> 
     </span>
     <span class='ocr_line' id='line_1_36' title="bbox 481 3734 3067 3831; baseline 0.001 -23"><span class='ocrx_word' id='word_1_331' title='bbox 481 3741 692 3809; x_wconf 80' lang='lat' dir='ltr'>credat</span> <span class='ocrx_word' id='word_1_332' title='bbox 735 3759 863 3805; x_wconf 73' lang='lat' dir='ltr'>esse</span> <span class='ocrx_word' id='word_1_333' title='bbox 896 3738 1353 3824; x_wconf 72' lang='lat' dir='ltr'>justificatum;</span> <span class='ocrx_word' id='word_1_334' title='bbox 1400 3749 1454 3803; x_wconf 81' lang='lat' dir='ltr'>et</span> <span class='ocrx_word' id='word_1_335' title='bbox 1501 3738 1616 3803; x_wconf 76' lang='lat' dir='ltr'>hac</span> <span class='ocrx_word' id='word_1_336' title='bbox 1662 3738 1798 3804; x_wconf 76' lang='lat' dir='ltr'>sola</span> <span class='ocrx_word' id='word_1_337' title='bbox 1841 3734 1959 3823; x_wconf 72' lang='lat' dir='ltr'>fide</span> <span class='ocrx_word' id='word_1_338' title='bbox 2003 3738 2448 3807; x_wconf 76' lang='lat' dir='ltr'>absolutionem</span> <span class='ocrx_word' id='word_1_339' title='bbox 2485 3752 2540 3808; x_wconf 77' lang='lat' dir='ltr'>et</span> <span class='ocrx_word' id='word_1_340' title='bbox 2562 3743 3067 3831; x_wconf 78' lang='lat' dir='ltr'>justificationem</span> 
     </span>
     <span class='ocr_line' id='line_1_37' title="bbox 485 3844 1329 3935; baseline -0.006 -20"><span class='ocrx_word' id='word_1_341' title='bbox 485 3848 720 3935; x_wconf 78' lang='lat' dir='ltr'>perfici,</span> <span class='ocrx_word' id='word_1_342' title='bbox 767 3845 1104 3912; x_wconf 78' lang='lat' dir='ltr'>anathema</span> <span class='ocrx_word' id='word_1_343' title='bbox 1151 3845 1232 3911; x_wconf 71' lang='lat' dir='ltr'>sit</span> <span class='ocrx_word' id='word_1_344' title='bbox 1279 3844 1329 3910; x_wconf 76' lang='lat'>⁴.</span> 
     </span>
    </p>
   </div>
   <div class='ocr_carea' id='block_1_7' title="bbox 479 4037 3071 4585">
    <p class='ocr_par' dir='ltr' id='par_1_12' title="bbox 545 4037 2384 4093">
     <span class='ocr_line' id='line_1_38' title="bbox 545 4037 2384 4093; baseline 0.001 -3"><span class='ocrx_word' id='word_1_345' title='bbox 545 4040 566 4083; x_wconf 82' lang='lat'>1</span> <span class='ocrx_word' id='word_1_346' title='bbox 599 4041 754 4093; x_wconf 82' lang='lat' dir='ltr'>Prov.</span> <span class='ocrx_word' id='word_1_347' title='bbox 785 4050 858 4091; x_wconf 77' lang='lat' dir='ltr'>xi.</span> <span class='ocrx_word' id='word_1_348' title='bbox 1918 4037 1943 4078; x_wconf 60' lang='grc' dir='ltr'><strong>θ</strong></span> <span class='ocrx_word' id='word_1_349' title='bbox 1973 4037 2111 4090; x_wconf 75' lang='lat' dir='ltr'>Scae.</span> <span class='ocrx_word' id='word_1_350' title='bbox 2144 4051 2196 4090; x_wconf 79' lang='lat' dir='ltr'>vi</span> <span class='ocrx_word' id='word_1_351' title='bbox 2251 4052 2300 4091; x_wconf 89' lang='lat' dir='ltr'>c.</span> <span class='ocrx_word' id='word_1_352' title='bbox 2335 4043 2384 4092; x_wconf 78' lang='lat' dir='ltr'>o.</span> 
     </span>
    </p>

    <p class='ocr_par' dir='ltr' id='par_1_13' title="bbox 479 4076 3071 4585">
     <span class='ocr_line' id='line_1_39' title="bbox 546 4076 3067 4175; baseline 0.003 -22"><span class='ocrx_word' id='word_1_353' title='bbox 546 4104 568 4143; x_wconf 77' lang='lat'>⁸</span> <span class='ocrx_word' id='word_1_354' title='bbox 602 4104 687 4154; x_wconf 74' lang='lat' dir='ltr'>Pa.</span> <span class='ocrx_word' id='word_1_355' title='bbox 723 4113 857 4163; x_wconf 80' lang='lat' dir='ltr'>xxx3</span> <span class='ocrx_word' id='word_1_356' title='bbox 892 4101 942 4150; x_wconf 91' lang='lat' dir='ltr'>et</span> <span class='ocrx_word' id='word_1_357' title='bbox 977 4100 1134 4150; x_wconf 84' lang='lat' dir='ltr'>Rom.</span> <span class='ocrx_word' id='word_1_358' title='bbox 1161 4111 1274 4149; x_wconf 81' lang='lat' dir='ltr'>vui.</span> <span class='ocrx_word' id='word_1_359' title='bbox 1311 4094 1391 4150; x_wconf 84' lang='lat' dir='ltr'>Ad</span> <span class='ocrx_word' id='word_1_360' title='bbox 1424 4110 1535 4151; x_wconf 86' lang='lat' dir='ltr'>rem</span> <span class='ocrx_word' id='word_1_361' title='bbox 1570 4099 1844 4162; x_wconf 85' lang='lat' dir='ltr'>piissimus</span> <span class='ocrx_word' id='word_1_362' title='bbox 1877 4076 2218 4159; x_wconf 80' lang='lat' dir='ltr'>Contenson’</span> <span class='ocrx_word' id='word_1_363' title='bbox 2240 4103 2294 4155; x_wconf 87' lang='lat' dir='ltr'>ln</span> <span class='ocrx_word' id='word_1_364' title='bbox 2345 4105 2631 4168; x_wconf 73' lang='lat' dir='ltr'>Refleoeiona</span> <span class='ocrx_word' id='word_1_365' title='bbox 2687 4104 2752 4157; x_wconf 88' lang='lat' dir='ltr'>de</span> <span class='ocrx_word' id='word_1_366' title='bbox 2802 4111 3067 4175; x_wconf 71' lang='lat' dir='ltr'>praecepto</span> 
     </span>
     <span class='ocr_line' id='line_1_40' title="bbox 480 4162 3070 4233; baseline 0.002 -17"><span class='ocrx_word' id='word_1_367' title='bbox 480 4165 627 4219; x_wconf 79' lang='lat' dir='ltr'>fidei:</span> <span class='ocrx_word' id='word_1_368' title='bbox 669 4184 688 4208; x_wconf 82' lang='lat'>‹</span> <span class='ocrx_word' id='word_1_369' title='bbox 721 4164 788 4221; x_wconf 73' lang='lat' dir='ltr'>ln</span> <span class='ocrx_word' id='word_1_370' title='bbox 819 4162 982 4213; x_wconf 73' lang='lat' dir='ltr'>ver-bis</span> <span class='ocrx_word' id='word_1_371' title='bbox 1014 4166 1116 4215; x_wconf 65' lang='lat' dir='ltr'>tias</span> <span class='ocrx_word' id='word_1_372' title='bbox 1146 4163 1535 4224; x_wconf 68' lang='lat' dir='ltr'>supersperavi:</span> <span class='ocrx_word' id='word_1_373' title='bbox 1571 4164 1655 4212; x_wconf 74' lang='lat' dir='ltr'>Pa.</span> <span class='ocrx_word' id='word_1_374' title='bbox 1696 4172 1875 4213; x_wconf 75' lang='lat' dir='ltr'>cxviii.</span> <span class='ocrx_word' id='word_1_375' title='bbox 1915 4165 2028 4213; x_wconf 81' lang='lat' dir='ltr'>Non</span> <span class='ocrx_word' id='word_1_376' title='bbox 2062 4165 2237 4216; x_wconf 82' lang='lat' dir='ltr'>solum</span> <span class='ocrx_word' id='word_1_377' title='bbox 2290 4176 2498 4229; x_wconf 84' lang='lat' dir='ltr'>speras,</span> <span class='ocrx_word' id='word_1_378' title='bbox 2554 4167 2647 4219; x_wconf 85' lang='lat' dir='ltr'>sed</span> <span class='ocrx_word' id='word_1_379' title='bbox 2698 4180 3070 4233; x_wconf 72' lang='lat' dir='ltr'>supet-speras,</span> 
     </span>
     <span class='ocr_line' id='line_1_41' title="bbox 480 4223 3071 4297; baseline 0.003 -19"><span class='ocrx_word' id='word_1_380' title='bbox 480 4226 743 4290; x_wconf 84' lang='lat' dir='ltr'>Propheta</span> <span class='ocrx_word' id='word_1_381' title='bbox 776 4227 988 4276; x_wconf 86' lang='lat' dir='ltr'>sancte:</span> <span class='ocrx_word' id='word_1_382' title='bbox 1024 4235 1186 4288; x_wconf 85' lang='lat' dir='ltr'>supra</span> <span class='ocrx_word' id='word_1_383' title='bbox 1258 4225 1345 4276; x_wconf 85' lang='lat' dir='ltr'>uid</span> <span class='ocrx_word' id='word_1_384' title='bbox 1381 4228 1598 4291; x_wconf 66' lang='lat' dir='ltr'>speras?</span> <span class='ocrx_word' id='word_1_385' title='bbox 1634 4224 1802 4287; x_wconf 80' lang='lat' dir='ltr'>Supra</span> <span class='ocrx_word' id='word_1_386' title='bbox 1838 4223 1889 4274; x_wconf 88' lang='lat' dir='ltr'>id</span> <span class='ocrx_word' id='word_1_387' title='bbox 1925 4237 2115 4287; x_wconf 84' lang='lat' dir='ltr'>omno,</span> <span class='ocrx_word' id='word_1_388' title='bbox 2151 4227 2338 4293; x_wconf 80' lang='lat' dir='ltr'>inquit,</span> <span class='ocrx_word' id='word_1_389' title='bbox 2374 4229 2519 4294; x_wconf 84' lang='lat' dir='ltr'>quod</span> <span class='ocrx_word' id='word_1_390' title='bbox 2553 4230 2655 4287; x_wconf 81' lang='lat' dir='ltr'>dici</span> <span class='ocrx_word' id='word_1_391' title='bbox 2681 4235 2884 4293; x_wconf 82' lang='lat' dir='ltr'>potest:</span> <span class='ocrx_word' id='word_1_392' title='bbox 2908 4245 3071 4297; x_wconf 80' lang='lat' dir='ltr'>supra</span> 
     </span>
     <span class='ocr_line' id='line_1_42' title="bbox 482 4285 3067 4400; baseline 0.002 -58"><span class='ocrx_word' id='word_1_393' title='bbox 482 4289 557 4350; x_wconf 83' lang='lat' dir='ltr'>id,</span> <span class='ocrx_word' id='word_1_394' title='bbox 629 4288 733 4339; x_wconf 84' lang='lat' dir='ltr'>nod</span> <span class='ocrx_word' id='word_1_395' title='bbox 771 4286 837 4360; x_wconf 82' lang='lat' dir='ltr'>ab</span> <span class='ocrx_word' id='word_1_396' title='bbox 871 4288 1088 4338; x_wconf 81' lang='lat' dir='ltr'>bomine</span> <span class='ocrx_word' id='word_1_397' title='bbox 1117 4286 1232 4400; x_wconf 59' lang='grc' dir='ltr'>οοῖΙ</span> <span class='ocrx_word' id='word_1_398' title='bbox 1259 4289 1336 4339; x_wconf 79' lang='lat' dir='ltr'>ari</span> <span class='ocrx_word' id='word_1_399' title='bbox 1373 4287 1579 4349; x_wconf 86' lang='lat' dir='ltr'>potest;</span> <span class='ocrx_word' id='word_1_400' title='bbox 1612 4298 1778 4349; x_wconf 83' lang='lat' dir='ltr'>supra</span> <span class='ocrx_word' id='word_1_401' title='bbox 1812 4285 1882 4347; x_wconf 88' lang='lat' dir='ltr'>id,</span> <span class='ocrx_word' id='word_1_402' title='bbox 1920 4288 2064 4352; x_wconf 86' lang='lat' dir='ltr'>quod</span> <span class='ocrx_word' id='word_1_403' title='bbox 2114 4287 2364 4342; x_wconf 83' lang='lat' dir='ltr'>dixerunt</span> <span class='ocrx_word' id='word_1_404' title='bbox 2412 4292 2695 4356; x_wconf 79' lang='lat' dir='ltr'>scripturae</span> <span class='ocrx_word' id='word_1_405' title='bbox 2708 4305 2723 4357; x_wconf 79' lang='lat'><em>3</em></span> <span class='ocrx_word' id='word_1_406' title='bbox 2777 4306 2943 4358; x_wconf 86' lang='lat' dir='ltr'>supra</span> <span class='ocrx_word' id='word_1_407' title='bbox 2997 4296 3067 4357; x_wconf 88' lang='lat' dir='ltr'>id,</span> 
     </span>
     <span class='ocr_line' id='line_1_43' title="bbox 482 4347 3069 4422; baseline 0.003 -20"><span class='ocrx_word' id='word_1_408' title='bbox 482 4363 591 4416; x_wconf 85' lang='lat' dir='ltr'>quo</span> <span class='ocrx_word' id='word_1_409' title='bbox 664 4349 1017 4412; x_wconf 70' lang='lat' dir='ltr'>praedixerunt</span> <span class='ocrx_word' id='word_1_410' title='bbox 1051 4350 1188 4413; x_wconf 85' lang='lat' dir='ltr'>Prop</span> <span class='ocrx_word' id='word_1_411' title='bbox 1228 4351 1352 4411; x_wconf 82' lang='lat' dir='ltr'>etae;</span> <span class='ocrx_word' id='word_1_412' title='bbox 1385 4361 1549 4412; x_wconf 85' lang='lat' dir='ltr'>supra</span> <span class='ocrx_word' id='word_1_413' title='bbox 1578 4347 1650 4406; x_wconf 83' lang='lat' dir='ltr'>id,</span> <span class='ocrx_word' id='word_1_414' title='bbox 1687 4349 1831 4413; x_wconf 86' lang='lat' dir='ltr'>quod</span> <span class='ocrx_word' id='word_1_415' title='bbox 1869 4349 2049 4402; x_wconf 78' lang='lat' dir='ltr'>Sancti</span> <span class='ocrx_word' id='word_1_416' title='bbox 2084 4362 2324 4416; x_wconf 79' lang='lat' dir='ltr'>unquam</span> <span class='ocrx_word' id='word_1_417' title='bbox 2357 4355 2826 4408; x_wconf 81' lang='lat' dir='ltr'>annuntiaverunt.</span> <span class='ocrx_word' id='word_1_418' title='bbox 2876 4358 3069 4422; x_wconf 86' lang='lat' dir='ltr'>Super·</span> 
     </span>
     <span class='ocr_line' id='line_1_44' title="bbox 483 4410 3071 4484; baseline 0.003 -20"><span class='ocrx_word' id='word_1_419' title='bbox 483 4412 693 4475; x_wconf 83' lang='lat' dir='ltr'>speravi</span> <span class='ocrx_word' id='word_1_420' title='bbox 729 4414 779 4462; x_wconf 88' lang='lat' dir='ltr'>in</span> <span class='ocrx_word' id='word_1_421' title='bbox 816 4410 1196 4470; x_wconf 79' lang='lat' dir='ltr'>misericordia,</span> <span class='ocrx_word' id='word_1_422' title='bbox 1231 4423 1351 4475; x_wconf 81' lang='lat' dir='ltr'>quae</span> <span class='ocrx_word' id='word_1_423' title='bbox 1386 4422 1507 4461; x_wconf 86' lang='lat' dir='ltr'>oum</span> <span class='ocrx_word' id='word_1_424' title='bbox 1545 4410 1750 4462; x_wconf 81' lang='lat' dir='ltr'>infinita</span> <span class='ocrx_word' id='word_1_425' title='bbox 1783 4412 1869 4471; x_wconf 86' lang='lat' dir='ltr'>sit,</span> <span class='ocrx_word' id='word_1_426' title='bbox 1906 4424 2055 4476; x_wconf 83' lang='lat' dir='ltr'>spem</span> <span class='ocrx_word' id='word_1_427' title='bbox 2090 4424 2306 4466; x_wconf 86' lang='lat' dir='ltr'>omnem</span> <span class='ocrx_word' id='word_1_428' title='bbox 2341 4416 2494 4478; x_wconf 81' lang='lat' dir='ltr'>longe</span> <span class='ocrx_word' id='word_1_429' title='bbox 2526 4418 2749 4470; x_wconf 82' lang='lat' dir='ltr'>excedit.</span> <span class='ocrx_word' id='word_1_430' title='bbox 2774 4419 3071 4484; x_wconf 78' lang='lat' dir='ltr'>superspe-</span> 
     </span>
     <span class='ocr_line' id='line_1_45' title="bbox 479 4473 3069 4585; baseline 0.003 -59"><span class='ocrx_word' id='word_1_431' title='bbox 479 4477 597 4527; x_wconf 80' lang='lat' dir='ltr'>ravi</span> <span class='ocrx_word' id='word_1_432' title='bbox 634 4474 688 4523; x_wconf 88' lang='lat' dir='ltr'>in</span> <span class='ocrx_word' id='word_1_433' title='bbox 723 4473 898 4524; x_wconf 82' lang='lat' dir='ltr'>verbis</span> <span class='ocrx_word' id='word_1_434' title='bbox 931 4475 1035 4525; x_wconf 86' lang='lat' dir='ltr'>tuis</span> <span class='ocrx_word' id='word_1_435' title='bbox 1069 4485 1232 4585; x_wconf 52' lang='lat' dir='ltr'>auara</span> <span class='ocrx_word' id='word_1_436' title='bbox 1263 4474 1452 4523; x_wconf 73' lang='lat' dir='ltr'>omium</span> <span class='ocrx_word' id='word_1_437' title='bbox 1487 4473 1539 4524; x_wconf 82' lang='lat' dir='ltr'>et</span> <span class='ocrx_word' id='word_1_438' title='bbox 1569 4475 1765 4525; x_wconf 86' lang='lat' dir='ltr'>terram</span> <span class='ocrx_word' id='word_1_439' title='bbox 1800 4473 2093 4536; x_wconf 83' lang='lat' dir='ltr'>duraturis,</span> <span class='ocrx_word' id='word_1_440' title='bbox 2128 4478 2204 4528; x_wconf 88' lang='lat' dir='ltr'>uti</span> <span class='ocrx_word' id='word_1_441' title='bbox 2256 4479 2633 4541; x_wconf 87' lang='lat' dir='ltr'>promiserunt.</span> <span class='ocrx_word' id='word_1_442' title='bbox 2690 4480 3069 4547; x_wconf 66' lang='lat' dir='ltr'>supersperavi</span> 
     </span>
    </p>
   </div>
   <div class='ocr_carea' id='block_1_8' title="bbox 482 4533 3069 4720">
    <p class='ocr_par' dir='ltr' id='par_1_14' title="bbox 482 4533 3069 4720">
     <span class='ocr_line' id='line_1_46' title="bbox 482 4533 3069 4613; baseline 0.004 -26"><span class='ocrx_word' id='word_1_443' title='bbox 482 4538 537 4589; x_wconf 78' lang='lat' dir='ltr'>in</span> <span class='ocrx_word' id='word_1_444' title='bbox 574 4536 852 4609; x_wconf 81' lang='lat' dir='ltr'>promissis</span> <span class='ocrx_word' id='word_1_445' title='bbox 886 4537 991 4601; x_wconf 74' lang='lat' dir='ltr'>tuis</span> <span class='ocrx_word' id='word_1_446' title='bbox 1023 4544 1136 4586; x_wconf 86' lang='lat' dir='ltr'>mer</span> <span class='ocrx_word' id='word_1_447' title='bbox 1179 4548 1210 4585; x_wconf 85' lang='lat' dir='ltr'>a</span> <span class='ocrx_word' id='word_1_448' title='bbox 1242 4533 1623 4586; x_wconf 83' lang='lat' dir='ltr'>excedenttbus</span> <span class='ocrx_word' id='word_1_449' title='bbox 1656 4538 1709 4588; x_wconf 90' lang='lat' dir='ltr'>et</span> <span class='ocrx_word' id='word_1_450' title='bbox 1742 4538 1902 4600; x_wconf 83' lang='lat' dir='ltr'>vota;</span> <span class='ocrx_word' id='word_1_451' title='bbox 1937 4539 2066 4602; x_wconf 83' lang='lat' dir='ltr'>quia</span> <span class='ocrx_word' id='word_1_452' title='bbox 2099 4538 2219 4591; x_wconf 83' lang='lat' dir='ltr'>licet</span> <span class='ocrx_word' id='word_1_453' title='bbox 2252 4552 2445 4603; x_wconf 82' lang='lat' dir='ltr'>magna</span> <span class='ocrx_word' id='word_1_454' title='bbox 2475 4543 2584 4593; x_wconf 85' lang='lat' dir='ltr'>sint</span> <span class='ocrx_word' id='word_1_455' title='bbox 2632 4554 2751 4613; x_wconf 77' lang='lat' dir='ltr'>quae</span> <span class='ocrx_word' id='word_1_456' title='bbox 2804 4545 3069 4609; x_wconf 71' lang='lat' dir='ltr'>promisit,</span> 
     </span>
     <span class='ocr_line' id='line_1_47' title="bbox 487 4595 1630 4720; baseline -0.002 -8"><span class='ocrx_word' id='word_1_457' title='bbox 487 4599 874 4720; x_wconf 43' lang='lat' dir='ltr'>vastat?</span> <span class='ocrx_word' id='word_1_458' title='bbox 894 4595 1438 4710; x_wconf 32' lang='lat' dir='ltr'>almutium</span> <span class='ocrx_word' id='word_1_459' title='bbox 1474 4599 1570 4649; x_wconf 71' lang='lat'>⁶⁸⁸·</span> <span class='ocrx_word' id='word_1_460' title='bbox 1612 4616 1630 4640; x_wconf 87' lang='lat'>&#39;</span> 
     </span>
    </p>
   </div>
   <div class='ocr_carea' id='block_1_9' title="bbox 3284 2468 3290 4081">
    <p class='ocr_par' dir='ltr' id='par_1_15' title="bbox 3284 2468 3290 4081">
     <span class='ocr_line' id='line_1_48' title="bbox 3284 2468 3290 4081; baseline 0 0"><span class='ocrx_word' id='word_1_461' title='bbox 3284 2468 3290 4081; x_wconf 95' lang='lat' dir='ltr'> </span> 
     </span>
    </p>
   </div>
   <div class='ocr_carea' id='block_1_10' title="bbox 3284 4282 3289 5147">
    <p class='ocr_par' dir='ltr' id='par_1_16' title="bbox 3284 4282 3289 5147">
     <span class='ocr_line' id='line_1_49' title="bbox 3284 4282 3289 5147; baseline 0 0"><span class='ocrx_word' id='word_1_462' title='bbox 3284 4282 3289 5147; x_wconf 95' lang='lat' dir='ltr'> </span> 
     </span>
    </p>
   </div>
  </div>
 </body>
</html>
