3292 5167
1349 218 1807 269 annovam-tonus
2719 200 2849 268 595

258 321 393 397 sta;
437 320 500 383 lo
535 328 743 408 ,stesso
779 322 977 387 dicasi
1022 322 1174 387 d'un
1223 332 1435 389 tutore
1479 324 1789 406 riguardo
1836 321 1896 386 al
1944 338 2058 386 suo
2103 321 2346 405 pupillo
2378 322 2577 402 (idem
2625 323 2851 388 dicunt

258 399 343 463 de
385 410 617 464 marito
651 403 854 483 quoad
903 402 1124 469 literas
1168 407 1386 469 uxoris
1434 405 1535 469 vel
1582 406 1664 469 ad
1711 404 2043 483 uxorem):
2072 428 2094 457 ι
2135 419 2387 484 semper
2420 413 2628 468 tamen
2661 419 2845 467 exce·

254 491 392 561 pte,
437 484 491 543 si
535 499 639 546 res
683 486 767 546 sit
795 487 1206 548 conscientiae
1250 487 1566 565 (Lignori,
1607 485 1776 566 Opus
1821 484 2000 560 Mor„
2044 483 2083 546 1.
2126 501 2188 561 ν,
2231 500 2291 547 n.
2326 484 2448 564 70).
2482 484 2610 547 Hac
2652 484 2732 546 de
2779 500 2849 548 re

254 577 342 624 en
384 562 728 641 singularis
769 580 985 627 casus:
1029 590 1051 621 c
1095 565 1163 628 N.
1208 566 1276 628 N.
1324 570 1526 631 oscito
1570 566 1636 629 di
1681 565 1951 644 collegio
1984 566 2201 627 chiese
2244 564 2302 627 al
2351 564 2612 627 Rettore
2657 564 2711 628 la
2752 581 2849 628 re-

256 641 605 705 stituzione
648 644 712 706 di
744 661 857 707 sue
889 643 1150 721 lettere;
1180 663 1320 710 esso
1353 664 1433 710 ne
1456 649 1689 710 offerse
1734 662 1858 709 una
1891 653 2091 723 parte,
2115 646 2335 708 rifiuto
2399 645 2437 706 l’
2463 647 2621 707 altra
2668 659 2849 709 come

257 725 583 787 contraria
625 726 685 786 ai
729 724 923 788 buoni
966 728 1255 789 costumi.
1299 727 1627 791 L’alunno
1674 726 1811 790 fece
1854 727 2053 789 citare
2097 723 2142 786 il
2188 725 2557 804 superiore3
2605 725 2649 787 il
2697 727 2841 804 giu·

256 801 401 866 dice
445 808 693 882 prima,
737 806 779 866 il
826 806 1148 869 tribunale
1191 807 1254 869 di
1299 808 1593 871 Mondovi
1662 808 1765 887 poi
1832 805 1893 868 lo
1957 804 2397 869 assolvettero.
2458 804 2722 869 Ricorse
2770 807 2837 868 in

256 881 635 947 Cassazione
678 901 711 948 a
755 886 1013 960 Torino,
1061 887 1333 950 dicendo
1377 888 1597 951 violati
1644 887 1732 967 gli
1777 884 2028 949 articoli
2064 885 2122 958 3,
2148 885 2249 960 39,
2292 884 2403 948 441
2455 885 2558 947 del
2610 884 2833 949 Codice

252 963 439 1027 civile
482 962 1050 1046 (Caroli-Alberti),
1093 983 1130 1030 e
1162 967 1241 1031 29
1283 966 1453 1031 dello
1500 967 1773 1041 Statuto,
1812 982 1848 1028 e
1891 965 1979 1045 gli
2025 973 2141 1029 art.
2184 965 2345 1042 205,
2397 981 2505 1027 nn.
2550 966 2589 1028 4
2633 983 2669 1028 e
2717 966 2841 1031 270

254 1042 364 1106 del
410 1043 548 1106 Cod.
590 1046 657 1106 di
695 1048 936 1126 proced.
977 1048 1178 1110 civite.
1225 1048 1304 1111 La
1348 1047 1727 1111 Cassazione
1793 1044 1836 1107 il
1905 1047 1980 1109 ¹5
2040 1060 2232 1125 genn.
2291 1045 2445 1109 1857
2489 1045 2827 1108 contet-mo

255 1122 316 1186 la
360 1131 696 1188 sentenza:
737 1126 797 1188 Il
833 1128 1136 1190 directore
1175 1127 1243 1191 di
1285 1146 1371 1191 un
1404 1128 1662 1208 colleyio
1702 1130 1733 1189 e
1776 1142 1897 1187 non
1936 1127 2066 1189 solo
2107 1127 2538 1198 nucerinam,
2585 1143 2687 1189 ma
2725 1124 2837 1190 ob-

254 1200 494 1286 btiqato
534 1222 574 1268 a
618 1213 930 1270 tractener
971 1208 1024 1270 le
1067 1208 1284 1271 lettere
1322 1210 1551 1271 directe
1590 1209 1660 1270 ai
1686 1207 2047 1277 convicturi,
2087 1207 2196 1269 che
2238 1216 2664 1271 contenessero
2707 1223 2844 1269 cose

253 1286 576 1349 contrarie
615 1287 685 1348 ai
726 1285 915 1351 buoni
953 1288 1251 1351 costumis
1297 1288 1578 1352 l’alunno
1621 1304 1745 1352 non
1784 1293 1910 1365 pud
1935 1288 2294 1369 pretendere
2325 1288 2388 1348 la
2416 1288 2841 1350 restituzione

251 1382 527 1445 nemim-e
566 1368 771 1429 uscito
812 1369 881 1430 di
919 1369 1191 1446 colloqio.
1236 1364 1373 1432 Non
1416 1371 1478 1432 vi
1517 1372 1547 1431 e
1587 1369 1912 1448 propi-ieta
1957 1369 2268 1449 lepittima
2309 1366 2485 1429 daila
2516 1368 2685 1447 ieqqe
2730 1372 2834 1429 tu·

256 1447 459 1509 teiata
501 1447 973 1511 relativamente
1013 1449 1096 1511 ad
1137 1451 1370 1530 oqqetti
1409 1450 1799 1529 provenienti
1827 1449 1908 1510 da
1938 1466 2024 1511 un
2052 1455 2308 1528 operato
2348 1451 2674 1510 contrario
2717 1447 2847 1510 alle

254 1527 426 1608 leqyi
466 1527 538 1590 ed
579 1528 714 1590 alia
756 1530 1013 1592 morale.
1044 1528 1121 1591 Se
1152 1530 1220 1593 la
1244 1530 1719 1622 provaJisulta
1753 1529 1885 1591 solo
1923 1528 2480 1592 dall’ammissione
2522 1528 2845 1591 dell’altra

250 1616 460 1750 52²⁶?
503 1608 567 1670 ia
599 1606 989 1748 ¹confessione
1028 1609 1528 1751 eiainsctndibiieq
1559 1635 1581 1664 ι
1628 1643 1709 1656 -
1752 1607 1821 1672 V.
1872 1607 2423 1690 Giurisprudenza
2454 1609 2619 1688 deqli
2662 1607 2840 1671 Stati

347 1704 385 1749 r
428 1705 472 1762 t,
514 1705 636 1750 vo.
681 1705 764 1762 ix,
853 1700 993 1752 arte
1108 1737 1123 1752 .

336 1765 537 1829 879.
581 1706 891 1830 Lites-1⁸30
932 1771 1163 1831 orbae
1189 1789 1212 1830 ι
1255 1786 1538 1849 quaeres:
1571 1770 1731 1849 quid
1759 1771 1830 1833 de
1876 1770 2028 1842 illis,
2056 1769 2167 1849 qui
2192 1769 2274 1832 ud
2313 1770 2663 1847 superiores
2708 1769 2846 1831 lite·

253 1865 369 1910 ras
412 1864 751 1928 anonymus
795 1851 1060 1913 mittunt
1101 1849 1322 1930 (vulgo
1364 1854 1634 1928 caecas),
1684 1849 1909 1929 quibus
1952 1850 2199 1913 occulta
2241 1849 2521 1927 alicujzis
2565 1846 2846 1926 subjecti

253 1929 489 1991 delicta
530 1928 1081 2008 manifestantur?

336 2009 408 2071 R.
443 2007 883 2074 Communiter
927 2010 1203 2086 docent,
1251 2010 1423 2089 ipsos
1470 2025 1733 2089 peecare
1778 2009 2159 2084 mortaliter,
2202 2010 2349 2087 quia
2395 2017 2493 2071 est
2546 2009 2837 2072 revelare

260 2088 575 2153 notabilia
620 2090 865 2154 occulta
913 2090 1163 2154 fratris:
1198 2098 1262 2153 et
1305 2091 1531 2154 saltem
1567 2090 1911 2153 notabilem
1944 2090 2375 2171 suspicionem
2407 2094 2472 2152 in
2506 2091 2846 2168 superiore

259 2172 576 2233 excitant:
631 2178 694 2233 et
738 2173 854 2233 boc
897 2172 1195 2244 maxime,
1244 2186 1386 2233 cum
1433 2171 1495 2233 id
1542 2171 1874 2233 ordinarie
1920 2170 2221 2249 procedat
2264 2187 2342 2231 ex
2399 2170 2545 2232 odio
2591 2186 2664 2233 ac
2709 2171 2843 2233 vin·

264 2250 457 2315 dicta.
505 2252 584 2312 At
626 2267 753 2313 non
799 2261 969 2314 esset
1012 2259 1382 2332 peccatum,
1429 2254 1479 2313 si
1528 2251 1589 2313 id
1633 2252 1818 2314 fieret
1860 2268 1938 2313 ex
1983 2253 2341 2325 charitate,
2390 2251 2588 2313 solam
2635 2266 2848 2314 emen-

259 2330 590 2395 dationem
618 2333 987 2410 quaerendO,
1021 2348 1095 2395 ac
1130 2331 1333 2394 solum
1367 2332 1613 2397 celetur
1644 2347 1880 2393 nomen
1912 2333 2285 2404 scribentis,
2316 2339 2485 2410 Justa
2520 2331 2600 2394 de
2630 2347 2844 2407 causa,

254 2412 310 2474 si
360 2427 587 2490 nempe
631 2413 892 2475 aliunde
928 2428 1041 2492 pro
1085 2429 1153 2475 se
1197 2411 1433 2475 malum
1477 2411 1735 2491 aliquod
1764 2414 2084 2475 timeatur.
2115 2412 2452 2490 Nequeunt
2483 2423 2694 2474 tamen
2729 2428 2844 2491 per

255 2507 327 2553 se
373 2490 689 2570 loquendo
733 2495 1096 2571 superiores
1139 2509 1218 2555 ex
1255 2493 1616 2570 hujusmodi
1666 2493 2106 2555 tantummodo
2140 2493 2347 2554 literis
2385 2493 2733 2571 procedere
2763 2492 2842 2556 ad

258 2572 603 2650 specialem
653 2588 940 2651 personae
985 2574 1330 2635 nominatae
1377 2573 1860 2652 inquisitionem
1909 2574 2110 2652 quoad
2160 2570 2413 2648 delicta,
2454 2588 2597 2653 quae
2630 2575 2835 2635 conti-

255 2660 418 2714 nent
463 2652 691 2727 literae,
739 2654 988 2716 etiamsi
1035 2654 1100 2714 in
1148 2652 1278 2715 illis
1323 2654 1735 2716 notificentur
1783 2660 1995 2729 testeS,
2052 2654 2157 2732 qui
2230 2652 2535 2715 delictum
2588 2653 2846 2716 valeant

255 2731 572 2811 probare;
635 2735 781 2812 quia
830 2734 1199 2813 hujusmodi
1246 2732 1451 2795 literae
1497 2733 1739 2796 nullam
1799 2734 2116 2797 inducunt
2179 2734 2511 2796 infamiam
2566 2749 2645 2795 ex
2689 2733 2842 2798 Jure

253 2815 565 2876 canonico
610 2811 686 2892 (l.
724 2831 781 2890 v,
825 2823 865 2877 t.
911 2816 940 2876 i
1002 2812 1087 2876 De
1128 2817 1465 2892 accusat).
1514 2813 1601 2876 lta
1645 2813 2028 2893 Rodriguez,
2083 2813 2513 2894 ReginalduS,
2569 2813 2846 2892 Lezena,

255 2892 514 2956 Lessius
555 2899 620 2955 et
664 2893 775 2956 alii
823 2896 1271 2957 communiter.

336 2973 663 3037 Diximus:
698 2990 813 3053 per
853 2990 918 3037 se
960 2975 1311 3055 loquendo;
1359 2989 1503 3035 nam
1549 2973 1804 3054 quando
1851 2991 1978 3037 non
2037 2975 2248 3054 agitur
2302 2973 2380 3037 de
2423 2990 2611 3055 poena
2677 2973 2841 3037 infli-

257 3054 513 3132 genda,
555 3054 664 3117 sed
713 3054 792 3115 (le
830 3057 1238 3118 certioranda
1285 3056 1551 3133 positiva
1599 3055 1885 3118 bonitate
1930 3072 2221 3135 personae
2264 3071 2447 3135 quae,
2512 3072 2567 3116 v,
2626 3072 2716 3133 g.,
2764 3055 2842 3118 ad

255 3133 504 3215 aliquid
552 3135 1031 3198 communitatis
1074 3135 1349 3197 officium
1380 3137 1616 3197 assumi
1662 3135 1874 3209 debet,
1924 3138 2143 3215 utique
2173 3137 2383 3216 aliqua
2418 3138 2579 3197 ratio
2610 3136 2837 3199 barum

255 3213 593 3278 literarum
642 3214 863 3278 baberi
911 3224 1137 3296 potest,
1172 3214 1525 3295 prudenter
1566 3215 1815 3278 scilicet
1859 3217 2269 3295 inquirendo,
2298 3233 2378 3280 an
2424 3212 2845 3281 assumendus

253 3295 335 3358 ad
383 3295 537 3358 illud
585 3295 820 3359 debitis
863 3295 1119 3360 dotibus
1161 3299 1247 3358 sit
1291 3297 1662 3358 instructus.
1707 3294 1887 3358 Nulla
1920 3306 2069 3359 tunc
2098 3300 2156 3361 ei
2204 3300 2524 3375 irrogatur
2563 3299 2846 3377 injuria3

255 3391 408 3438 nam
455 3376 696 3439 directa
744 3379 809 3438 in
855 3392 1001 3439 eum
1047 3375 1381 3455 inquisitio
1424 3385 1520 3439 est
1563 3375 1644 3438 de
1688 3375 1995 3452 bonitate,
2044 3393 2171 3439 non
2212 3377 2291 3439 de
2335 3378 2653 3439 crimine:
2700 3377 2844 3440 ideo

253 3455 587 3536 prohiberi
635 3458 880 3536 nequit,
930 3472 1074 3520 cum
1120 3456 1438 3537 pertineat
1480 3455 1557 3519 ad
1607 3456 1929 3535 publicum
1976 3458 2233 3532 bonum,
2262 3467 2332 3519 ut
2378 3464 2623 3519 tantum
2661 3458 2841 3536 digni

253 3537 334 3601 ad
367 3536 617 3618 publica
642 3537 1000 3599 ministeria
1026 3536 1433 3616 deputentur.
1458 3550 1533 3582 ——
1565 3536 1743 3610 Quod
1776 3537 2052 3600 maxime
2088 3540 2291 3601 currit
2326 3538 2405 3600 de
2441 3538 2841 3613 ordinandis,
2948 3574 2954 3581 ·

254 3617 574 3697 siquidem
618 3616 898 3679 Ecclesia
939 3632 1070 3696 Jam
1116 3618 1197 3680 de
1237 3619 1380 3680 istis
1422 3616 1790 3697 specialiter
1835 3618 2144 3697 inquirit,
2208 3619 2357 3681 dum
2412 3630 2635 3679 omnes
2680 3618 2845 3681 effla·

252 3700 442 3778 gitat,
484 3706 555 3761 ut
598 3700 650 3759 si
696 3696 848 3776 quid
897 3697 1173 3760 babeant
1216 3706 1436 3760 contra
1485 3698 1687 3777 ipsos,
1734 3698 1795 3758 id
1844 3698 1916 3759 in
1977 3699 2245 3762 Domino
2309 3699 2650 3777 deponant.
2716 3697 2842 3761 Sed

262 3787 451 3843 caute
498 3777 1012 3859 procedendum,
1062 3793 1143 3840 ne
1188 3778 1377 3841 detur
1419 3792 1569 3840 ansa
1614 3776 1988 3841 malevolis:
2033 3789 2095 3841 et
2138 3780 2369 3842 merito
2412 3795 2444 3841 a
2511 3777 2844 3841 malevolis

256 3858 325 3921 id
371 3860 511 3922 fieri
558 3858 866 3935 creditur,
909 3859 961 3920 si
1008 3857 1214 3921 literae
1282 3859 1657 3927 mittantur,
1717 3873 1860 3921 cum
1906 3875 2034 3922 non
2079 3861 2351 3940 amplius
2394 3860 2678 3939 suppetit
2742 3859 2840 3920 in·

253 3940 597 4019 quisitioni
635 3946 901 4017 tempus.
933 3969 1002 3987 -
1053 3938 1116 4000 V.
1149 3936 1478 4014 Ferrar1s3
1530 3939 1592 4000 v.
1633 3938 1861 4001 Literoe

1306 4193 1427 4275 (R)
1470 4194 1621 4275 paq.
1667 4195 1806 4258 534.

334 4421 550 4484 981).
594 4419 657 4483 Si
704 4419 898 4499 sylvae
934 4425 1150 4482 essent
1192 4418 1627 4496 privatorum,
1670 4415 1984 4492 dicimus,
2025 4431 2135 4478 eos
2178 4418 2285 4497 qui
2333 4416 2509 4495 ligna
2579 4417 2841 4480 caedunt

253 4503 467 4567 teneri
511 4500 589 4564 ad
649 4500 1161 4573 restitutionem3
1224 4499 1371 4578 quia
1436 4498 1682 4561 domini
1746 4496 2111 4560 absolutum
2178 4499 2535 4560 dominium
2602 4498 2843 4561 babent

249 4598 451 4677 super
493 4580 882 4661 suissylvis.
926 4579 1005 4642 Et
1048 4578 1217 4643 idem
1277 4585 1450 4642 recte
1505 4578 1732 4643 dicunt
1796 4577 1877 4641 de
1940 4576 2137 4656 sylvis
2202 4580 2716 4656 communitatis»,
2781 4579 2839 4641 si

247 4664 491 4746 privati
565 4670 865 4726 emerunt
929 4659 1034 4724 vel
1105 4658 1553 4724 conduxerunt
1627 4658 1842 4722 omnia
1921 4657 2093 4738 ligna
2173 4659 2387 4736 illius3
2459 4661 2606 4740 quia
2687 4668 2838 4722 tunc
