3292 5167
981 198 1058 243 nr:
1107 196 1542 244 nes'rircriour:
1591 197 1653 241 ix
1700 195 1907 242 sancta
2614 176 2747 241 517

155 302 428 392 justitia,
483 300 566 367 ita
616 310 688 369 ut
737 300 800 368 in
852 299 1113 369 defectu
1151 301 1562 381 detractoris,
1604 299 1747 386 ipse
1783 302 2086 367 teneatur
2120 299 2470 367 restituere
2505 298 2742 367 famam

169 414 407 491 besam,
460 407 564 474 alii
616 409 940 476 affirmant
988 407 1069 474 de
1118 407 1464 494 superiore
1513 406 1906 487 infamantis,
1956 407 2107 491 quia
2145 406 2450 492 superior
2484 413 2749 473 tenetur
2866 467 2873 474 .

167 536 243 584 ex
292 516 508 584 officio
557 533 807 596 curare,
860 534 940 583 ne
988 516 1294 584 subditus
1343 514 1528 583 alteri
1575 520 1828 582 noceat.
1879 513 2001 580 Alii
2050 515 2374 582 affirmant
2423 513 2503 581 de
2552 533 2747 602 supe-

167 624 337 691 riore
385 621 695 702 infamati,
746 623 894 707 quia
946 623 1192 709 pariter
1239 642 1317 692 ex
1370 622 1586 690 officio
1637 629 1906 690 tenetur
1964 620 2279 689 damnum
2328 621 2574 690 subditi
2629 623 2745 688 im-

165 729 412 818 pedire.
459 728 580 796 Alii
629 747 783 798 vero
834 730 1002 798 forte
1056 731 1465 817 probabilius
1504 747 1657 799 cum
1694 730 1897 813 Lugo,
1934 730 2096 796 Soto
2136 728 2413 814 aliisque
2446 728 2527 797 de
2561 737 2744 797 utro-

165 857 297 924 que
345 845 627 923 negant:
677 845 742 907 et
792 840 858 924 1)
906 838 987 907 de
1033 840 1350 926 superiore
1394 838 1786 925 infamantia,
1841 855 1991 906 cum
2042 855 2177 905 non
2235 843 2539 905 teneatur
2587 837 2746 904 invi-

165 945 362 1031 gilare
409 946 588 1013 bono
638 964 768 1013 non
820 945 1065 1014 subditi
1118 946 1294 1030 (licet
1335 954 1566 1033 peccet
1604 953 1832 1013 contra
1872 944 2196 1031 justitiam
2232 945 2297 1012 in
2337 944 2556 1032 ipsum
2591 946 2746 1014 sub-

153 1052 384 1134 ditum,
436 1060 763 1138 quatenus
813 1071 962 1121 eum
1005 1055 1334 1139 corrigere
1370 1054 1623 1137 debet);
1670 1055 1739 1138 2)
1775 1054 1855 1123 de
1891 1055 2209 1141 superiore
2238 1053 2550 1138 infamati,
2588 1053 2742 1138 quia

160 1159 280 1247 ipsi
313 1177 444 1226 non
475 1159 796 1227 incumbit
829 1160 1008 1228 bono
1045 1160 1388 1246 temporali
1425 1160 1847 1228 subditorum
1882 1160 2292 1246 prospicere.
2328 1162 2485 1227 Haec
2521 1165 2740 1227 tamen

158 1267 322 1335 ratio
374 1269 611 1352 probat
661 1267 845 1335 illum
894 1288 972 1338 ex
1020 1270 1273 1356 justitia
1324 1269 1555 1352 teneri,
1604 1268 1659 1337 si
1713 1270 1854 1355 ipse
1910 1268 1974 1336 in
2024 1268 2503 1354 temporalibus
2565 1273 2743 1336 esset

167 1375 591 1460 praepositus.

244 1480 432 1563 Quod
487 1483 768 1568 pertinet
815 1483 893 1549 ad
937 1503 1271 1571 personam
1331 1484 1650 1571 privatam
1680 1536 1698 1565 ‚
1747 1490 2001 1550 certum
2074 1490 2218 1565 est,
2293 1481 2472 1568 quod
2521 1482 2574 1549 si
2625 1481 2744 1550 de-

162 1591 554 1658 tractionem
605 1591 876 1660 audiens
926 1609 1068 1660 eam
1121 1610 1249 1659 non
1303 1587 1643 1677 impediat,
1694 1597 1920 1658 contra
1961 1590 2287 1676 J'ustitiam
2326 1608 2457 1657 non
2494 1597 2742 1675 peccat;

157 1699 305 1783 quia
355 1698 533 1768 nulla
583 1699 642 1767 ei
693 1699 1004 1785 obligatio
1056 1720 1134 1769 ex
1184 1700 1404 1768 officio
1457 1698 1798 1766 incumbit.
1849 1701 1987 1766 lmo
2042 1716 2254 1785 neque
2315 1706 2545 1767 contra
2595 1698 2746 1766 cha-

156 1805 434 1887 ritatem,
486 1805 538 1873 si
590 1805 911 1874 inutiliter
957 1807 1319 1892 corrigeret
1360 1806 1546 1892 juxta
1599 1805 1798 1874 illud:
1846 1808 1953 1872 ubi
1997 1806 2252 1873 auditus
2313 1826 2443 1873 non
2476 1816 2583 1886 est,
2616 1824 2746 1871 non

159 1913 438 2000 effundas
482 1932 825 1981 sermonem
874 1914 937 1996 ¹;
985 1914 1084 1982 vel
1134 1914 1186 1982 si
1243 1932 1375 1982 non
1430 1920 1657 1999 posset
1706 1913 1848 1982 sine
1883 1914 2061 1997 gravi
2102 1911 2547 1993 incommodo,
2582 1929 2746 1997 quo-

155 2038 305 2089 cum
354 2040 488 2090 non
539 2022 785 2108 obligat
834 2022 1157 2105 charitas3
1207 2023 1308 2092 vel
1357 2023 1409 2089 si
1463 2020 1737 2089 dubium
1776 2021 1882 2103 sit,
1922 2039 2080 2089 num
2115 2021 2434 2089 delictum
2467 2020 2745 2090 evaserit

167 2126 550 2213 publicum3
600 2146 731 2196 non
781 2128 956 2195 enim
1006 2127 1407 2214 supponitur
1452 2125 1666 2194 malus
1715 2127 1829 2213 qui
1881 2125 2043 2193 illud
2090 2126 2418 2211 patefecit.

244 2237 403 2302 Tota
458 2253 615 2320 ergo
664 2234 950 2321 quaestio
1002 2243 1102 2303 est
1150 2235 1232 2303 de
1280 2253 1458 2318 casu,
1511 2253 1645 2321 quo
1711 2234 2032 2303 detractio
2082 2233 2167 2302 sit
2214 2241 2395 2303 certo
2457 2233 2743 2319 injusta:

163 2357 240 2406 an
290 2341 545 2410 scilicet
595 2349 823 2428 peccet
871 2342 1155 2427 graviter
1202 2360 1486 2429 persona
1537 2343 1804 2428 privata,
1842 2360 1990 2428 quae
2027 2359 2176 2410 cum
2211 2339 2561 2409 commode
2598 2357 2746 2426 pos-

161 2448 261 2529 sit,
312 2457 532 2518 tamen
583 2449 1023 2518 detractorem
1076 2469 1204 2518 non
1258 2449 1589 2518 admonet.
1642 2453 1884 2519 Censet
1933 2448 2465 2535 sapientissimus
2537 2449 2744 2532 Lugo‚

165 2556 497 2642 corrigere
545 2557 670 2625 sub
722 2558 897 2643 gravi
949 2558 1272 2644 aequalem
1325 2574 1494 2640 raro,
1547 2558 1925 2627 inferiorem
1967 2557 2304 2625 rarissime
2339 2556 2577 2637 teneri3
2612 2553 2744 2622 imo

168 2662 473 2732 absolute
518 2664 748 2733 dicunt
795 2663 1355 2733 Salmanticenses
1403 2681 1555 2733 cum
1604 2664 1937 2733 communi
1989 2663 2524 2736 Tbomistarum‚
2577 2680 2746 2729 non-

169 2768 291 2836 nisi
344 2770 574 2839 leviter
619 2788 896 2856 peccare
944 2770 1293 2855 privatum,
1331 2773 1441 2857 qui
1476 2790 1555 2839 ex
1590 2771 2003 2854 verecundia,
2044 2770 2306 2854 timore,
2351 2767 2747 2854 negligentia

175 2875 565 2945 detractioni
619 2880 1091 2961 nonresistit3
1141 2880 1319 2966 quod
1368 2890 1609 2950 eruunt
1661 2900 1740 2950 ex
1787 2881 2124 2966 AngelicO,
2178 2879 2287 2965 qui
2341 2878 2403 2945 id
2467 2878 2750 2946 libenter

163 2984 470 3069 admittit,
520 2987 571 3054 si
624 2987 795 3055 ultra
842 2987 1174 3056 infamiam
1226 2990 1402 3058 aliud
1446 2990 1730 3076 proximi
1781 2990 2091 3058 damnum
2167 3006 2295 3056 non
2353 2987 2662 3054 timeatur
2693 2984 2744 3051 ².

163 3098 313 3163 Haec
362 3094 905 3163 communissima
955 3096 1279 3163 sententia
1338 3097 1516 3183 (quae
1575 3097 1865 3165 occurrit
1922 3095 2362 3182 plurimorum
2394 3091 2745 3178 angustiis)

169 3202 650 3271 rationabiliter
695 3201 1006 3271 sustineri
1060 3211 1300 3289 potest,
1350 3211 1492 3272 tum
1541 3206 1693 3289 quia
1743 3205 1805 3272 in
1858 3204 1977 3272 bac
2027 3203 2297 3272 materia
2363 3199 2745 3269 difficillime

160 3317 426 3378 constat
465 3310 900 3379 monitionem
944 3311 1087 3380 fore
1122 3311 1576 3398 profuturam;
1611 3319 1754 3379 tum
1787 3311 1938 3396 quia
1974 3311 2279 3380 facillime
2321 3307 2747 3377 offenduntur

169 3415 591 3485 detrabentes
617 3434 838 3485 coram
866 3418 1009 3487 aliis
1046 3417 1312 3504 corripi,
1343 3423 1408 3486 et
1435 3417 1802 3504 periculum
1839 3425 1940 3486 est
1978 3417 2157 3503 quod
2193 3416 2411 3503 potius
2467 3421 2747 3501 augeant

158 3524 258 3590 vel
308 3523 703 3592 confirment
750 3523 1249 3594 detractionem.
1299 3527 1719 3594 Excusantur
1764 3532 1984 3593 autem
2035 3524 2231 3594 etiam
2279 3542 2313 3590 a
2364 3522 2595 3591 veniali
2630 3521 2745 3605 illi,

167 3630 280 3716 qui
330 3630 732 3700 advertendo
772 3632 1248 3700 detractionem
1296 3633 1396 3701 vel
1445 3632 1815 3716 discedunt,
1865 3634 1965 3703 vel
2023 3651 2397 3702 sermonem
2469 3631 2550 3699 ad
2623 3630 2749 3697 alia

172 3737 493 3806 industrie
540 3739 891 3821 divertunt,
939 3738 1038 3806 vel
1088 3739 1320 3808 faciem
1370 3741 1628 3810 tristem
1678 3739 2059 3824 ostendunt,
2105 3740 2205 3809 vel
2245 3740 2538 3810 referunt
2571 3739 2745 3807 bona

153 3844 240 3912 de
288 3846 403 3914 illo
453 3846 556 3915 cui
606 3846 993 3914 detrahitur.
1044 3847 1232 3914 Ratio
1282 3853 1384 3915 est
1430 3848 1582 3934 quia
1632 3847 1779 3917 istae
1829 3848 2125 3917 actiones
2176 3854 2330 3916 sunt
2379 3864 2551 3914 verae
2604 3863 2750 3913 cor-

165 3953 501 4037 reptiones
562 3954 750 4039 Juxta
821 3952 1025 4020 illud:
1072 3952 1398 4040 dissipat...
1445 3955 1637 4040 facies
1681 3956 1881 4023 tristis
1927 3957 2210 4042 linquam
2273 3953 2693 4020 detrahentem
2720 3977 2748 4030 ,-

151 4079 270 4144 per
313 4060 634 4128 tristitiam
679 4061 888 4127 vultus
932 4060 1272 4147 corrigitur
1309 4061 1564 4129 animus
1616 4061 2026 4147 delinquentis
2076 4057 2125 4128 ⁸.

216 4377 245 4479 ζ
275 4377 432 4429 Eccli.
468 4390 641 4460 xxiru.
672 4406 736 4417 —
777 4380 830 4433 V.
868 4381 1095 4446 Lignori,
1128 4380 1291 4430 Homo
1325 4379 1524 4442 Apost„
1561 4380 1715 4432 tract.
1750 4393 1825 4439 xi,
1862 4392 1915 4432 n.
1956 4383 2029 4434 ¹7.

221 4503 243 4542 ⁸
276 4443 775 4577 g'rgikairff’gsscil
808 4516 898 4558 vn.
934 4503 1157 4567 Expedit
1189 4513 1311 4554 raro
1354 4502 1718 4556 detrahentem
1761 4503 1828 4556 ab
1892 4505 2046 4556 initio
2093 4507 2355 4558 sermonis
2405 4506 2749 4579 abrumpere,

151 4565 1049 4682 33¹21e⁸32¹l1⁰033ffi⁸32azffl3332
1073 4564 2748 4696 statiliaaa⁰itse²531⁶faf¹siael.⁰t?3.‘sll‡‹,¹¹;⁶⁶ffl⁹‘¹⁰

250 4708 520 4784 Suavis«,
568 4711 898 4797 Theoloqt'a
942 4716 1066 4780 eto.
1137 4712 1207 4779 Τ.
1257 4711 1335 4778 11.
2484 4715 2568 4783 33
