3292 5167
409 135 552 204 716
610 169 637 203 ο
1086 151 1201 197 un.
1252 149 1315 196 11.
1365 147 1574 194 rnAcr.
1621 143 1751 192 vm.
1797 146 1950 193 mse.
1997 142 2086 190 tn.
2135 145 2264 192 car.
2312 144 2376 191 ιι.

499 256 590 321 Ad
637 255 702 320 2:
748 268 874 318 non
921 249 1075 314 licet
1117 249 1360 330 aurigis
1398 256 1512 313 aut
1555 246 1768 311 nautis
1809 239 2047 309 vehere
2111 248 2517 312 meretricem
2561 245 2638 310 ad
2689 245 3012 318 amasium

412 353 536 418 pro
578 335 711 398 sola
754 332 1052 397 mercede
1099 329 1445 402 lucranda:
1492 329 1579 390 ita
1625 337 1800 390 recte
1842 326 2151 402 Sanchez‚
2192 326 2538 406 Roncaglia
2582 337 2805 391 contra
2857 324 3010 407 Spo-

418 434 527 481 rer
570 414 859 479 et·alios.
902 412 1173 475 Tantum
1219 416 1712 484 excusarentur,
1764 408 1816 469 si
1863 408 1981 487 ipsi
2037 408 2156 470 boc
2219 416 2490 489 agerent
2531 407 2607 470 ad
2667 423 2865 488 grave
2907 405 3028 469 da-

409 511 642 561 mnum
684 493 1061 635 vitanldumi
1098 493 1224 554 imo
1265 479 1501 570 Angles
1545 496 1762 568 putat,
1806 487 1866 550 id
1934 503 2259 568 nunquam
2324 487 2550 564 licere,
2619 496 2841 568 utpote
2911 487 3016 549 in·

421 580 704 642 trinsece
747 590 848 638 ma
878 589 984 636 um
1063 619 1078 634 .
3041 599 3048 606 -

827 852 1158 918 Senonum.
1207 885 1293 896 —
1345 851 1429 915 De
1473 848 1635 914 notis
1679 867 1787 914 seu
1832 848 2108 915 censuris
2151 848 2501 932 theoloyicis
2548 853 2598 913 ².
2681 937 2686 941 ι

513 1081 731 1144 θθθ.
779 1081 1066 1144 Virtutes
1117 1079 1492 1160 theologicas
1553 1080 1860 1155 (maxime
1927 1079 2112 1159 tides)
2155 1082 2372 1143 multis
2416 1081 2622 1143 modis
2686 1080 2831 1157 taedj
2887 1096 3028 1158 pos·

431 1173 622 1226 sunt:
669 1177 858 1241 porro
904 1167 1245 1236 sententia,
1289 1176 1407 1240 qua
1458 1169 1713 1223 notatur
1759 1159 1954 1236 laesio‚
1998 1179 2265 1223 censura
2309 1159 2648 1241 theoloqica
2706 1159 3026 1239 appellari

441 1243 792 1307 consuevit.
839 1242 989 1315 Quae
1033 1240 1269 1321 duplex
1313 1241 1755 1319 distinguitur,
1826 1241 2203 1305 doctrinalis
2246 1256 2310 1303 et
2349 1241 2706 1320 judicialis:
2753 1245 3037 1304 censura

442 1323 838 1398 doctrinalis,
901 1332 998 1384 est
1058 1338 1201 1400 qua>
1243 1338 1274 1383 a
1321 1323 1479 1384 viris
1512 1322 1722 1384 doctis
1753 1320 2029 1401 quidem,
2056 1323 2162 1385 sed
2213 1321 2452 1384 nullam
2488 1322 2873 1384 habentibus
2910 1338 3028 1385 an·

441 1406 799 1468 ctoritatem
846 1403 1161 1465 divinitus
1206 1402 1325 1464 sibi
1375 1419 1740 1465 concessam
1780 1402 2136 1481 judicandi,
2187 1402 2427 1465 fertur:
2475 1401 2632 1465 tales
2677 1410 2830 1464 sunt
2873 1417 3029 1463 cen·

413 1500 607 1548 surae
651 1500 684 1546 a
729 1483 1059 1546 nonnullis
1090 1481 1523 1544 Facultatibus
1572 1482 1735 1552 latae,
1781 1497 1923 1561 quae
1971 1482 2121 1545 licet
2151 1500 2277 1544 non
2325 1483 2402 1546 de
2449 1484 2594 1555 fide,
2626 1493 2778 1545 sunt
2811 1492 3038 1544 tamen

445 1564 707 1628 maximi
758 1565 1075 1643 ponderis.
1126 1561 1405 1638 Censura
1430 1563 1769 1640 judicialis
1814 1562 1892 1626 ab
1939 1564 2015 1625 iis
2047 1564 2270 1638 fertur,
2313 1564 2420 1642 qui
2453 1563 2736 1625 divinam
2785 1563 3042 1625 habent

448 1645 892 1724 auctoritatem
939 1645 1017 1707 de
1064 1643 1187 1705 fide
1234 1641 1590 1706 'udicandiz
1637 1659 1781 1705 nem
1832 1658 1865 1705 e
1914 1652 2046 1706 tum
2088 1661 2122 1706 a
2169 1643 2473 1706 Pontifice
2543 1653 2738 1706 totam
2801 1642 3028 1705 Eccle-

448 1728 608 1789 siam
657 1724 948 1800 docente,
996 1723 1094 1785 vel
1139 1739 1170 1784 a
1264 1722 1498 1784 oncilio
1543 1739 1777 1801 genera
1814 1727 1864 1797 ῖς
1911 1732 2042 1786 tum
2090 1723 2166 1786 ab
2209 1724 2538 1803 Episcopis
2581 1725 2718 1785 sive
2755 1723 2819 1784 in
2859 1723 3034 1785 Diue-

449 1808 599 1880 cesi,
643 1806 777 1866 sive
826 1808 886 1865 in
936 1801 1429 1884 particularibus
1473 1801 1792 1866 ConciliiS.
1837 1803 1958 1865 Sed
2007 1822 2133 1865 non
2169 1815 2374 1883 potest
2410 1804 2565 1867 ferri
2600 1822 2632 1866 a
2667 1805 2872 1874 laicis,
2907 1819 3043 1866 nec

450 1903 480 1949 a
527 1883 926 1963 simplicibus
970 1883 1430 1957 sacerdotibus,
1477 1883 1575 1946 vel
1611 1883 1930 1946 Parochis.

529 1965 872 2039 Iudicium,
922 1981 1044 2043 quo
1081 1980 1348 2027 censura
1399 1964 1588 2026 alicui
1636 1964 1949 2027 doctrinae
1995 1965 2296 2039 inuritur,
2339 1973 2435 2026 est
2474 1964 2836 2043 dogmatica
2884 1979 3036 2025 sen·

457 2048 681 2120 tentia,
732 2062 858 2108 non
899 2046 1000 2107 lex
1044 2045 1444 2124 disciplinae3
1493 2060 1635 2107 nam
1681 2047 1802 2108 iste
1845 2056 2021 2108 actus
2085 2061 2306 2107 verum
2352 2054 2449 2106 est
2483 2046 2843 2123 judicium,
2911 2058 3046 2122 quo

457 2128 535 2189 de
584 2128 852 2188 veritate
898 2134 1006 2187 aut
1043 2124 1342 2197 falsitate,
1391 2125 1676 2187 bonitate
1712 2134 1821 2188 aut
1864 2127 2282 2204 perversitate
2331 2124 2504 2188 illius
2552 2125 3041 2204 pronuntiatur.

457 2209 538 2270 Et
584 2222 723 2268 cum
774 2208 1132 2268 innumerae
1178 2206 1403 2267 confici
1452 2207 1698 2285 possint
1740 2206 2207 2285 propositiones
2253 2206 2393 2286 plus
2437 2206 2536 2267 vel
2582 2207 2797 2267 minus
2861 2219 3046 2266 sanae

404 2307 410 2311 ⁴
458 2288 768 2350 doctrinae
813 2287 1157 2364 oppositae3
1204 2286 1348 2348 ideo
1393 2288 1749 2348 innumerae
1794 2302 1932 2348 esse
1979 2294 2242 2364 possunt
2285 2301 2574 2348 censurae
2619 2287 2684 2346 in
2718 2301 2829 2346 eas
2872 2284 3048 2346 latae.

458 2369 614 2430 Item
662 2382 785 2429 uua
835 2368 1182 2445 propositio
1228 2374 1433 2445 potest
1476 2367 1693 2445 plures
1737 2382 2040 2430 censuras
2082 2369 2336 2429 mereri.
2383 2366 2479 2429 Sit
2522 2366 2602 2428 de
2638 2365 2986 2443 aliquibus.

542 2448 851 2510 Hoeretica
898 2447 1245 2525 propositio
1293 2446 1399 2509 illa
1446 2455 1563 2521 est,
1611 2464 1752 2527 quae
1784 2447 2061 2525 dogmati
2112 2448 2416 2521 revelato,
2481 2455 2546 2507 et
2614 2446 2692 2528 ab
2757 2445 3046 2508 Ecclesia

462 2528 790 2610 proposito
836 2527 1078 2590 directe
1123 2530 1486 2605 opponitur,
1530 2538 1598 2589 ut
1645 2531 1804 2590 ista:
1861 2525 2119 2590 Verbum
2151 2545 2284 2596 ,non
2326 2537 2419 2589 est
2462 2544 2611 2589 caro
2655 2525 2920 2604 factum.

543 2609 823 2671 Erronea
870 2609 1218 2686 propositio
1261 2615 1361 2668 est
1402 2623 1542 2687 quae
1580 2619 1754 2670 certo
1798 2623 1868 2669 ac
1912 2608 2160 2670 directe
2194 2607 2593 2670 conclusioni
2631 2606 3052 2684 Theologicae

466 2689 865 2761 adversatur,
910 2697 973 2749 at
1019 2703 1143 2749 nou
1191 2688 1451 2765 attingit
1486 2688 1754 2766 gradum
1786 2689 2194 2751 certitudinis
2225 2688 2397 2763 fidei,
2439 2691 2585 2767 quia
2634 2703 2762 2748 non
2800 2695 2898 2749 est
2931 2688 3052 2748 im·

469 2769 749 2832 mediate
795 2768 1111 2830 revelata:
1159 2775 1227 2829 ut
1263 2778 1411 2847 puta
1461 2767 1751 2831 Christus
1811 2786 1931 2831 non
1974 2776 2066 2831 est
2106 2768 2399 2843 risibilis,
2447 2784 2589 2847 quae
2653 2785 2685 2830 a
2732 2768 3060 2830 diametro

424 2850 852 2932 ¹adversatur
918 2849 1065 2910 huic
1108 2847 1508 2927 Theologicoe
1566 2848 2005 2912 conclusioni:
2054 2848 2342 2911 Christus
2409 2859 2503 2911 est
2544 2847 2840 2922 risibilis,
2906 2862 3056 2909 cum

471 2932 687 2993 omnis
719 2928 922 2990 bomo.
953 2930 1034 2989 sit
1078 2927 1377 2990 risibilis:
1422 2944 1562 3008 quae
1606 2930 1865 3009 quidem
1902 2931 2232 2993 conclusio
2263 2930 2604 2993 deducitur
2635 2945 2717 2990 ex
2748 2927 2856 2990 illa
2894 2927 3053 2989 fidei

470 3009 751 3072 veritate
801 3006 1092 3070 Christus
1135 3016 1230 3070 est
1271 3008 1461 3072 homo,

548 3088 789 3151 Hoeresi
828 3089 1118 3167 proxima
1162 3097 1259 3152 est
1301 3106 1442 3169 quae
1480 3106 1700 3151 omnes
1746 3090 2148 3152 conditiones
2194 3089 2417 3164 habet.
2484 3098 2552 3151 ut
2616 3090 2694 3150 ab
2755 3087 3054 3149 Ecclesia

478 3170 780 3232 haeretica
827 3167 1214 3245 declaretur,
1263 3185 1405 3232 cum
1451 3180 1625 3232 certo
1673 3172 1927 3233 veritati
1973 3170 2303 3232 catholicae
2348 3181 2727 3249 opponatur.

562 3247 863 3327 Suspecta
906 3249 977 3311 de
1021 3248 1241 3311 hoeresi
1283 3260 1380 3312 est
1422 3264 1564 3329 quae
1606 3266 1688 3311 ex
1729 3252 2153 3314 terminorum
2197 3250 2635 3329 ambiguitate,
2688 3247 2788 3310 vel
2822 3263 2902 3308 ex
2938 3248 3059 3309 cir·

480 3329 880 3392 cumstantiis
928 3331 1230 3406 temporis
1274 3332 1745 3408 sivepersonae
1806 3331 2121 3409 loquentis
2184 3331 2534 3392 adhibetur
2639 3330 2676 3392 d
2744 3330 3050 3390 baeresim

481 3409 726 3472 occulte
770 3408 1352 3473 disseminandam:
1395 3410 1469 3472 In
1516 3411 1609 3472 tal
1650 3412 1821 3474 modo
1865 3413 1931 3473 ai
1996 3418 2189 3490 tempo
2253 3413 2417 3491 deqli
2479 3411 2573 3470 Ar
2645 3409 2712 3472 ni
2758 3407 2880 3481 chi,
2951 3408 3057 3470 nei

471 3487 830 3571 professura
874 3487 938 3551 la
979 3489 1251 3552 divinita
1294 3491 1391 3553 del
1431 3490 1740 3570 Fiqliuolo
1782 3492 1849 3553 di
1892 3490 2026 3566 Dio,
2068 3493 2366 3560 ricusava
2408 3490 2758 3553 chiamarto
2824 3505 3055 3550 consu·

480 3568 789 3634 stanziale
829 3568 896 3630 al
938 3569 1164 3644 Padre,
1206 3587 1314 3633 era
1348 3579 1614 3650 cospetto
1657 3572 1721 3634 di
1763 3573 2115 3634 arianismo
2157 3570 2473 3652 (Gousset,
2528 3571 2683 3634 Teol.
2727 3567 3003 3648 Doque).

561 3650 885 3725 Hesi-esim,
926 3650 1030 3711 vel
1075 3668 1348 3715 errorem
1387 3653 1657 3731 sapiens,
1700 3660 1797 3715 est
1838 3669 1983 3731 quae
2025 3651 2102 3715 de
2153 3654 2380 3715 haeresi
2429 3652 2530 3714 vel
2574 3651 2654 3714 de
2691 3664 2913 3712 errore
2957 3666 3059 3714 su·

480 3742 691 3811 specta
738 3739 856 3799 est.
896 3747 968 3793 ac
1016 3733 1274 3793 nonnisi
1319 3732 1487 3806 futili
1533 3735 1838 3795 evasione
1881 3733 2199 3796 vindicari
2247 3741 2469 3812 potest.

564 3811 765 3891 Impia
808 3820 906 3872 est
948 3828 1089 3891 qnae
1135 3814 1393 3892 pietatis
1438 3830 1628 3893 opera
1674 3813 1980 3893 deprimit
2022 3829 2093 3877 ac
2137 3812 2493 3893 Religionis
2527 3813 2928 3878 christianae:
2963 3810 3058 3873 uti

550 4033 573 4073 ¹
613 4033 669 4085 V.
700 4032 931 4095 Lignort,
966 4033 1058 4095 op.
1095 4034 1247 4094 Mor„
1288 4034 1321 4085 l.
1358 4046 1412 4096 n,
1458 4048 1511 4086 n.
1545 4037 1633 4097 59;
1674 4037 1728 4087 it.
1764 4036 1927 4086 Homo
1960 4036 2157 4099 Apost„
2194 4035 2344 4086 tract.
2378 4046 2449 4096 w,
2507 4047 2559 4085 n.
2611 4036 2691 4086 3¹.
2724 4060 2787 4072 —
2818 4033 3070 4095 Bouvier,

490 4098 561 4148 De
593 4097 833 4156 restitut,
870 4094 956 4146 ubi
991 4097 1052 4146 de
1078 4097 1462 4160 participante,·
1507 4099 1557 4150 et
1589 4100 1648 4150 de
1678 4098 1880 4151 actibus
1910 4100 2167 4158 humani-e,
2202 4108 2248 4148 c.
2285 4100 2329 4149 1.
2363 4122 2427 4138 -·
2461 4098 2621 4162 Gury,
2661 4098 2730 4147 Dc
2782 4095 3071 4159 virtutibus,

489 4157 584 4209 ubi
609 4157 677 4230 ‘de
707 4159 1072 4220 cooperatione.
1104 4181 1168 4195 -—
1201 4161 1431 4220 pavone,
1466 4162 1542 4211 La
1573 4162 1683 4213 luce
1711 4160 1802 4224 fra
1833 4162 1878 4212 te
1910 4161 2127 4222 tenebre,
2164 4160 2369 4211 dissert.
2404 4172 2479 4211 xi.
2501 4186 2566 4197 —
2595 4161 2861 4220 Ferraris;
2891 4159 2945 4212 V.
2971 4159 3071 4211 Fa-

489 4221 647 4270 mula.
677 4244 740 4257 -
770 4220 898 4271 Item
935 4219 1147 4283 Sporer,
1183 4222 1359 4283 croix,
1393 4225 1684 4283 Nummus,
1718 4227 1818 4276 etc.
2975 4221 2996 4232 '

556 4280 581 4319 ³
621 4281 676 4331 V.
712 4282 997 4346 Tournely,
1033 4284 1259 4345 Append.
1294 4286 1363 4336 ad
1395 4287 1507 4337 loca
1539 4286 1689 4338 theol.
1724 4312 1787 4324 —
1821 4286 2056 4348 canape,
2090 4283 2442 4346 lie-domate,
2497 4283 2743 4340 doctrinis
2790 4282 3080 4345 motooids

491 4345 723 4416 orreum
752 4344 1037 4408 harumque
1067 4348 1309 4397 censuris.
1343 4372 1407 4385 —
1437 4349 1635 4410 Alasia,
1670 4350 1774 4400 vol.
1812 4357 1920 4408 vm,
1953 4348 2225 4409 Appendtx
2256 4347 2316 4397 de
2346 4347 2606 4396 damnatis
2626 4346 2690 4398 ab
2713 4347 2940 4397 Ecclesia
2955 4355 3075 4408 pro-

560 4406 842 4458 sationibus.
876 4432 938 4444 -—
971 4407 1231 4471 Ferraris;
1268 4409 1327 4460 V.
1361 4411 1756 4472 propositiones.
1789 4435 1856 4449 -—-
1887 4412 2134 4461 Analecta
2164 4410 2308 4460 luris
2349 4405 2618 4471 pontificii,
2672 4420 2759 4461 an.
2821 4405 2960 4461 teca.
3014 4428 3078 4443 -

546 4468 829 4528 ontagnus,
862 4468 933 4518 De
968 4469 1206 4542 ‹xmp-ts
1233 4482 1323 4522 seu
1353 4472 1487 4523 notis
1518 4473 1822 4536 thoolopicts.
1851 4497 1917 4510 —
1940 4473 2152 4531 suarez,
2170 4473 2241 4522 De
2262 4473 2450 4523 virtute
2473 4472 2771 4540 theotoyica,
2798 4470 2935 4533 disp.
2959 4477 3073 4520 m.

493 4554 561 4568 -
592 4528 689 4602 Sed
718 4529 914 4580 eminet
946 4533 1227 4591 Antonius,
1261 4534 1682 4586 panormitanus
1709 4537 2071 4597 nuncupatus,
2092 4533 2341 4597 inopere,
2362 4533 2677 4586 Scrutinium
2696 4535 3074 4592 doctrinarum

490 4589 873 4657 qualificandis
906 4593 1290 4656 assertionibus,
1325 4595 1544 4647 thesibus
1573 4600 1726 4660 atque
1757 4597 1903 4650 tibris
1933 4598 2335 4648 conducentium.
2373 4595 2571 4657 Romae,
2608 4598 2747 4649 1709.
