3292 5167
1353 274 1430 319 on
1476 271 1617 319 ripn
2640 256 2771 322 665

170 371 642 435 Exercitiorum
687 380 751 434 et
793 388 1119 436 sacrarum
1161 372 1536 437 missionum
1582 373 1887 437 subsidia.
1935 372 2001 436 ln
2032 374 2264 454 quibus
2299 384 2594 454 satagant
2638 375 2768 441 bla-

176 453 614 531 sphemiarum
663 453 726 513 in
774 453 882 514 Dei
934 470 1167 516 nomen
1213 466 1277 516 et
1322 472 1386 516 in
1431 454 1701 519 Safictos
1748 455 2081 517 horrorem
2119 459 2366 518 cunetis
2406 459 2768 535 inspirare,

174 540 241 595 et
285 531 406 595 alia
452 533 745 611 graviora
784 533 1035 595 scelera
1081 550 1224 596 cum
1271 550 1503 613 magno
1549 534 1856 607 scandalo
1903 535 2247 613 conjuncta
2283 536 2644 613 eliminare,
2677 540 2771 602 uti

174 621 334 675 sunt
369 613 831 689 concubinatus
885 614 1144 687 notorii,
1193 614 1460 678 violatio
1525 615 1778 679 dierum
1839 613 2154 678 festorum
2202 623 2269 679 et
2322 619 2624 698 praecepti
2670 635 2770 682 ec·

175 694 518 757 clesiastiei
565 694 733 756 circa
775 695 1046 774 jeJunia.
1091 694 1380 758 ciborum
1426 695 1749 758 delectum
1797 704 1861 757 et
1903 695 2167 758 similia.

336 775 395 837 6.
442 774 625 837 Viros
671 776 957 854 insignes
1002 784 1066 837 et
1110 790 1262 838 sana
1310 776 1601 839 doctrina
1635 787 2015 857 praestantes
2048 777 2339 853 impense
2385 776 2464 838 ad
2513 779 2633 839 hoc
2674 780 2770 841 in-

178 854 526 927 flammare,
574 864 641 918 ut
677 866 898 919 contra
933 854 1184 918 libellos
1219 860 1471 937 impios,
1505 856 1955 939 ephemerides
1991 866 2056 918 et
2087 855 2368 935 pagellas
2421 856 2565 921 illas
2611 876 2772 923 men·

174 933 370 1009 dacii,
399 936 867 999 calumniarum
896 942 959 998 et
990 937 1369 999 seductionis
1403 939 1639 1016 plenae,
1667 952 1824 1016 quas
1856 953 2024 999 novat
2054 937 2218 998 artis
2262 934 2550 999 librarice
2576 956 2775 1016 pravo

177 1031 298 1076 usu
339 1016 674 1096 vaferrimi
713 1017 1009 1080 Ecclesice
1053 1019 1296 1079 inimici
1339 1020 1408 1083 in
1448 1019 1672 1098 vulqus
1716 1018 1890 1079 edere
1934 1023 1996 1079 et
2030 1017 2465 1096 multiplicare
2499 1020 2777 1097 qnotidie

177 1112 302 1158 non
343 1097 818 1172 intermittunt,
862 1096 985 1160 alia
1032 1098 1153 1177 ipsi
1203 1114 1411 1177 parvae
1461 1100 1616 1161 item
1662 1097 1851 1159 molis
1902 1097 2137 1177 scripta
2185 1098 2264 1160 de
2309 1097 2774 1176 Episcoporum

178 1186 326 1239 voto
372 1186 436 1239 et
480 1178 941 1256 approbatione
989 1179 1052 1238 in
1100 1179 1306 1240 lucem
1339 1178 1559 1252 edant,
1603 1187 1669 1240 et
1717 1188 1905 1257 prout
1937 1178 2219 1241 locorum
2257 1186 2322 1240 et
2355 1193 2803 1257 personarum*

179 1258 344 1319 ratio
391 1261 807 1336 suggesserit,
858 1259 1030 1320 inter
1079 1258 1298 1323 fideles
1343 1258 1735 1322 diffundant.

338 1338 393 1401 7.
438 1339 725 1401 Tandem
773 1340 1118 1417 pietatem,
1164 1342 1647 1402 venerationem
1713 1348 1903 1418 atque
1971 1336 2450 1400 observantiam
2497 1339 2563 1400 in
2611 1339 2780 1415 chri-

177 1416 393 1480 stiano
444 1420 670 1497 populo
720 1421 1073 1494 insinuare,
1122 1420 1358 1494 fovere,
1408 1424 1570 1483 tueri
1618 1431 1682 1482 et
1724 1419 1856 1481 alte
1902 1418 2183 1496 defigere
2213 1434 2366 1495 erga
2406 1435 2776 1496 supremam

176 1494 350 1559 Petri
398 1499 778 1562 Catbedram
808 1549 823 1575 ‚
871 1501 974 1563 ubi
1023 1499 1204 1562 sedet
1250 1518 1437 1563 verus
1509 1500 1744 1563 Christi
1798 1498 2141 1573 -Vicarius,
2211 1501 2404 1561 totius
2476 1497 2779 1562 Ecclesiae

178 1575 404 1655 Caput,
447 1590 511 1642 et
554 1581 841 1642 omnium
888 1582 1390 1644 christianorum
1443 1582 1627 1644 Pater
1673 1580 2034 1645 et·Doctor.

258 1658 468 1720 ⁹43.
513 1660 578 1733 Q.
622 1661 680 1724 3.
722 1661 821 1725 An
861 1677 974 1740 pro
1012 1662 1158 1740 fidei
1197 1670 1428 1725 nostroe
1468 1664 1842 1724 dilatatione
1883 1659 2146 1723 solliciti
2186 1675 2316 1721 esse
2349 1657 2723 1722 debeamus?

261 1739 331 1801 R.
376 1742 1142 1821 Affirmative:.praestat,
1187 1751 1255 1805 ut
1300 1759 1428 1804 non
1476 1751 1723 1806 tantum
1771 1740 1992 1803 fideles
2054 1755 2459 1802 amoveamus
2525 1757 2557 1801 a
2611 1743 2776 1819 peri-

183 1819 326 1881 culo
372 1822 792 1895 infidelitatis,
837 1821 947 1884 sed
993 1833 1061 1884 ut
1095 1840 1204 1898 pro
1254 1816 1469 1885 nostro
1519 1839 1726 1902 posse,
1778 1821 1874 1882 vel
1923 1822 2095 1899 ipsos
2145 1819 2446 1881 infideles
2495 1820 2768 1883 adduca-

183 1915 325 1963 mus
368 1900 446 1964 ad
493 1902 702 1965 fidem.
750 1901 1020 1981 Quisque
1062 1905 1222 1964 enim
1264 1903 1368 1982 (ad
1422 1920 1552 1966 rem
1600 1900 1801 1981 Stapl.
1840 1900 1871 1981 5
1907 1900 2050 1979 166)
2093 1906 2460 1980 praesentem
2506 1900 2779 1965 noininis

179 1981 631 2058 conditionem,
673 1991 861 2063 atque
902 1982 1257 2046 absolutam
1320 1984 1662 2065 Reliqionis
1729 1982 2098 2062 christianae
2160 1982 2593 2043 necessitatem
2636 1992 2776 2058 per-

180 2069 454 2141 spectam
500 2071 682 2137 tenet,
721 2062 999 2143 profecto
1038 2063 1203 2126 nihil
1246 2066 1441 2144 mayis
1486 2066 1553 2127 in
1596 2063 1754 2126 votis
1803 2060 2027 2125 habere
2064 2069 2290 2140 potest,
2330 2078 2514 2138 qaam
2556 2069 2629 2124 ut
2662 2061 2778 2124 Re·
2828 2094 2833 2099 ·

177 2158 371 2221 ,anum
416 2143 527 2217 Dei
567 2160 1034 2223 quaquaversus
1079 2147 1401 2208 dilatetur.
1450 2145 1621 2220 Quod
1652 2153 1725 2205 ut
1764 2142 2029 2214 eveniat,
2069 2158 2191 2203 non
2226 2148 2473 2203 tantum
2504 2143 2780 2222 quotidie

180 2239 386 2298 orare,
433 2224 537 2285 sed
579 2226 769 2287 etiam
810 2242 923 2303 pro
965 2224 1210 2290 viribus
1255 2224 1540 2304 conferre
1579 2224 1921 2302 jiibemur,·
1966 2223 2024 2285 si
2064 2224 2227 2285 enim
2272 2222 2462 2284 Deum
2503 2240 2643 2285 vere
2685 2223 2776 2285 di·

182 2303 458 2381 linimus,
501 2305 653 2384 quid
695 2302 871 2368 nobis
912 2308 1092 2385 prius
1135 2324 1263 2369 esse
1306 2315 1531 2385 potest.
1560 2323 1748 2385 quam
1790 2312 1866 2365 ut
1908 2305 2038 2382 ipse
2067 2310 2126 2365 et
2164 2319 2340 2382 quem
2370 2304 2566 2378 misit,
2597 2303 2781 2366 Iesus

187 2383 499 2457 Christus,
533 2384 614 2449 ab
650 2384 932 2450 omnibus
976 2381 1392 2464 coscynoseatur
1436 2386 1878 2466 adoreturque,
1921 2391 1980 2446 et
2024 2391 2093 2446 ut
2140 2383 2591 2462 beniqnissima
2634 2386 2774 2463 ejus

180 2466 451 2527 consilia
497 2465 562 2527 in
603 2466 994 2545 provehenda
1041 2467 1352 2529 hominum
1396 2469 1600 2530 salute
1628 2484 1741 2545 per
1771 2468 2075 2528 neminem
2116 2464 2572 2542 frustrentur?
2617 2464 2781 2526 Idem

181 2546 449 2624 officium
477 2563 556 2608 em
589 2546 907 2608 charitate
940 2547 1234 2626 fraterna
1281 2547 1586 2614 resultat.
1622 2548 1806 2625 cujus
1851 2546 2085 2609 indoles
2118 2551 2234 2619 est,
2277 2554 2348 2605 ut
2383 2544 2542 2606 alios
2589 2546 2776 2607 desti·

182 2626 466 2689 nationis
511 2634 741 2690 nostrae
782 2637 1094 2690 consortes
1139 2630 1488 2692 reddamus.
1538 2630 1689 2692 Cum
1747 2628 1949 2706 igitur
2012 2626 2094 2688 ad
2156 2626 2637 2687 destinationem
2682 2645 2784 2689 no·

180 2713 388 2768 stram
412 2706 688 2786 feliciter
716 2711 1200 2787 consequendam
1241 2708 1475 2789 Reliqio
1507 2708 1867 2771 necessaria
1904 2708 2012 2778 sit,
2047 2706 2186 2785 quis
2216 2722 2337 2768 non
2372 2706 2558 2782 videt,
2589 2706 2782 2783 liujus

179 2788 827 2910 dilatatio-nemiinter
886 2790 1095 2852 omnia
1155 2789 1499 2852 charitatis
1543 2787 1840 2868 obsequia
1888 2788 2085 2861 locum
2126 2785 2318 2866 facile
2359 2786 2634 2865 primum
2676 2785 2777 2850 eb·

181 2868 410 2942 tinere,
459 2875 579 2929 etc.
660 2916 673 2929 .
725 2932 730 2939 ,
792 2870 796 2875 ’

269 2988 476 3054 ⁹411.
526 2989 597 3067 Q.
642 2989 702 3053 lt.
756 2985 918 3066 Quid
962 2989 1279 3054 Paroa-hus
1326 2988 1410 3053 ad
1451 2987 1594 3074 fidei
1639 2984 2079 3072 impedimenta
2125 2983 2560 3049 eliminanda?

270 3094 342 3160 R.
393 3093 725 3161 Parochus
773 3092 917 3159 haec
968 3084 1234 3178 peragat
1283 3093 1835 3179 diligentissime:

364 3202 421 3266 1.
466 3201 631 3269 Oves
665 3199 790 3268 sibi
825 3202 1215 3268 commissas
1243 3219 1465 3288 opere,
1492 3217 1801 3269 sermone
1828 3207 1892 3267 et
1919 3197 2225 3284 exemplo
2272 3198 2332 3263 in
2387 3197 2513 3264 fide
2539 3197 2779 3265 confir-

178 3316 337 3390 met,
372 3309 728 3395 Religionis
754 3310 1125 3396 apologiam
1170 3309 1529 3378 identidem
1556 3308 1980 3391 adstruendO,
2010 3306 2270 3376 motivis
2307 3305 2782 3374 credibilitatis.

175 3416 262 3482 Et
308 3417 390 3483 ab
439 3416 517 3484 iis
568 3417 738 3484 vitiis
786 3417 1085 3486 studiose
1134 3426 1401 3499 avertat,
1455 3434 1604 3504 quae
1653 3415 1846 3483 fidem
1909 3414 2317 3502 pedetentim
2369 3413 2783 3500 extinguunt,

180 3524 276 3591 uti
330 3533 485 3592 sunt
533 3526 864 3612 superbia,
917 3523 1346 3610 impudicitia,
1397 3523 1826 3609 blasphemia,
1878 3531 2002 3590 etc.
2572 3504 2601 3543 ²

364 3634 424 3699 2.
478 3634 632 3700 Cum
681 3631 968 3717 (dicente
1018 3652 1069 3700 s.
1121 3633 1369 3718 Leone)
1416 3609 1654 3717 maqn'a
1686 3631 1779 3721 §sit
1819 3631 2021 3717 pietas
2062 3629 2322 3716 prodere
2372 3629 2638 3695 latebras
2671 3630 2785 3693 im-

168 3740 458 3826 piorum,
508 3751 563 3805 et
608 3726 813 3825 ipsum
858 3739 927 3804 in
973 3740 1078 3821 εἰς,
1127 3740 1229 3818 cui
1274 3739 1644 3819 inserviunt,
1698 3735 2012 3803 diabolum
2057 3735 2356 3802 debellare
2384 3787 2399 3814 ,
2451 3734 2785 3801 Parochus

165 3844 434 3930 ‘populo
485 3844 746 3931 detegat
794 3846 1237 3915 multiformes
1286 3845 1709 3914 inimicorum
1758 3861 2023 3913 errores
2070 3849 2164 3910 ¹et
2239 3841 2783 3919 machinationes³

175 3959 253 4020 ut
305 3953 433 4023 sibi
485 3961 728 4021 caveat.
2742 3970 2745 3973 ’

361 4060 419 4127 3.
475 4058 680 4127 Caute
736 4057 1047 4143 invigilet,
1104 4078 1185 4128 ne
1235 4060 1296 4127 in
1349 4060 1638 4126 Paroecia
1692 4075 1810 4126 sua
1862 4057 2007 4125 libri
2083 4056 2370 4142 perversi
2444 4056 2787 4124 circumfe-

179 4174 440 4233 rantur:
472 4173 538 4234 et
572 4166 625 4234 si
663 4183 832 4253 quos
868 4165 1190 4234 invenerit
1223 4166 1588 4249 damnat03‚
1627 4171 1814 4234 curet
1845 4171 1914 4231 ut
1948 4182 2144 4251 quam
2179 4163 2375 4232 citius
2406 4180 2441 4229 e
2479 4163 2784 4230 manibus

181 4274 407 4360 popoli
465 4274 580 4341 auf
607 4282 877 4342 erantur
903 4274 1093 4341 malis
1139 4274 1358 4343 bonos
1393 4272 1882 4341 substituendo.
1940 4301 1962 4330 ι
2022 4273 2071 4339 Ο
2122 4270 2411 4340 crederai
2448 4270 2624 4338 forse
2673 4276 2783 4357 (ad

246 4456 268 4496 ¹
301 4458 414 4508 Hoc
447 4457 627 4509 valent
656 4469 843 4509 omnes
876 4456 1214 4509 orationibus
1250 4457 1302 4507 et
1334 4456 1692 4518 eleemosyna.
1727 4455 1826 4508 Sed
1880 4456 2143 4520 praecipue
2193 4454 2438 4506 studium
2497 4455 2788 4517 Religionis

180 4518 464 4570 dilatandae
498 4519 652 4571 nobis
685 4520 1058 4572 ecclesiasticis
1092 4518 1368 4571 incumbit.
1408 4517 1536 4578 Quis
1570 4529 1700 4569 sane
1736 4518 1930 4569 dixerit
1962 4517 2111 4568 illum
2146 4518 2400 4568 clericum
2436 4519 2681 4580 spiritum
2704 4527 2788 4566 ec—

180 4581 541 4634 clesiasticum
577 4581 866 4645 possidere,
901 4584 990 4647 qui
1027 4579 1333 4633 indifferens
1364 4583 1446 4632 est
1477 4582 1588 4630 sive
1625 4583 1945 4645 propagetur
1984 4580 2202 4641 Religio,
2242 4580 2397 4641 cujus
2428 4582 2668 4631 minister
2685 4580 2788 4637 est,

181 4647 296 4695 sive
330 4646 475 4695 non?
512 4645 642 4695 Male
672 4647 913 4706 cogimur
945 4644 1172 4695 ominari
1210 4643 1274 4696 de
1309 4642 1419 4703 1110,
1453 4653 1611 4706 quem
1644 4645 1792 4695 zelus
1825 4645 2029 4695 Domus
2060 4640 2155 4693 Dei
2190 4652 2297 4692 non
2332 4642 2584 4694 comedit.

306 4706 382 4757 De
412 4707 529 4768 fidei
557 4709 929 4769 proponatione
964 4705 1117 4769 plura
1147 4706 1262 4758 Lib.
1299 4717 1370 4770 iv,
1403 4705 1726 4770 Amendae
1758 4707 1811 4759 et
1852 4707 1933 4757 39.
