3292 5167
497 253 622 350 iso
1513 277 1627 324 ue,
1676 275 1739 320 ιι.
1788 276 1998 322 τιμον.
2046 276 2102 320 ν.

490 387 678 438 meno
722 373 841 436 che
884 388 1028 436 cosa
1072 374 1127 435 si
1172 390 1393 437 avesse
1435 390 1470 437 a
1516 375 1914 455 rispondere.
1956 374 2051 439 Ma
2083 373 2144 437 la
2176 374 2449 454 risposta
2480 373 2809 443 consueta,
2848 364 2969 428 che
2999 364 3090 428 ho

492 457 775 534 risaputo
821 455 930 533 piu
975 454 1164 530 tardi,
1207 455 1296 518 mi
1340 471 1534 534 parve
1576 455 1710 526 cosi
1752 456 2074 532 naturale,
2107 455 2227 518 che
2257 469 2385 517 non
2422 467 2491 515 so
2527 448 2873 514 intendere
2905 461 3095 510 come

493 550 617 598 non
659 535 909 597 l'avessi
956 541 1201 598 trovata
1248 535 1325 598 da
1371 552 1485 615 per
1529 552 1630 599 me
1666 544 1887 600 stesso.
1933 562 1954 592 ι
2761 610 2775 621 ,

589 641 611 669 «
656 615 723 677 ln
771 614 1035 678 Oriente
1082 614 1141 677 le
1184 614 1456 680 formole
1499 616 1565 680 di
1610 618 1817 681 saluto
1861 619 1980 697 (ita
2019 617 2084 679 in
2131 614 2372 689 Diario,
2433 610 2926 691 L'Apoloqtsta,·
2967 606 3093 701 {ro-

492 696 657 773 rino,
694 694 869 772 1857,
913 712 975 758 n.
1010 695 1118 776 46)
1164 697 1378 759 hanno
1424 697 1664 761 tuttora'
1703 714 1829 762 una
1895 698 2068 760 forza
2117 695 2376 770 biblica,
2442 707 2666 755 serena
2735 706 2773 753 e
2817 697 3097 769 patriar·

491 776 666 852 cale;
729 777 782 838 si
828 792 1099 839 conosce
1144 777 1210 839 in
1256 794 1395 840 esse
1440 778 1886 843 l'immobilita
1951 778 2014 842 di
2087 776 2301 858 quelle
2359 773 2612 835 nazioni
2672 769 2982 851 pastorali
3056 786 3096 831 e

490 857 844 935 guerriere,
888 858 1150 920 rimaste
1193 857 1547 922 all'infuori
1590 860 1696 922 dei
1741 862 1985 923 vantati
2033 857 2356 938 progressi
2394 853 2862 916 dell’umanita.
2890 850 3092 942 Quasi

492 947 652 1000 tutte
716 936 932 999 hanno
977 954 1090 1016 per
1135 947 1333 1017 punto
1378 941 1441 1000 di
1512 950 1812 1018 partenza
1863 937 1905 1002 il
1967 940 2361 1002 sentimento
2406 932 2733 1013 religiose,
2796 948 2833 994 e
2901 947 3092 1009 quasi

492 1023 653 1081 tutte
697 1032 1028 1096 augur-ano
1075 1017 1130 1079 la
1164 1034 1317 1097 pace
1345 1034 1378 1080 a
1424 1020 1590 1083 colui
1637 1021 1697 1083 al
1740 1019 1930 1101 quale
1973 1019 2447 1086 s'indirizzano.
2484 1014 2565 1076 La
2608 1011 2825 1093 parola
2872 1012 3095 1105 saluto

492 1102 679 1161 viene
722 1097 1071 1161 dall’arabo
1114 1100 1306 1162 satem
1337 1116 1373 1160 o
1403 1100 1672 1177 stantum,
1717 1117 1888 1180 pace.
1933 1101 2292 1163 S’incoutra
2340 1104 2563 1176 questa
2610 1092 2826 1173 parola
2876 1108 2947 1153 in
2977 1090 3097 1155 Ge·

493 1180 895 1242 rusaletnme.
942 1177 1218 1242 L'Arabo
1261 1179 1465 1243 saluta
1513 1181 1688 1244 cosi:
1733 1183 1928 1246 Possa
1970 1182 2020 1244 it
2058 1189 2164 1242 tuo
2205 1179 2477 1241 manino
2518 1192 2687 1238 esser
2731 1173 2981 1244 bizonen
3011 1207 3095 1218 —

495 1258 615 1321 Che
656 1259 772 1322 Dio
838 1261 1147 1323 t’accordi
1206 1261 1231 1323 i
1272 1263 1410 1324 suoi
1466 1262 1716 1342 savori;
1776 1297 1854 1308 —
1899 1261 1972 1324 Se
2031 1262 2141 1323 Dio
2188 1260 2245 1322 lo
2287 1258 2483 1334 vuele,
2542 1264 2613 1319 tn
2674 1256 2803 1317 siai
2848 1253 3020 1319 bene.
3068 1253 3096 1345 ¹.

489 1340 723 1402 Tarchi
769 1339 1063 1402 salutano
1094 1351 1356 1405 sovente
1388 1342 1703 1407 dicendo:
1749 1343 1942 1406 Possa
1981 1343 2044 1405 la
2079 1351 2189 1406 tua
2232 1338 2452 1403 embra
2483 1356 2607 1401 non
2647 1336 3095 1400 ailontanarst

489 1421 570 1482 da
613 1421 762 1490 noi,·
805 1453 881 1464 ——
923 1421 1118 1483 Possa
1163 1422 1226 1484 ta
1268 1429 1381 1486 tua
1426 1422 1643 1487 embra
1686 1441 1811 1487 non
1852 1424 2189 1486 diminuire
2230 1421 2377 1483 mai.
2423 1419 2467 1480 ll
2515 1416 2718 1481 Greco
2761 1416 3087 1478 moderno

487 1515 666 1563 come
710 1500 966 1562 l'antico
1010 1504 1071 1562 vi
1119 1502 1294 1564 dice:
1340 1503 1743 1585 Ralleyrati;
1788 1507 2077 1583 grazioso
2124 1502 2329 1566 saluto
2374 1500 2494 1562 che
2537 1502 2590 1562 si
2656 1497 2887 1561 addice
2945 1511 2980 1558 a
3029 1493 3088 1582 si

489 1580 743 1642 ridente
809 1580 1137 1643 contrada.
1200 1581 1297 1646 Gli
1362 1587 1602 1647 antichi
1677 1586 1943 1648 Romani
2017 1600 2303 1649 avevano
2348 1581 2538 1644 saluti
2612 1577 2928 1656 energici‚
2969 1576 3098 1637 che

488 1662 932 1739 esprimevano
980 1660 1037 1722 la
1081 1661 1253 1724 forza
1301 1680 1336 1725 e
1383 1664 1690 1728 l’azione:
1736 1665 1953 1739 Salve;
1982 1709 2058 1720 -
2114 1665 2254 1727 Vale
2281 1682 2311 1736 ,·
2352 1696 2430 1707 —
2477 1660 2570 1723 Sii
2608 1661 2812 1739 forte,·
2858 1692 2938 1701 —
2994 1655 3098 1719 Sii

487 1743 553 1806 in
597 1739 801 1804 buono
845 1742 1070 1803 salute.
1108 1744 1158 1803 A
1202 1743 1265 1805 di
1315 1753 1518 1808 nostri
1567 1746 1609 1806 il
1655 1747 2048 1825 Napoletano
2094 1746 2308 1808 divoto
2345 1744 2404 1803 vi
2449 1742 2635 1804 dice:
2687 1740 2971 1801 Crescete
3017 1738 3095 1798 in

486 1822 783 1894 samita,-
832 1821 873 1882 il
924 1821 1347 1901 ParmigianO,
1392 1823 1431 1885 il
1480 1825 1854 1906 Bolognese‚
1905 1826 1946 1888 il
1994 1827 2462 1905 Marchigiano:
2509 1821 2618 1883 Sia
2664 1822 2870 1884 lodato
2918 1817 3097 1880 Gesia

494 1901 745 1973 crisim·
792 1902 998 1964 saluto
1043 1905 1161 1965 che
1205 1907 1444 1967 sentesi
1490 1923 1648 1986 pure
1693 1910 1758 1969 in
1805 1907 2133 1970 Piemonte
2179 1908 2282 1967 nei
2313 1902 2573 1983 paeselli
2607 1902 2668 1964 di
2717 1909 3094 1979 montagua.

492 1982 610 2045 Per
658 1990 815 2045 tutta
882 1982 1060 2044 ltalia
1130 1987 1166 2046 e
1211 2001 1479 2049 comune
1524 2003 1558 2047 e
1604 1988 1789 2049 dolce
1836 1988 1880 2049 il
1927 1987 2067 2049 dire
2131 2004 2172 2049 a
2231 1985 2365 2060 Dio,
2433 1984 2550 2046 che
2594 1982 2730 2045 suol
2778 1982 3088 2043 scriversi

487 2063 692 2125 anche
734 2063 940 2139 addin,
984 2065 1099 2125 che
1144 2067 1179 2125 e
1225 2081 1308 2128 un
1386 2083 1614 2144 pregar
1661 2068 1823 2130 bene
1889 2068 2083 2130 altrui
2152 2067 2330 2146 quasi
2376 2062 2616 2126 dicasi:
2685 2062 2917 2124 Riman
2974 2078 3094 2123 con

488 2142 623 2217 Dio,
671 2144 725 2206 ti
768 2144 1183 2206 raecomando
1238 2162 1277 2208 a
1324 2145 1454 2210 Dio.
1517 2147 1617 2210 Gli
1665 2147 2015 2227 Spagnuoli
2063 2148 2310 2228 soglion
2357 2145 2538 2206 dire:
2613 2143 2784 2222 Vaya
2843 2142 2931 2203 nd
2973 2157 3090 2204 con

487 2223 623 2298 Dio,
674 2241 853 2287 senor
894 2221 1210 2288 caballero
1257 2226 1520 2306 (audate
1565 2245 1682 2291 con
1733 2229 1863 2295 Dio.
1911 2233 2131 2307 signer
2176 2226 2544 2302 cavallere).
2578 2224 2626 2286 ll
2656 2223 2959 2294 Tedesco,
2997 2223 3093 2283 in-

486 2320 640 2367 vece
710 2304 771 2366 di
846 2305 1067 2382 Addio,
1113 2307 1249 2368 suol
1322 2307 1506 2370 dire:
1586 2309 1788 2372 Vivete
1852 2308 2040 2385 bene,
2110 2307 2273 2373 buon
2331 2307 2572 2387 yiorno.
2636 2302 2717 2365 Se
2760 2320 2794 2365 a
2858 2310 3088 2382 queste

492 2385 763 2448 formole
811 2385 1217 2464 rispondesse
1261 2404 1513 2467 sempre
1559 2390 1601 2452 il
1642 2406 1837 2452 cuore
1879 2407 1914 2453 e
1960 2392 1977 2451 i
2026 2390 2190 2464 fatti,
2233 2388 2559 2465 un’ampia
2606 2382 2818 2446 scucla
2861 2384 2926 2444 di
2953 2397 3082 2444 mo·

494 2465 676 2529 salita
710 2481 745 2527 e
791 2464 854 2526 di
905 2466 1218 2544 religione
1264 2471 1314 2529 si
1362 2470 1745 2533 troverebbe
1792 2470 1962 2531 nello
2007 2481 2212 2534 stesso
2243 2469 2436 2530 civile
2468 2467 2824 2527 consortio.
2857 2487 2880 2516 ι

561 2544 769 2605 9228.
816 2544 880 2620 Q.
913 2548 968 2609 ὅ.
1003 2546 1164 2620 Quid
1202 2549 1628 2613 resolvendum
1658 2552 1729 2613 de
1772 2550 2092 2615 nonnullis
2135 2542 2639 2629 apres-sionibus
2684 2561 2818 2625 quoe
2846 2543 3090 2623 passim

490 2633 887 2705 usurpantur
929 2634 1153 2689 contra
1197 2627 1410 2705 Deum,
1452 2630 1524 2692 Β.
1580 2631 1892 2712 Virqinem
1936 2633 2030 2693 vel
2078 2629 2395 2693 Sanctus?

565 2705 634 2769 R.
682 2707 768 2768 De
814 2709 1154 2786 praecipuis
1198 2725 1558 2773 sermonem
1604 2712 1999 2787 habebimuS,
2044 2729 2213 2791 aegre
2260 2704 2518 2772 tame'n:

642 2789 718 2865 a)
761 2786 989 2850 Jurare
1032 2804 1146 2866 per
1188 2789 1387 2868 falsos
1432 2791 1584 2854 Deos
1628 2797 1838 2867 seri03
1898 2793 2121 2871 jurare
2166 2808 2279 2870 per
2336 2789 2623 2869 pudenda
2680 2784 2944 2859 Christi,
2987 2782 3088 2845 di-

492 2882 635 2929 cere
678 2869 1066 2930 meretricem
1108 2868 1441 2949 Virginem
1487 2872 1766 2947 Mariam,
1797 2874 2059 2951 grandis
2085 2871 2480 2950 blasphemia
2512 2879 2627 2932 est.
2663 2866 2819 2928 {tem
2865 2866 3093 2927 dicere

492 2946 852 3011 daemonem
897 2957 1209 3011 sanctum.
1277 2949 1433 3014 ltem
1478 2952 1693 3015 dicere
1737 2954 2050 3016 amasium
2094 2953 2314 3027 Deum,
2358 2952 2408 3013 si
2458 2949 2712 3013 dicatur
2776 2949 2844 3007 in
2888 2959 3094 3008 sensu

492 3033 794 3106 propri03
835 3030 981 3109 quia
1029 3037 1129 3092 est
1176 3031 1461 3094 tribuere
1503 3036 1819 3096 creaturis
1863 3033 2030 3113 quod
2079 3033 2190 3095 Dei
2228 3041 2476 3094 tantum
2522 3038 2657 3105 est;
2699 3035 2985 3090 attamen
3019 3025 3088 3087 id

490 3108 652 3170 solet
696 3109 820 3171 dici
872 3126 984 3187 per
1027 3112 1346 3189 quandam
1382 3112 1734 3191 iperbolem
1782 3124 2064 3188 tantum3
2112 3113 2254 3175 ideo
2288 3125 2649 3192 perperam,
2685 3116 2749 3170 et
2784 3105 2954 3169 male
2999 3105 3093 3168 di·

504 3190 690 3263 citur,
735 3205 860 3250 non
912 3203 1121 3252 tamen
1169 3190 1724 3272 blasphematorie.

648 3266 719 3347 b)
763 3269 991 3333 Dicere
1039 3273 1104 3333 in
1151 3274 1509 3352 eventibus,
1567 3276 1661 3337 sic
1701 3282 1844 3338 erat
1905 3291 1946 3337 a
1981 3274 2114 3354 sato
2171 3274 2579 3348 destinatum,
2631 3285 2763 3332 non
2808 3273 2910 3330 est
2950 3264 3092 3329 bla-

488 3348 809 3428 sphemia,
863 3353 1009 3430 quia
1057 3368 1170 3431 per
1228 3353 1347 3415 hoc
1392 3370 1518 3417 non
1564 3357 1918 3419 affirmatur
1973 3354 2313 3435 gentilium
2378 3352 2509 3415 fato
2575 3351 2712 3429 regi
2777 3352 3094 3411 universa

489 3428 738 3509 (verum
787 3432 838 3491 si
887 3432 946 3492 id
996 3433 1449 3496 intenderetur
1483 3437 1809 3512 affirmari,
1841 3434 2229 3498 haereticalis
2265 3434 2658 3512 blasphemia
2696 3427 2941 3506 esset);
2973 3428 3090 3491 sed

489 3508 819 3572 ordinarie
851 3512 1253 3589 significatur
1285 3520 1633 3578 necessitas
1651 3520 2061 3595 ‘consequens
2092 3515 2232 3593 eius
2263 3522 2596 3576 eventus-a
2628 3512 2757 3574 Deo
2789 3508 3094 3589 praevisa.

647 3589 715 3669 e)
756 3589 1226 3656 Haereticaliter
1270 3594 1673 3676 blasphemat
1715 3599 1823 3677 qui
1867 3614 1946 3659 ex
1989 3597 2204 3659 animo
2250 3595 2448 3656 dicit:
2489 3593 2600 3656 Dio
2642 3593 2766 3654 non
2800 3589 2882 3651 Ita
2925 3605 3092 3651 cura

488 3671 557 3733 di
595 3688 709 3744 me,
754 3672 913 3733 tutti
956 3672 981 3733 i
1020 3674 1309 3738 malanni
1349 3692 1390 3737 a
1431 3693 1565 3748 me;
1611 3694 1755 3740 cum
1806 3677 1885 3739 de
1930 3676 2230 3739 omnibus
2291 3673 2386 3736 illi
2433 3675 2517 3735 sit
2560 3688 2744 3735 cura:
2793 3671 2907 3732 Dio
2963 3686 3095 3731 non

486 3753 518 3813 θ
559 3757 759 3814 morto
801 3768 913 3830 per
954 3769 1069 3827 me,
1131 3770 1273 3818 cum
1321 3772 1433 3834 pro
1471 3758 1773 3819 omnihus
1823 3759 1907 3819 sit
1969 3753 2302 3831 mortuus3
2341 3754 2456 3816 Dio
2497 3756 2529 3815 e
2576 3752 2890 3832 parziale,
2937 3765 3092 3811 cum

487 3847 616 3894 non
662 3831 746 3893 sit
789 3840 1086 3911 acceptor
1132 3850 1587 3914 personarum;
1630 3837 1744 3899 Dio
1788 3856 1910 3900 non
1952 3838 2011 3898 si
2063 3839 2318 3900 ricorde
2360 3836 2429 3898 di
2471 3850 2605 3905 me;
2650 3847 2793 3895 cum
2840 3829 3093 3891 nullius

488 3913 687 3991 possit
729 3912 1040 3976 oblivisci.
1084 3914 1404 3990 Attamen,
1452 3928 1521 3981 ut
1566 3918 1937 3996 plurimum,
1974 3917 2123 3980 talia
2156 3917 2559 3999 proferentes
2603 3929 2636 3975 a
2683 3913 2864 3991 gravi
2903 3921 3095 3972 excu-

486 4002 714 4136 {antur
756 3991 903 4072 (etsi
953 3994 1438 4078 redarguendi),
1486 4014 1630 4061 cum
1679 4000 1818 4061 haec
1861 3998 2193 4079 proferant
2238 4013 2318 4061 ex
2350 3994 2951 4059 inconsideratione
2982 3990 3086 4054 vel

532 4090 568 4135 o
597 4077 728 4136 oris
772 4076 1107 4150 gravitate.

643 4154 718 4232 d)
760 4153 943 4218 Esset
988 4154 1382 4235 blasphemia
1427 4155 1675 4219 dicere:
1718 4157 1880 4221 nolit
1913 4158 2069 4222 velit
2111 4155 2274 4220 Deus
2316 4158 2381 4240 (a
2426 4154 2708 4234 dispetto
2752 4151 2821 4216 di
2865 4150 2987 4213 Dio
3025 4150 3090 4212 lo

488 4232 690 4313 faro);
736 4234 796 4295 id
845 4236 1019 4298 enim
1062 4249 1160 4300 est
1203 4236 1574 4315 significare
1619 4252 1747 4300 non
1794 4241 2044 4314 timere,
2089 4239 2288 4302 Deum
2347 4252 2531 4317 posse
2577 4236 2697 4297 hoc
2742 4234 2829 4300 im
2879 4231 3085 4294 edire.

487 4311 605 4386 Qui
651 4330 803 4376 vero
847 4314 1119 4379 diceret:
1168 4317 1384 4398 rineqo
1416 4317 1626 4390 Di...;
1671 4335 1712 4381 a
1745 4319 2014 4399 dispecto
2047 4319 2114 4383 di
2142 4318 2361 4396 Di...,
2397 4315 2757 4380 omittendo
2790 4330 2832 4376 u
2864 4314 3088 4375 timam

488 4392 765 4470 literam,
800 4395 1057 4459 videtur
1100 4414 1283 4477 posse
1325 4399 1639 4476 excusari,
1685 4400 1737 4461 si
1783 4415 1911 4462 non
1960 4400 2153 4463 habet
2217 4397 2754 4463 consuetudinem
2816 4395 2904 4456 ita
2949 4392 3084 4455 hla-

488 4473 908 4553 sphemandi;
950 4491 1101 4539 nam
1141 4488 1407 4558 apparet
1448 4486 1603 4544 tunc
1632 4496 1702 4542 se
1722 4480 2003 4546 voluisse
2048 4481 2404 4557 continere,
2447 4493 2530 4540 ne
2565 4477 3085 4558 blasphemaret:

490 4553 663 4618 unde
706 4555 982 4618 videnda
1026 4566 1124 4620 est
1167 4558 1460 4622 intenti0.

492 4701 501 4708 ,
646 4634 711 4713 e)
753 4634 824 4697 ln
870 4634 1333 4701 locutionibus:
1396 4655 1517 4702 can
1559 4641 1627 4702 di
1669 4639 1805 4715 Dio,
1851 4641 2019 4703 della
2063 4639 2404 4717 Madonna,
2461 4640 2514 4703 si
2572 4653 2704 4702 non
2748 4652 2899 4702 vera
2945 4634 3081 4698 bla-

486 4714 798 4795 sphemia,
839 4713 1040 4792 adest,
1081 4715 1259 4779 adest
1305 4735 1498 4796 grave
1541 4719 1942 4783 scandalum.
1982 4719 2355 4803 Complures
2399 4720 2593 4786 rudes
2637 4718 2866 4782 dicunt
2909 4716 3083 4781 indi·
