3292 5167
425 226 554 295 434
1159 250 1274 296 ue.
1320 238 1383 295 1'1.
1433 248 1644 296 ‘rme-r.
1694 248 1794 296 vu.
1847 250 1997 296 mse.
2044 246 2085 297 1.
2134 244 2262 296 citt».
2313 247 2356 294 ι.

422 370 732 439 peccasse
800 348 1166 420 omittendo
1236 352 1412 420 illam
1483 352 1933 439 diligentiam,
2003 350 2121 422 sed
2168 353 2247 422 ad
2286 352 2450 422 nihil
2499 350 2711 420 adhuc
2758 350 3005 419 teneri:

424 460 582 544 quia·
645 478 725 527 ex
780 477 906 526 una
966 465 1153 546 parte
1209 459 1522 531 damnum
1569 460 1823 529 illatum
1871 479 2137 548 semper
2182 459 2458 530 dubium
2508 464 2651 541 est3
2689 457 2801 544 jus
2854 472 3007 527 vero

423 565 867 651 possessionis
917 584 996 634 ex
1047 566 1169 633 alia
1219 573 1319 635 est
1367 575 1641 635 certum.
1691 567 1993 636 Attamen
2033 584 2154 635 nos
2205 566 2423 635 verius
2459 576 2789 651 putamus,
2827 564 3007 650 quod

421 673 567 740 talis
629 691 982 758 possessor
1050 683 1115 743 et
1172 675 1537 761 peccaverit
1605 682 1669 742 et
1718 680 2025 742 teneatur
2071 673 2318 761 aliquid
2367 671 2719 742 restituere
2769 672 2876 753 ei,
2925 671 3007 740 de

420 796 552 866 quo
607 780 882 848 dubium
933 787 1058 865 est,
1091 798 1169 848 an
1211 781 1296 849 sit
1332 799 1524 849 verus
1574 780 1905 865 dominus,
1952 782 2054 850 sin
2094 788 2314 850 autem
2365 780 2801 866 pauperibus:
2853 795 3007 848 cum

419 886 592 954 enim
643 887 766 954 iste
820 887 1239 974 culpabiliter
1284 887 1626 955 dominum
1664 888 2013 973 privaverit
2045 908 2182 974 spe,
2222 906 2420 975 quam
2458 888 2698 958 habere
2741 893 3003 973 poterat

417 993 495 1060 ad
545 1006 682 1062 rem
734 1013 922 1065 suam
969 995 1093 1063 sibi
1146 996 1675 1080 comparandam,
1730 1003 1794 1064 et
1868 990 1988 1062 ista
2038 1014 2193 1082 spes
2241 996 2326 1065 sit
2375 998 2590 1083 pretio
2640 996 3006 1065 aestimabi-

418 1101 517 1184 lis,
563 1102 698 1187 jam
754 1101 1066 1170 damnum
1117 1104 1297 1171 certo
1347 1110 1450 1172 est
1499 1096 1714 1173 eidem
1764 1104 2017 1172 illatum
2070 1104 2117 1171 ⁴.

504 1202 716 1275 848.
766 1212 839 1290 Q.
887 1212 948 1277 6.
998 1210 1095 1278 Ad
1136 1211 1296 1300 quid·
1329 1219 1568 1278 tethur
1606 1230 1924 1299 possessor
1967 1206 2154 1278 maloe
2196 1210 2383 1299 fidei?

503 1320 572 1383 R.
641 1318 817 1398 Fur,
874 1314 973 1384 vel
1034 1317 1245 1402 quivis
1303 1318 1470 1385 alius
1520 1330 1877 1403 possessor
1926 1314 2113 1386 malae
2165 1314 2339 1400 fidei,
2393 1317 2504 1402 qui
2555 1310 2812 1385 scilicet
2864 1330 3005 1384 rem

416 1423 693 1490 alienam
753 1423 992 1508 accipit
1066 1430 1130 1492 et
1202 1425 1441 1492 retinet
1513 1420 1973 1512 culpabiliter,
2050 1428 2315 1494 tenetur
2382 1422 2652 1491 domino
2727 1421 3003 1490 reddere

415 1547 553 1598 rem
602 1532 788 1597 suam
837 1538 987 1598 cum
1035 1531 1345 1599 omnibus
1396 1531 1742 1609 fructibus,
1793 1531 1917 1599 nisi
1969 1531 2101 1600 sint
2136 1544 2317 1600 mere
2350 1530 2799 1598 industrialeS.
2838 1531 3003 1595 Item
3048 1558 3107 1626 ρ

418 1655 613 1705 omne
683 1635 994 1731 damnum
1067 1640 1415 1722 emergens
1464 1646 1529 1705 et
1601 1637 1856 1705 lucrum
1932 1652 2199 1707 cessans
2271 1655 2305 1704 a
2354 1636 2460 1704 die
2509 1634 2997 1722 possessionis;

422 1743 744 1831 quidquid
809 1760 940 1812 uno
992 1744 1191 1812 verbo
1241 1764 1321 1813 ex
1369 1752 1440 1813 re
1489 1745 1831 1831 percepit,
1883 1740 1979 1813 vel
2027 1745 2358 1832 potuisset
2407 1745 2770 1830 percipere,
2822 1742 2876 1809 si
2927 1746 2997 1809 ut

416 1853 634 1920 bonus
686 1850 1147 1936 paterfamilias
1198 1850 1405 1938 ipsam
1456 1849 2003 1921 administrasset.
2045 1852 2252 1921 Secus
2301 1850 2480 1919 illata
2519 1850 2755 1936 iniuria
2794 1868 2875 1918 ex
2907 1850 3001 1917 in·

413 1966 597 2044 tegro
648 1978 777 2027 non
831 1967 1266 2045 repararetur.
1318 1959 1484 2026 Hinc
1533 1967 1852 2044 praestare
1901 1960 2096 2028 etiam
2145 1964 2412 2028 tenetur
2442 1962 2872 2044 augmentum
2907 1957 2997 2025 rei

414 2065 668 2135 sitatis
717 2074 947 2133 natura
982 2065 1087 2151 sit,
1140 2074 1210 2134 ut
1244 2083 1348 2134 res
1384 2066 1490 2132 illa
1528 2074 1818 2149 crescat,
1855 2082 2005 2137 nam
2052 2080 2157 2136 res
2193 2080 2316 2136 suo
2360 2065 2632 2134 domino
2669 2063 2911 2134 crescit
2944 2065 2995 2131 ².

501 2173 801 2241 Diximus
851 2179 1068 2241 tamen
1114 2172 1241 2240 nisi
1284 2172 1411 2241 sint
1455 2193 1620 2241 mere
1664 2175 2106 2255 incitasti-inlex
2152 2190 2302 2242 nam
2341 2191 2574 2242 omnes
2607 2172 2865 2241 fructus
2904 2171 3001 2239 in·

412 2280 683 2348 dustriae
733 2289 887 2347 sunt
937 2281 1040 2362 ei,
1090 2280 1199 2367 qui
1247 2280 1636 2348 industriam
1686 2284 1974 2349 exercet.
2026 2278 2189 2350 Hinc
2237 2281 2651 2360 thesaurarii,
2706 2285 2996 2365 quaesto·

411 2405 537 2470 reS,
576 2385 873 2457 telonarii
915 2393 980 2457 et
1028 2387 1134 2455 alii
1206 2388 1477 2472 simileS,
1529 2388 1640 2474 qui
1694 2406 1770 2456 ex
1823 2388 2122 2476 pecuniis
2170 2387 2402 2457 alienis
2442 2388 2565 2456 sibi
2620 2384 2988 2454 commissis

407 2495 508 2565 vel
565 2496 738 2581 apud
800 2515 872 2565 se
923 2495 1246 2580 depositis
1299 2492 1554 2563 lucrum
1603 2486 1849 2563 faciunt
1898 2496 2345 2581 negotiando,
2398 2494 2793 2564 cambiendo
2823 2546 2840 2573 ,
2888 2493 2991 2560 lu-

409 2602 650 2686 dendo,
701 2610 847 2683 etc.,
897 2601 1277 2688 hujusmodi
1314 2603 1570 2671 lucrum
1605 2604 1959 2672 restituere
1992 2620 2125 2671 non
2167 2610 2491 2671 tenentur.
2527 2605 2815 2670 Peccant
2848 2597 2993 2686 qui-

325 2754 331 2765 ·
410 2708 559 2777 dem
631 2716 856 2777 contra
928 2707 1310 2777 fidelitatem
1379 2716 1444 2776 et
1493 2708 1986 2794 obedientiam,
2035 2706 2087 2777 si
2141 2709 2285 2778 haec
2334 2709 2537 2777 invito
2586 2707 2861 2777 domino
2908 2706 2995 2774 ra-

411 2816 624 2897 ciunt3
675 2815 792 2883 sed
839 2832 969 2882 non
1019 2823 1248 2882 contra
1288 2812 1615 2900 justitiam
1664 2816 2240 2886 commutativam:
2289 2815 2378 2883 ita
2426 2816 2753 2896 Autome,
2814 2817 2991 2883 Bou-

407 2923 585 3004 vier,
658 2923 983 3003 Gousset,
1055 2929 1177 2989 etc.
1239 2923 1399 2990 Item
1450 2922 1560 3008 qui
1614 2924 1678 2991 in
1730 2924 2007 3009 pecunia
2057 2923 2258 2993 alium
2305 2922 2669 3005 fraudavit,
2722 2928 2986 2989 tenetur

411 3027 677 3115 quidem
724 3029 1067 3115 pecuniam
1118 3031 1469 3121 restituere
1517 3036 1583 3099 et
1630 3030 1864 3099 damna
1914 3032 1968 3099 si
2020 3048 2170 3117 quae
2222 3029 2342 3098 alia
2390 3031 2829 3112 obvenerunt,
2882 3026 2994 3095 do—

407 3136 588 3204 mino
662 3155 1128 3222 compensare3
1179 3136 1297 3206 sed
1346 3157 1478 3206 non
1528 3146 1795 3208 tenetur
1844 3139 1934 3206 illi
1984 3139 2050 3208 in
2101 3138 2509 3208 conscientia
2558 3137 2835 3206 reddere
2883 3151 2964 3221 pe

409 3244 621 3310 cuniae
669 3260 905 3311 usuras
953 3244 1033 3312 ab
1081 3243 1228 3329 ipso
1279 3252 1623 3330 perceptas
1675 3246 1896 3331 (vulgo
1943 3246 2292 3327 interessi);
2325 3246 2477 3331 quia
2512 3245 2815 3330 pecuniae
2863 3242 2990 3309 fru-

409 3354 554 3417 ctus
601 3356 755 3417 sunt
804 3349 1265 3420 industriales:
1317 3353 1545 3439 excipe
1597 3352 1719 3420 nisi
1770 3360 2212 3440 praesumatur
2259 3351 2437 3439 quod
2487 3369 2566 3421 ex
2615 3351 2721 3419 illa
2789 3368 2989 3437 pecu-

408 3455 515 3523 nia
562 3457 796 3527 fuisset
844 3456 1151 3528 dominus
1199 3460 1457 3528 lucrum
1510 3470 1972 3547 percepturus,

495 3566 854 3633 Possessor
896 3567 1089 3635 malae
1139 3568 1289 3635 fidei
1341 3575 1561 3654 potest
1609 3571 1808 3638 etiam
1857 3568 2184 3637 deducere
2216 3582 2541 3655 expensas
2577 3575 2717 3636 tum
2754 3584 2986 3636 neces-

407 3673 611 3742 sarias
660 3681 800 3742 tum
851 3676 1046 3744 utiles
1095 3674 1175 3743 ad
1222 3694 1361 3746 rem
1410 3677 1971 3760 conservandam3
2018 3694 2177 3746 sane
2224 3675 2534 3746 dominus
2580 3676 2780 3745 habet
2850 3673 2989 3761 qui÷

408 3779 556 3850 dem
597 3781 727 3867 JuS,
776 3789 851 3849 ut
897 3798 1036 3850 rem
1070 3801 1258 3852 suam
1293 3785 1613 3871 integram
1655 3802 1806 3854 cum
1840 3785 2152 3853 omnibus
2192 3784 2516 3855 fructibus
2550 3783 2791 3851 debitis
2823 3780 2988 3851 obti-

466 4062 486 4102 ¹
520 4064 636 4115 Non
667 4064 846 4116 tamen
877 4067 1017 4117 esset
1045 4066 1287 4117 iacienda
1323 4068 1586 4120 restitutio
1609 4080 1706 4132 pro
1740 4068 2035 4132 quantitate
2063 4067 2231 4124 dubii.
2273 4069 2347 4119 tta.
2379 4069 2438 4119 ut
2468 4068 2510 4118 si
2546 4066 2780 4119 rationes
2814 4067 2984 4119 essent

402 4127 632 4195 aequales
649 4138 722 4201 εις
752 4129 976 4200 utraque
1009 4132 1173 4191 parte,
1206 4140 1296 4202 res·
1324 4142 1417 4193 pro
1452 4130 1729 4204 medietate
1762 4133 1831 4204 sit
1864 4130 2206 4203 restituenda,
2242 4126 2336 4181 sed
2374 4131 2553 4203 minus
2583 4132 2635 4182 et
2670 4129 2806 4181 rorte
2828 4129 2981 4179 valde

403 4199 761 4302 maneamus
792 4189 2690 4325 iitissffissttipffi'‘2533‘'32‘23030ffi323‘35l1312'ffiiaffiiisessttsssstiaffis
2723 4251 2981 4305 emme.

403 4320 543 4370 mus,
577 4315 764 4365 notare
789 4317 958 4376 Juvat,
1008 4316 1151 4366 mala
1199 4326 1319 4379 quae
1353 4317 1512 4368 alicui
1545 4317 1864 4379 inferuntur,
1899 4326 2007 4368 non
2042 4316 2108 4367 ad
2160 4317 2353 4368 inanes
2402 4312 2782 4378 possibilitates
2810 4317 2988 4367 exten·

402 4370 595 4433 denda,
627 4376 718 4425 sed
752 4378 826 4426 ita
856 4377 1180 4428 dimetienda
1209 4389 1345 4438 esse,
1383 4382 1537 4442 prout
1562 4384 1632 4430 'ex
1667 4380 1940 4431 communi
1993 4380 2273 4430 nominum
2305 4380 2662 4431 aestimatione
2698 4379 2874 4429 taxari
2909 4389 2988 4428 so·

399 4433 527 4508 lent:
561 4435 646 4486 Sic
678 4437 959 4512 ridiculum
992 4440 1126 4491 foret
1158 4440 1250 4501 illi,
1281 4442 1374 4553 (1ἰηί
1411 4443 1625 4493 alterius
1658 4443 1919 4504 gallinam·
1945 4441 2156 4501 occidit,
2208 4441 2472 4513 calculum
2531 4452 2825 4513 proponere
2856 4442 2986 4513 quot

398 4496 530 4559 pulli
560 4509 632 4548 ex
664 4498 764 4548 hac
795 4501 988 4561 gallina
1020 4512 1271 4554 successu
1323 4513 1406 4554 em
1449 4504 1558 4555 oris
1591 4505 1738 4556 nasci
1772 4503 2087 4568 potuissent.
2123 4520 2139 4541 ·
2182 4502 2235 4554 si
2277 4514 2419 4555 enim
2454 4503 2624 4566 agitur
2658 4502 2721 4555 de
2750 4502 2890 4555 furto
2912 4514 2986 4553 rei

401 4569 580 4622 parvae
603 4561 655 4611 et
682 4560 838 4632 valde
871 4566 1192 4624 communis,
1229 4564 1398 4616 suffici
1448 4576 1514 4617 ex
1550 4566 1738 4618 morali
1765 4567 2046 4617 hominum
2074 4562 2296 4628 judicio,
2334 4568 2390 4615 ut
2412 4564 2554 4618 illius
2580 4566 2730 4617 valor
2754 4565 2987 4618 restitua-

401 4623 507 4693 tur,
540 4633 645 4672 non
678 4633 822 4673 enim
856 4624 1108 4676 dominus
1139 4630 1385 4678 censetur
1417 4626 1557 4677 aliud
1593 4627 1852 4679 damnum
1889 4638 2096 4690 passus,
2132 4628 2223 4691 qui
2254 4631 2299 4678 sl
2333 4629 2481 4689 velit,
2515 4638 2625 4681 rem
2652 4628 2885 4680 similem
2917 4625 2984 4676 fa-

349 4748 357 4759 ,
403 4683 594 4736 cillime
625 4684 820 4735 habere
851 4689 1042 4750 potest.
1075 4711 1139 4725 —
1173 4689 1290 4741 Cod.
1325 4690 1440 4750 etc.,
1477 4691 1577 4742 art.
1612 4690 1726 4753 705,
1761 4693 1874 4744 706.
1910 4706 1970 4727 -—
2003 4690 2058 4742 C.
2092 4690 2137 4741 A
2185 4691 2299 4752 331,
2332 4690 2444 4743 332.
