3292 5167
512 177 640 243 4¹8
1215 152 1226 179 ⁸
1524 192 1636 239 tte.
1686 195 1750 239 ιι.
1798 194 2008 240 mer.
2057 194 2133 238 vt.

509 292 936 377 generalibus,
981 300 1110 356 tum
1151 292 1299 371 quia
1360 290 1464 355 lex
1508 309 1601 356 stc
1642 292 1965 358 intellecta
2013 292 2222 356 adbuc
2282 292 2454 356 favet
2510 293 2935 369 commercio;
2980 295 3077 357 sic

511 377 680 441 enim
728 372 978 437 facilius
1019 386 1407 436 mercatores
1454 375 1787 453 pecuniam
1831 382 2052 437 mutuo
2094 374 2431 452 accipient.

669 456 729 518 2.
760 453 1068 517 Mercator
1109 451 1381 532 quilibet
1421 453 1678 517 videtur
1719 453 1886 534 quod
1935 455 2131 535 possit
2171 457 2433 533 exigere
2474 452 2515 515 6
2555 467 2744 532 supra
2795 452 2907 516 100
2968 470 3087 532 pro

510 537 680 601 omni
729 535 994 614 pecunia
1039 548 1225 613 quam
1273 542 1493 598 mutuo
1537 533 1755 608 tradit,
1804 537 1921 597 etsi
1958 534 2133 597 illam
2164 549 2292 597 non
2328 532 2559 597 babeat
2602 532 2666 594 in
2698 535 3085 597 commercio

510 615 913 680 collocatam:
958 614 1061 675 lex
1102 616 1275 676 enim
1322 630 1446 676 non
1492 614 1852 694 distinguit.
1907 614 1971 677 Si
2016 615 2206 677 aliter
2248 622 2463 690 esset,
2505 614 2700 684 variis
2742 612 3087 678 difficulta-

513 696 786 773 tibuset
830 693 1353 774 perplexitatibus
1397 710 1500 756 res
1543 695 1816 758 obnoxia
1865 694 2062 770 soret3
2104 703 2170 758 et
2212 710 2367 759 sane
2413 710 2536 759 non
2599 703 2862 774 apparet
2907 693 3076 774 quod

510 776 588 843 ad
634 779 752 840 boc
795 777 859 838 in
907 775 1085 856 praxi
1130 772 1515 838 attendatur.
1566 773 1763 855 Gury.

587 856 789 917 619.
832 856 1009 919 Nou
1052 855 1119 918 1:
1176 853 1569 918 Poenitentes
1611 871 1694 918 ex
1738 853 2059 935 plerisque
2102 856 2229 918 imo
2295 854 2430 916 rere
2471 854 2773 918 omnibus
2815 869 3078 935 respon-

513 936 800 1007 sionibus
843 935 903 998 S.
946 934 1008 998 C.
1053 951 1304 1013 semper
1349 938 1547 1013 parati
1595 951 1735 998 esse
1769 935 2006 999 debent
2051 953 2118 999 se
2160 935 2539 999 submittere
2577 935 2823 1014 judicio
2857 932 2918 996 S.
2963 934 3075 998 Se·

509 1017 626 1080 dis.
672 1017 902 1081 Verum
950 1030 1075 1078 non
1121 1024 1270 1077 sunt
1304 1018 1665 1078 necessario
1712 1017 2151 1095 interrogandi
2198 1033 2232 1078 a
2263 1014 2676 1093 confessario,
2720 1013 2945 1078 saltem
2979 1030 3083 1094 ge·

509 1101 784 1161 neratim
853 1095 1169 1174 loquendo
1234 1096 1313 1157 de
1357 1095 1464 1158 tali
1514 1095 1966 1174 dispositione;
2033 1105 2163 1160 tum
2209 1097 2352 1176 quia
2403 1096 2465 1158 id
2513 1113 2639 1159 non
2685 1096 2964 1173 exigitur
3011 1097 3080 1158 in

510 1178 793 1259 prietatis
836 1194 937 1240 res
983 1176 1195 1239 ensis:
1241 1189 1372 1239 tum
1414 1177 1560 1257 quia
1608 1175 2036 1240 confessarius
2077 1192 2467 1257 praesumere
2492 1166 2718 1255 'ldebet
2762 1179 3079 1254 poeniteu-

511 1266 636 1322 tem
682 1194 1176 1337 utpotessonum
1223 1253 1606 1319 catholicum
1656 1257 1720 1319 in
1769 1256 1876 1319 tali
1909 1257 2332 1337 dispositione
2369 1259 2630 1332 versari,
2667 1257 2790 1318 nisi
2825 1253 2902 1316 de
2932 1270 3085 1317 con·

511 1340 707 1402 tratio
750 1346 1011 1401 constet.
1057 1336 1346 1416 Episcopi
1394 1336 1660 1399 Bouvt‘cr
1702 1345 1767 1398 et
1798 1337 1996 1400 Devie.
2033 1368 2106 1384 --
2147 1337 2206 1399 V.
2225 1339 2357 1401 Lib.
2404 1354 2489 1414 w,
2514 1347 2657 1400 tom.
2691 1333 3078 1413 tv‚Appeud.

510 1418 711 1500 quoad
760 1417 1119 1481 libertatem
1156 1432 1490 1480 usurarum
1537 1433 1568 1478 a
1615 1417 1789 1481 civili
1837 1417 1974 1496 lege
2023 1420 2415 1496 permissam.
2582 1470 2589 1475 .

586 1499 759 1562 Nou
801 1499 867 1561 2:
916 1497 1049 1560 Non
1094 1506 1191 1559 est
1234 1497 1634 1560 damnandus
1677 1497 1756 1559 de
1802 1499 2113 1577 injustitia
2147 1498 2393 1562 lucrum
2435 1506 2801 1579 perceptum
2846 1517 2926 1561 ex
2970 1514 3076 1576 pe·

509 1583 694 1644 cunia
740 1588 1019 1641 mutuata
1066 1579 1256 1639 etiam
1322 1576 1668 1656 aliquando
1713 1580 1996 1659 pauperi,
2046 1581 2099 1641 si
2143 1596 2270 1642 non
2320 1584 2598 1659 patiatur
2661 1595 2921 1659 gravem
2968 1594 3078 1642 ne·

510 1664 892 1735 cessitatem,
937 1660 1171 1738 quique
1237 1673 1362 1720 non
1409 1667 1654 1720 temere
1724 1668 1939 1740 sperat
1996 1675 2062 1721 se
2104 1676 2185 1721 ex
2242 1669 2524 1722 mutuata
2592 1663 2853 1738 pecunia
2921 1658 3087 1722 adeo

508 1739 771 1803 divitem
813 1754 1177 1814 evasurum,
1221 1746 1289 1800 ut
1330 1747 1565 1800 sortem
1611 1755 1752 1802 cum
1798 1740 2128 1802 moderato
2172 1742 2456 1803 auctario
2503 1739 2690 1802 facile
2737 1741 3081 1804 restituere

510 1822 736 1901 possit;
786 1830 935 1883 tunc
979 1834 1104 1880 non
1152 1826 1336 1898 urget
1378 1817 1541 1881 ratio
1587 1823 1868 1899 gratuite
1913 1820 2242 1882 mutuandi
2290 1829 2354 1882 et
2399 1820 2482 1883 ita
2528 1823 2741 1900 praxis
2787 1820 2998 1884 habet.

588 1900 924 1974 ⁴321).st
969 1901 1023 1962 4.
1065 1898 1223 1973 Quid
1264 1900 1330 1963 in
1363 1898 1571 1973 dubio,
1619 1917 1705 1963 an
1738 1901 2170 1963 mutuatarius
2215 1901 2454 1963 dederit
2485 1903 2714 1980 oratis,
2764 1903 2998 1966 necne?

587 1981 660 2043 R.
709 1980 947 2042 Poterit
990 1989 1288 2043 mutuans
1333 1980 1550 2041 datum
1595 1981 1751 2043 sibi.
1791 1981 2093 2057 retinere,
2146 1982 2197 2058 si
2244 1981 2405 2043 bona
2454 1981 2579 2044 flde
2635 1986 2974 2062 acceperit,
3014 1987 3082 2043 et

515 2060 782 2125 dubium
817 2070 1028 2141 postea
1063 2061 1542 2140 supervenerit3
1584 2064 1730 2140 quia
1779 2061 2007 2129 melior
2049 2070 2148 2124 est
2190 2060 2472 2124 conditio
2516 2062 2924 2141 possidentis.
2968 2058 3079 2123 Se-

511 2157 625 2206 cns
667 2157 819 2203 vero
865 2141 914 2202 si
962 2141 1278 2222 acceperit
1322 2156 1461 2202 cum
1511 2141 1644 2219 ipso
1708 2140 1946 2215 dubi03
2016 2145 2159 2221 quia
2208 2152 2359 2204 tunc
2404 2142 2709 2221 nequibat
2772 2143 3083 2205 inchoare

511 2223 976 2303 possessionem
1025 2224 1116 2283 rei
1162 2220 1408 2295 alienae,
1451 2223 1728 2283 maxime
1771 2237 1910 2284 cum
1958 2221 2023 2282 in
2060 2221 2253 2285 dubio
2297 2225 2718 2285 mutuatarius
2762 2222 3077 2301 regulari·

514 2312 609 2366 ter
654 2303 951 2382 praesumi
998 2301 1226 2365 debeat
1267 2300 1518 2363 dedisse
1562 2311 1817 2377 coacte3
1886 2300 2242 2364 difficiliter
2291 2305 2460 2365 enim
2533 2304 2822 2366 homines
2863 2302 3078 2367 solent

512 2398 619 2447 sua
666 2387 864 2461 gratis
906 2381 1187 2460 elargiri.
1232 2380 1525 2443 Ceterum
1573 2383 1636 2443 in
1685 2380 1823 2444 foro
1867 2389 2134 2444 externo
2178 2383 2282 2461 qui
2329 2399 2556 2446 usuras
2590 2382 2891 2463 persolvit
2930 2396 3067 2444 nun

512 2473 877 2539 conventas,
922 2464 1143 2542 nequit
1186 2461 1459 2539 amplius
1502 2461 1758 2525 easdem
1804 2463 1921 2524 sibi
1971 2471 2279 2543 repetere.
2329 2462 2532 2527 Codeta
2563 2466 2704 2538 civ„
2732 2471 2849 2527 art.
2882 2461 3071 2537 18:303

516 2542 891 2687 1ΟῃὲιΛὶθξκ
930 2576 1002 2588 —
1056 2543 1115 2605 C.
1154 2540 1224 2605 G.
1264 2542 1450 2619 19053
1493 2576 1571 2587 -
1618 2541 1681 2604 C.
1718 2540 1779 2605 S.
1810 2543 1996 2617 17773
2025 2576 2100 2589 —-
2141 2542 2203 2605 G.
2236 2544 2302 2606 P.
2334 2544 2517 2619 160&
2559 2577 2638 2592 -
2670 2544 2730 2607 G.
2762 2543 2846 2609 Μ.
2877 2541 3070 2619 17t8,

712 2632 774 2686 et
822 2639 993 2702 seqq.

588 2701 788 2766 021.
834 2704 1143 2764 Casum
1187 2701 1487 2765 Libanius
1530 2710 1846 2766 mercator
1903 2703 2244 2766 inveniens
2286 2705 2608 2783 egregiam
2675 2704 3075 2767 occasionem

507 2798 806 2862 magnum
853 2783 1245 2863 percipiendi
1295 2783 1561 2855 lucrum,
1601 2785 1655 2846 si
1717 2782 2020 2863 quasdam
2089 2798 2334 2846 merces
2378 2793 2736 2924 opportune
2799 2793 2970 2845 emat
3006 2791 3079 2847 et

512 2863 771 2939 vendat,
804 2863 913 2926 sed
959 2879 1183 2926 carens
1228 2865 1581 2927 necessaria
1616 2864 1909 2943 pecunia,
1938 2872 2165 2943 sponte
2200 2864 2389 2927 offert
2466 2873 2690 2926 aterno
2719 2864 2759 2927 8
2790 2880 2903 2944 pro
2938 2862 3076 2937 too,

506 2945 560 3007 si
603 2960 830 3007 aureos
873 2943 994 3005 sibi
1040 2951 1260 3008 mutuo
1304 2944 1454 3006 dare
1498 2943 1672 3006 velit.
1717 2943 1982 3024 Accepta
2035 2946 2321 3022 pecunia,
2364 2943 2667 3007 Libanius
2694 2944 2776 3008 20
2814 2960 2930 3023 pro
2959 2942 3079 3007 {00

507 3024 686 3087 mille
729 3024 1029 3087 lucratur.
1073 3023 1277 3097 Quaer.
1322 3024 1421 3087 Au
1457 3024 1645 3086 liceat
1685 3025 2046 3087 auctarium
2073 3025 2281 3102 majus
2311 3026 2591 3104 accipere
2620 3042 2699 3087 cm
2733 3032 2949 3086 mutuo
2972 3039 3078 3102 pc·

506 3106 708 3167 caniat
749 3107 993 3185 quando
1033 3105 1462 3169 mutuatarius
1506 3104 1755 3166 lucrum
1796 3103 2070 3169 notabile
2111 3112 2206 3167 est
2244 3112 2413 3167 certo
2451 3104 2919 3185 percepturus?

585 3185 653 3247 R.
690 3184 886 3264 Negat
914 3187 1230 3249 sententia
1276 3186 1651 3261 communis,
1693 3185 1837 3263 quia
1884 3184 2099 3248 nuilus
2169 3185 2389 3249 titulus
2442 3187 2588 3249 huic
2641 3185 2924 3249 auctario
2986 3179 3078 3246 fa·

506 3273 631 3328 vet.
671 3262 833 3329 Sunt
874 3275 1084 3330 tamen
1129 3266 1236 3345 qui
1281 3264 1341 3328 id
1389 3281 1515 3328 non
1562 3263 1868 3329 damnant
1910 3268 1977 3328 in
2022 3280 2171 3329 casu
2206 3264 2574 3345 particulari
2619 3265 2746 3339 ubi,
2776 3266 2858 3327 de
2900 3269 3080 3327 certo

508 3352 573 3407 et
618 3346 881 3408 notabili
927 3345 1356 3409 emolumento
1418 3354 1665 3424 agatur,
1711 3347 1858 3425 quia
1902 3344 1983 3409 de
2025 3343 2177 3410 Jure
2223 3345 2497 3409 naturali
2579 3347 2687 3425 qui
2735 3346 2846 3408 tibi
2892 3345 3083 3407 offert

506 3425 787 3488 medium
835 3426 1113 3490 notabile
1160 3427 1404 3490 lucrum
1443 3425 1865 3505 percipiendi,
1909 3425 2068 3489 illud
2116 3436 2323 3490 tecum
2368 3424 2660 3489 dividere
2707 3433 2931 3506 potest.
2964 3424 3081 3487 De-

505 3503 760 3569 ficiente
802 3506 930 3569 alio
977 3506 1180 3582 titulo,
1223 3508 1403 3570 adest
1443 3505 1667 3569 saltem
1701 3504 1904 3569 libera
1935 3514 1999 3569 et
2036 3505 2222 3586 plena
2265 3508 2631 3570 mutuatarii
2663 3506 3074 3582 condonatio,

550 3587 613 3648 ui
660 3584 834 3649 nulla
882 3589 1278 3664 necessitate,
1321 3595 1390 3650 ut
1430 3587 1812 3667 supponitur
1858 3591 2209 3667 praemitur.
2258 3586 2346 3649 Ita
2384 3586 2702 3650 Kenrick:
2746 3602 3078 3649 consensus

537 3666 774 3747 inquit)
818 3667 1038 3729 vitium
1082 3667 1257 3730 tituli
1299 3673 1502 3730 sanat.
1544 3700 1624 3712 —
1668 3667 1730 3730 V.
1773 3664 1967 3746 Gury,
2014 3666 2233 3743 Casus,
2272 3677 2315 3730 t.
2361 3684 2405 3743 1,
2450 3683 2510 3729 n.
2553 3667 2691 3732 905.

584 3745 798 3808 θῦε.
843 3747 1121 3808 Usus-a
1159 3744 1593 3808 menti-list
1637 3749 1689 3809 si
1736 3763 1924 3810 usura
1968 3748 2058 3810 sit
2095 3764 2253 3826 pure
2306 3748 2619 3823 mentalis,
2679 3745 2841 3810 nibil
2889 3745 3075 3808 resti-

508 3828 815 3891 tuendum
857 3836 972 3902 est,
1014 3842 1157 3892 cum
1203 3827 1367 3891 nibil
1412 3828 1495 3890 sit
1530 3836 1894 3905 receptum
1936 3828 2044 3892 sed
2091 3828 2351 3905 sufficit,
2373 3844 2441 3891 se
2488 3828 2805 3906 poenitere
2835 3824 2915 3889 ob
2944 3840 3072 3887 ma·

505 3906 628 3971 lam
675 3908 1090 3972 voluntatem.
1133 3907 1196 3971 Si
1242 3914 1394 3970 v‘ero
1437 3922 1627 3970 usura
1672 3909 1756 3970 sit
1797 3908 2113 3984 mentalis,
2162 3907 2451 3972 resolve:

665 3989 726 4067 1)
769 3988 832 4051 Si
881 4005 1069 4052 usura
1116 3987 1412 4052 mentalis
1457 4003 1523 4050 se
1569 3987 1761 4050 babet
1800 4005 1880 4053 ex
1925 3998 2103 4068 parte
2149 3990 2506 4069 utriusque,
2548 3989 2634 4050 ita
2678 3993 2749 4050 ut
2776 3993 3078 4049 mutuans

502 4068 750 4133 lucrum
796 4073 1065 4150 accipiat
1108 4078 1405 4149 tanquam
1453 4069 1729 4148 pretium
1777 4071 2003 4145 mutui,
2045 4079 2110 4133 et
2150 4069 2575 4133 mutuatarius
2619 4075 2690 4130 ut
2726 4065 2850 4129 tale
2879 4066 3076 4128 etiam

503 4149 843 4229 persolvat,
886 4160 1059 4213 certe
1104 4149 1351 4213 lucrum
1407 4148 1877 4213 restituendum
1926 4159 2042 4226 est,
2074 4165 2218 4213 nam
2266 4166 2389 4212 non
2434 4149 2615 4212 adest
2656 4146 2881 4211 titulus
2928 4145 3075 4224 legi·

506 4229 696 4292 timus
742 4230 1087 4307 retinendi,
1131 4238 1198 4293 ut
1239 4229 1692 4310 supponimus3
1735 4230 1803 4310 2)
1849 4232 1900 4292 si
1946 4246 2135 4294 usura
2182 4230 2482 4293 mentalis
2510 4237 2719 4292 estex
2751 4234 2931 4307 parte
2974 4242 3076 4289 so·

506 4307 628 4371 lius
672 4312 1060 4386 mutuatarii,
1115 4319 1428 4390 quatenus
1500 4311 1618 4373 iste
1682 4309 1791 4373 dat
1835 4311 2081 4374 lucrum
2131 4313 2221 4373 uti
2271 4312 2568 4390 pretium,
2626 4316 2691 4371 et
2754 4314 3079 4399 mutuator

504 4390 734 4467 accipit
777 4391 939 4454 bona
986 4391 1109 4453 fide
1153 4400 1223 4454 ut
1265 4391 1462 4471 gratis
1506 4390 1747 4465 datum,
1796 4392 1900 4454 bic
1945 4406 2072 4454 non
2122 4400 2378 4455 tenetur
2442 4391 2785 4454 restituere
2848 4402 2926 4449 ex
2988 4402 3081 4447 in·

381 4504 390 4511 ·
499 4468 668 4562 justa
713 4472 1097 4550 acceptione,
1140 4471 1250 4535 sed
1298 4480 1542 4534 tantum
1586 4487 1666 4532 ex
1711 4489 1780 4534 re
1818 4479 2106 4552 accepta,
2147 4472 2403 4549 quando
2441 4470 2696 4533 noverit
2756 4476 3079 4531 mutuata·

504 4565 668 4613 rium
716 4565 842 4612 non
887 4554 1086 4629 gratis
1131 4552 1535 4632 praestitisse3
1576 4550 1642 4631 3)
1687 4552 1737 4614 si
1785 4567 1976 4615 usura
2023 4551 2321 4614 mentalis
2357 4561 2455 4615 est
2514 4567 2593 4614 ex
2651 4558 2831 4629 parte
2875 4546 3081 4613 solius

504 4633 876 4705 mutuantis,
922 4640 1233 4710 quatenus
1277 4633 1701 4694 mutuatarius
1741 4630 1998 4694 dederit
2041 4632 2243 4710 gratis
2285 4640 2351 4695 et
2409 4639 2711 4741 mutuans
2754 4628 3083 4708 receperit
