3292 5167
1200 214 1278 260 on
1327 211 1569 260 smoim
2551 192 2578 256 l
2596 190 2676 256 13

228 320 386 385 Extra
428 312 588 383 lianc
635 313 979 384 materiam
1028 315 1206 383 nulla
1255 334 1569 385 censura:
1619 315 1772 383 binc
1821 315 1886 383 in
1936 316 2515 385 sacramentorum
2563 321 2676 383 aut

165 421 674 494 sacramentalium
723 427 791 490 et
836 420 1154 490 similium
1220 422 1795 492 administratione
1842 422 2192 490 simoniam
2262 423 2677 491 committere

167 532 259 602 erit
290 528 527 615 quidem
574 529 1052 613 gravissimum*
1085 537 1466 615 peccatum3
1526 530 1651 600 sed
1698 530 1877 598 nulla
1911 531 2036 598 erit
2072 547 2265 615 poena
2300 530 2576 615 positiva
2628 535 2675 597 ¹.

227 637 374 699 ¹59.
419 637 490 716 Q.
537 637 598 702 2.
655 636 957 716 Quoenam
1000 648 1147 703 sunt
1185 657 1389 723 poenae
1434 649 1655 704 contra
1698 637 2072 704 simoniacos
2116 636 2186 702 in
2229 623 2598 722 Beneficiis?

226 747 277 812 R.
317 741 820 810 praenotandum
870 761 988 828 per
1032 744 1440 813 Beneficium
1489 744 1555 812 in
1605 743 1726 812 bac
1775 742 2052 811 materia
2100 741 2372 826 intelligi
2421 748 2675 808 tantum

161 851 490 923 Beneficium
536 853 1091 937 ecclesiasticum,
1143 871 1568 941 quocumque
1619 826 1891 923 nofline
1939 852 2311 940 appelletur
2380 854 2429 918 ².
2482 852 2673 920 Hinc:

285 962 335 1026 l.
375 961 514 1026 Non
563 960 837 1028 veniunt
883 961 1107 1030 Officia
1155 961 1595 1048 inquisitoris,
1645 962 1870 1047 Legati
1948 961 2045 1029 vel
2080 960 2534 1045 cujuscunque
2566 957 2669 1025 ba-

158 1066 316 1135 bentis
351 1065 878 1151 iurisdictionem
924 1069 1336 1154 spiritualem
1385 1068 1467 1137 ad
1515 1076 1799 1155 tempus,
1835 1075 1907 1137 ut
1947 1067 2314 1139 vicariatus
2341 1065 2673 1152 Episcopi,

155 1173 382 1241 officium
428 1174 882 1257 procuratoris
925 1193 1147 1243 rerum
1191 1175 1528 1258 Ecclesiae,
1580 1181 1743 1244 etc.:
1784 1174 1936 1261 quia
1970 1172 2296 1242 Beneficia
2331 1189 2462 1239 non
2498 1179 2673 1254 sunt,

153 1279 387 1364 quamvis
423 1279 576 1365 jure
629 1279 915 1367 positivo
966 1281 1052 1349 sit
1097 1282 1510 1367 prohibitum
1558 1284 1683 1350 sub
1733 1281 2014 1350 simonia
2061 1298 2136 1350 ea
2184 1278 2485 1360 vendere,
2520 1278 2680 1365 quia

151 1393 265 1453 sunt
302 1386 500 1453 officia
548 1387 1022 1457 ecclesiastica.

279 1495 333 1560 2.
373 1495 515 1561 Non
567 1493 840 1562 veniunt
888 1495 1332 1582 coadjutoriae
1405 1494 1742 1578 Beneficii,
1816 1513 1965 1581 quae
2038 1493 2200 1563 nibil
2263 1490 2440 1559 aliud
2492 1498 2670 1573 sunt,

150 1616 297 1684 qnam
339 1600 640 1685 quaedam
686 1601 1032 1671 facultates
1082 1603 1433 1673 exercendi
1484 1604 1776 1677 officium
1826 1601 2268 1690 proprietarii,
2319 1599 2443 1668 etsi
2507 1616 2669 1667 conv

149 1705 412 1787 cedantur
449 1725 603 1776 cum
646 1707 867 1776 futura
914 1710 1362 1799 successione,
1415 1717 1481 1779 et
1527 1710 1683 1779 licet
1735 1710 1993 1796 possint
2039 1727 2189 1778 esse
2235 1705 2527 1774 materiae
2577 1703 2668 1772 si-

147 1814 354 1881 moniae.
395 1814 948 1909 Nequeveniunt
1011 1816 1408 1902 capellaniae
1477 1834 1609 1884 nou
1666 1816 1989 1885 collativae
2045 1833 2164 1884 seu
2198 1832 2361 1899 pure
2411 1809 2670 1879 laicales

148 1925 229 1985 ant
264 1919 353 2004 pia
398 1920 646 2006 legata3
698 1939 850 1990 nam
897 1916 1342 1992 ecclesiastica
1396 1923 1725 1992 Beneficia
1774 1940 1907 1990 non
1976 1927 2152 1990 sunt.
2220 1923 2361 1987 Imo
2428 1916 2673 1985 nedum

149 2024 468 2095 incurratur
517 2027 737 2114 aliqua
791 2045 1005 2114 prena,
1055 2029 1307 2114 absque
1358 2028 1497 2096 ullo
1547 2029 1850 2098 simoniae
1900 2034 2083 2096 reatu
2132 2031 2412 2112 possunt
2458 2021 2669 2104 vendi,

149 2133 220 2200 vel
254 2133 334 2202 eis
377 2134 797 2203 conditiones
844 2136 1118 2221 apponi3
1167 2154 1319 2204 cum
1387 2154 1604 2222 neque
1675 2136 1888 2205 officia
1958 2134 2409 2204 ecclesiastica
2502 2130 2668 2209 sint3

148 2240 383 2323 quamvis
429 2242 605 2310 enim
654 2242 938 2312 babeant
985 2262 1156 2312 onus
1206 2243 1555 2329 spirituale
1604 2243 1954 2326 adnexum,
2005 2261 2137 2311 non
2210 2248 2429 2308 tamen
2501 2238 2671 2306 refe-

149 2354 264 2413 runt
299 2348 803 2418 ecclesiasticam
867 2350 1385 2419 institutionem:
1436 2369 1635 2437 porro
1692 2350 1805 2418 ubi
1851 2350 2049 2419 verba
2118 2348 2281 2433 legis
2328 2365 2462 2413 non
2510 2360 2672 2413 con-

149 2454 377 2538 veniunt,
423 2474 640 2542 neque
689 2458 835 2543 eius
883 2457 1513 2543 dispositio.locum
1561 2461 1797 2540 habet3
1857 2465 1923 2528 et
1992 2457 2080 2525 ita
2151 2454 2398 2542 pluries
2446 2456 2671 2522 Romae

142 2561 445 2644 iudicatum
492 2564 698 2637 fuisse
749 2565 948 2635 refert
977 2566 1296 2635 Gonzales
1328 2564 1377 2635 ⁸.
1405 2605 1494 2616 —
1521 2570 1773 2650 Quibus
1803 2567 2056 2655 positiS,
2085 2584 2166 2635 en
2204 2579 2419 2651 poenae
2455 2562 2540 2631 ob
2581 2559 2672 2627 si-

149 2670 384 2739 moniam
430 2672 497 2741 in
544 2656 892 2743 Beneficiis
939 2674 1433 2744 ecclesiasticis:
2268 2676 2275 2681 ’

207 2779 436 2845 Primo.-
485 2798 679 2865 poena
727 2788 956 2849 contra
1003 2771 1356 2850 simoniam
1403 2783 1648 2850 realem
1695 2783 1761 2850 in
1803 2779 2277 2851 ecclesiasticis
2325 2772 2674 2844 Beneficiis

149 2891 264 2951 sunt
294 2904 366 2953 ex
412 2887 1019 2956 constitutionibus
1069 2888 1167 2956 Pii
1216 2889 1299 2959 IV
1347 2895 1413 2957 et
1461 2890 1556 2957 Pii
1604 2892 1693 2961 V:
1747 2880 1811 2975 l')
1890 2885 2469 2964 eaecommunicatio,
2522 2897 2672 2967 quae

55 3056 56 3061 ,
150 2990 449 3061 incurritur
493 2994 641 3080 ipso
692 2995 864 3063 facto
912 2996 1111 3094 etiam
1159 3013 1194 3063 a
1245 2997 1821 3083 cooperatoribus,
1868 3003 1935 3065 et
1973 3002 2074 3064 est
2112 2990 2415 3062 Pontifici
2449 3006 2677 3057 reser-

149 3104 274 3181 vata3
315 3102 379 3185 2)
422 3102 683 3170 nullitas
729 3102 1098 3186 electionis,
1151 3104 1706 3189 praesentationis·
1763 3113 1829 3173 et
1901 3101 2237 3172 canonicae
2311 3096 2678 3166 institutio-

150 3205 238 3288 nis,
278 3207 354 3275 ita
398 3216 469 3276 ut
501 3209 597 3278 sic
631 3218 980 3295 promotus
1016 3218 1081 3281 et
1115 3211 1459 3280 institutus
1494 3219 1781 3298 nequeat
1826 3212 2079 3280 fructus
2119 3206 2428 3276 Beneficii
2465 3205 2676 3273 fac-ere

149 3326 299 3393 suos;
340 3315 404 3399 3)
452 3315 828 3385 inhabilitas
879 3324 1197 3404 perpetua
1272 3317 1351 3386 ad
1424 3318 1598 3388 idem
1670 3317 2075 3386 Beneficium
2143 3310 2578 3385 obtinendum
2624 3312 2674 3375 ⁴.

211 3419 490 3488 Secundo.-
538 3430 815 3510 propter
851 3424 1201 3492 simoniam
1259 3424 1797 3494 confidentialem
1870 3424 2007 3492 s'ive
2055 3422 2471 3515 completam,
2540 3416 2677 3485 sive

150 3521 583 3613 incompletam,
632 3531 804 3598 ultra
855 3549 1084 3617 poeuas
1135 3532 1479 3620 impositas
1547 3531 1864 3602 adversus
1935 3530 2197 3611 realem,
2267 3546 2347 3596 ex
2394 3528 2676 3593 Decreto

152 3630 273 3698 Cina
334 3637 612 3704 Primum
678 3655 731 3705 s.
803 3637 900 3704 Pii
968 3641 1043 3720 V,
1123 3638 1484 3707 incurritur
1564 3638 1764 3708 etiam
1851 3637 2126 3724 privatio
2194 3633 2676 3704 Beneficiorum

151 3739 395 3809 omnium
441 3750 631 3812 antea
679 3743 874 3812 etiam
916 3746 1379 3828 obtentorum3
1431 3763 1563 3814 non
1604 3752 1821 3813 tamen
1870 3743 2302 3830 probabiliter
2335 3746 2485 3807 ante
2523 3755 2675 3804 sen-

151 3848 374 3917 tentiam
416 3852 650 3921 saltem
698 3853 992 3922 criminis
1040 3853 1561 3922 declaratoriam.
1612 3856 1681 3922 Si
1748 3862 1965 3922 tamen
2013 3851 2294 3922 simonia
2362 3848 2447 3917 sit
2491 3861 2677 3913 com-

153 3952 310 4024 missa
349 3961 426 4029 ab
472 3960 634 4046 ipsis
697 3961 1255 4030 examinatoribus
1327 3962 1776 4048 synodalibus,
1844 3961 1953 4048 qui
2028 3977 2263 4045 nempe
2333 3952 2680 4035 occasione

157 4064 418 4136 examinis
464 4067 544 4136 ad
591 4068 959 4137 Paroeciam
1001 4068 1248 4155 aliquid
1292 4070 1630 4155 recipiant,
1680 4070 1803 4156 ipsi
1858 4068 2196 4155 privantur
2226 4070 2679 4133 ante.omnem

201 4258 222 4299 ¹
246 4264 502 4328 Euromo.
536 4276 573 4325 ι,
611 4265 740 4316 Cum
770 4264 1057 4317 detestabile
1087 4263 1149 4315 de
1179 4263 1406 4323 simon&
1437 4264 1491 4321 et
1515 4262 1665 4314 Bulla
1694 4261 2059 4313 intollerabilis
2092 4259 2168 4310 Pii
2205 4258 2265 4308 V.
2642 4274 2689 4311 ι

206 4323 228 4362 ²
249 4327 499 4391 Exti-uvaq-
531 4339 567 4378 ιι
601 4329 663 4377 de
694 4329 813 4378 sim.
1557 4327 1580 4364 ⁸
1615 4326 1673 4375 ln
1710 4327 1832 4397 Reg.
1869 4336 1983 4383 vm,
2021 4322 2262 4380 cancell„
2296 4319 2473 4382 glossa
2504 4322 2553 4373 ὅ.

207 4385 228 4425 ⁴
251 4389 454 4441 Dicimus
483 4390 552 4441 ad
582 4391 757 4450 idem,·
791 4399 918 4440 nam
952 4387 1017 4439 ad
1053 4388 1158 4439 alia
1189 4387 1547 4440 ecclesiastiea
1580 4388 1839 4438 Beneficia
1867 4383 2156 4436 obtinenda
2188 4393 2296 4433 non
2331 4381 2389 4432 ut
2409 4382 2680 4441 inhabilis,

165 4446 244 4499 nisi
265 4456 364 4512 post
387 4453 725 4513 seutentiam,
759 4453 820 4502 ut
851 4450 1178 4514 probabilius
1209 4455 1261 4502 et
1293 4451 1633 4501 communius
1668 4449 1858 4500 docent
1888 4446 2218 4509 explicantes
2270 4445 2472 4496 Bullam
2524 4448 2599 4496 Pii
2640 4447 2680 4496 V

167 4508 250 4567 (ubi
271 4514 388 4565 aliud
419 4515 630 4568 videtur
661 4514 838 4571 innui)
871 4513 936 4564 de
965 4513 1082 4564 toro
1112 4512 1363 4573 exterum
1397 4520 1520 4562 cum
1553 4511 1703 4562 Bulla
1755 4520 1939 4563 revera
2000 4508 2051 4558 lo
2092 4510 2251 4560 uatur
2280 4509 2341 4558 de
2388 4511 2492 4560 reis
2524 4509 2687 4558 couvi-

167 4575 249 4625 atis.
273 4576 364 4628 imo
391 4580 476 4643 qui
507 4577 617 4629 alla
647 4575 913 4628 Beneficia
936 4574 1048 4638 jam
1081 4575 1290 4633 babeat,
1326 4575 1550 4626 retinere
1581 4574 1770 4637 potest.
1803 4573 1931 4637 quia
1964 4571 2054 4623 nul
2081 4582 2112 4622 a
2145 4572 2230 4625 lex
2262 4583 2512 4636 expresse
2545 4574 2681 4623 nanc

168 4645 327 4696 {imam
353 4641 462 4705 ipso
490 4641 633 4693 iacto
665 4639 922 4692 decernit.
955 4662 1019 4687 -ι
1058 4638 1111 4689 V.
1145 4636 1373 4701 Lignori,
1409 4635 1543 4701 opus
1571 4638 1728 4696 Mor„
1763 4637 1798 4687 l.
1835 4648 1909 4697 iu,
1943 4649 1995 4687 u.
2035 4636 2139 4686 112.
2498 4660 2503 4667 -
