3292 5167
1160 323 1238 368 nn
1285 323 1486 368 resrts
2628 301 2711 368 73

171 437 273 485 non
310 428 523 501 potest.
568 419 695 482 Alii
741 438 776 484 e
818 424 1143 486 contrario
1190 422 1250 484 id
1297 401 1585 486 absolute
1648 422 2054 502 permittunt,
2097 422 2198 484 vel
2244 422 2322 485 ob
2389 422 2716 503 publicam

170 501 491 573 utilitatem,
532 500 633 562 vel
678 501 758 564 ob
804 502 1052 564 timoris
1111 504 1325 582 gravis
1369 503 1606 578 damni,
1672 503 1771 564 vel
1817 502 1896 564 ob
1944 507 2267 582 vigentem
2316 520 2434 565 nec
2496 520 2714 583 repro·

174 593 345 647 natam
385 582 932 645 consuetudinem.
978 583 1108 645 Hoc
1155 584 1325 646 valet
1368 586 1561 647 etiam
1608 582 1689 645 de
1732 585 1969 646 nautis,

233 665 319 726 An
356 679 490 724 vero
533 663 725 725 liceat
764 665 988 726 molere
1030 666 1097 728 in
1139 664 1344 744 festis,
1392 664 1501 726 alii
1548 679 1691 725 cum
1736 662 2023 726 Sancbez
2066 663 2407 738 affirmant,
2451 667 2502 725 si
2552 664 2720 728 mola

174 760 303 824 aqua
341 742 433 804 vel
479 753 672 807 vento
717 744 1046 807 volvatur:
1092 747 1235 825 quia
1315 754 1464 808 tunc
1510 747 1876 823 cooperatio
1941 746 2221 806 bominis
2288 745 2535 806 modica
2583 753 2717 807 est:

176 827 278 888 imo
312 822 413 885 alii
456 835 599 885 cum
644 823 855 900 Croix,
896 827 1050 888 satis
1082 825 1500 905 probabiliter
1545 824 1790 902 dicunt,
1833 827 2000 904 quocl
2048 823 2304 903 quando
2350 826 2725 904 cooperatio

176 906 414 968 hominis
455 914 554 968 est
596 905 868 979 modica,
914 923 1041 969 non
1086 910 1172 970 sit
1217 907 1537 977 illicitum,
1570 904 1797 968 saltem
1842 908 2145 987 graviter,
2187 906 2381 968 etiam
2425 921 2565 967 cum
2618 906 2720 967 be·

181 984 584 1077 suis-molere.
627 985 709 1084 At
752 985 1147 1081 Lambertini
1192 988 1252 1049 id
1285 987 1606 1112 permittit
1652 995 1899 1058 tantum
1930 1004 2010 1050 ex
2054 990 2465 1062 necessitate,
2507 986 2608 1048 vel
2647 1002 2728 1047 ex

177 1066 420 1145 legitima
466 1065 725 1128 inducta
774 1067 1240 1131 consuetudine
1318 1117 1332 1131 .

253 1201 420 1263 non.
470 1204 540 1282 Q.
594 1203 655 1268 3.
708 1203 872 1282 Quid
914 1204 1243 1280 dicendum,
1285 1205 1357 1271 ae
1402 1177 1688 1292 operibus
1737 1203 2090 1270 liberalibus
2135 1202 2205 1268 in
2247 1202 2468 1287 sestis?

252 1311 311 1376 R.
354 1308 559 1393 Opera
608 1309 902 1378 liberalia
948 1312 1123 1380 nulla
1171 1313 1316 1399 lege
1356 1314 1795 1399 probibentur
1841 1311 2076 1379 diebus
2126 1310 2332 1391 festiS,
2387 1318 2454 1378 et
2490 1310 2737 1395 ubique

191 1417 355 1483 etiam
397 1434 430 1482 a
478 1417 805 1486 timoratis
855 1430 1266 1489 exercentur.
1318 1423 1531 1502 Quare
1578 1420 1838 1489 licebit:
2565 1471 2574 1474 -

335 1526 386 1589 l.
433 1524 806 1609 Disputare,
855 1525 1117 1609 docere,
1167 1529 1647 1615 cujuscumque
1702 1527 2001 1596 scientiae
2045 1524 2268 1594 studio
2319 1542 2589 1610 operam
2630 1543 2744 1616 na-

188 1649 327 1712 vare,
369 1632 786 1715 concionari,
838 1635 1190 1703 advocatos
1239 1637 1608 1717 consulere,
1660 1653 1915 1716 canere,
1968 1635 2405 1701 instrumenta
2486 1632 2739 1700 musica

191 1739 414 1824 pulsare
460 1748 523 1808 et
573 1741 697 1808 alia
746 1742 1006 1825 similia,
1057 1743 1213 1812 licet
1262 1749 1482 1812 omnia
1519 1745 1676 1812 fiant
1711 1743 1791 1810 ad
1826 1743 2086 1809 lucrum
2119 1738 2552 1824 captandum3
2594 1738 2744 1824 quia

192 1846 433 1914 intentio
480 1849 823 1932 operantis
874 1868 1005 1917 non
1059 1858 1270 1918 mutat
1318 1851 1541 1936 operis
1595 1857 1916 1930 naturam,
1967 1866 2048 1916 ex
2094 1845 2431 1932 Angelico.

347 1957 402 2021 2.
449 1954 776 2038 Scribere,
831 1967 894 2024 et
928 1957 993 2024 in
1028 1959 1458 2043 probabiliori
1511 1965 1576 2026 et
1616 1955 2158 2026 communissima
2193 1953 2519 2022 sententia
2555 1950 2752 2018 etiam

198 2062 599 2130 transcribere
615 2087 635 2142 3
686 2081 838 2130 cum
886 2072 1250 2151 utrumque
1299 2067 1622 2134 referatur
1658 2063 1740 2130 ad
1787 2064 2029 2130 mentis
2083 2060 2636 2142 instructionem,
2689 2066 2755 2126 et

204 2169 386 2252 praxis
432 2171 686 2255 probet.
740 2172 969 2241 Plures
1020 2173 1376 2242 admittunt
1415 2175 1614 2241 etiam
1651 2182 1839 2240 notas
1881 2155 2644 2244 musicales’efformare,
2682 2185 2755 2235 ac

204 2277 374 2345 libros
421 2280 480 2346 in
528 2280 935 2349 bibliotheca
986 2282 1313 2351 ordinare.
1544 2289 1551 2300 “

355 2386 408 2451 3.
454 2386 950 2456 Delineationes
1000 2389 1355 2472 artificum,
1394 2409 1448 2456 v.
1500 2406 1575 2473 g.,
1611 2388 2149 2467 architectorum,
2196 2386 2548 2472 pictorum,
2590 2382 2763 2452 scul-

208 2499 474 2577 ptorum,
523 2494 904 2578 fabrorum,
955 2504 1127 2578 etc.,
1178 2498 1245 2564 in
1294 2498 1515 2565 charta
1567 2514 1834 2564 exarare
1883 2495 2107 2580 (vulgo
2169 2493 2555 2577 diseqnare);
2607 2489 2764 2574 quia

207 2599 264 2667 in
322 2601 433 2668 boc
479 2602 687 2687 magis
738 2621 934 2688 quam
985 2622 1271 2690 corpus,
1321 2624 1510 2673 mens
1558 2614 1924 2672 exercetur.
1975 2604 2262 2688 sculpere
2309 2607 2531 2667 autem
2582 2613 2765 2665 com-

208 2709 458 2775 muniter
520 2710 698 2778 inter
743 2712 1001 2780 servilia
1051 2713 1457 2796 amandatur,
1507 2714 1742 2780 saltem
1794 2712 1858 2779 in
1909 2710 2351 2778 aestimatione
2402 2706 2766 2773 hominum.

274 2812 453 2878 1⁰⁶2·
492 2818 566 2897 Q.
615 2820 672 2883 Ιι.
716 2819 818 2885 An
866 2820 1042 2887 liceat
1079 2821 1358 2907 pinqere,
1406 2822 1794 2888 characteres
1842 2819 2143 2885 collocare
2189 2828 2242 2882 et
2291 2832 2654 2900 componere
2702 2812 2772 2877 in

210 2917 351 3000 [estis
389 2920 639 2989 diebus?

276 3030 338 3095 R.
380 3030 472 3097 Ad
521 3036 593 3099 l:
647 3035 925 3119 Pingere
973 3037 1392 3106 communius
1427 3036 1668 3103 docent
1703 3051 1853 3101 cum
1895 3033 2159 3108 Suarez,
2195 3026 2495 3126 ⁸Sancbez
2531 3034 2596 3091 et
2631 3022 2770 3090 Sal-

218 3138 700 3208 manticensibus
753 3159 899 3209 esse
950 3135 1119 3228 opu‘s
1167 3143 1447 3223 servile;
1491 3143 1616 3210 hoc
1650 3142 1825 3208 enim
1878 3137 2153 3222 requirit
2202 3134 2530 3202 actionem
2572 3137 2773 3197 mate·
2835 3155 2845 3165 ·

220 3243 428 3312 rialem.
484 3248 615 3316 Sed
664 3251 824 3318 satis
875 3252 1307 3337 probabiliter
1355 3258 1594 3336 negant
1629 3254 1935 3334 Layman,
1972 3248 2076 3328 Sa,
2113 3243 2368 3323 PalauS,
2405 3237 2780 3321 Roncaglia,

223 3352 536 3425 Anacletus
587 3364 652 3426 et
702 3359 1056 3431 Holzman:
1109 3363 1379 3447 pingere
1429 3358 1843 3446 probabilius
1876 3354 2135 3422 videtur
2169 3367 2316 3418 esse
2350 3349 2520 3415 actio
2558 3342 2780 3413 media

224 3465 274 3523 et
314 3467 691 3547 communis,
744 3484 894 3534 cum
957 3478 1087 3536 tam
1134 3485 1169 3534 a
1219 3463 1425 3537 servis
1475 3469 1675 3554 qu'am
1725 3484 1758 3531 a
1811 3461 2035 3531 liberis
2086 3462 2464 3542 usurpetur.
2629 3529 2634 3534 ,

291 3569 391 3635 Vel
460 3572 816 3642 dicendum
890 3579 1105 3663 potius
1167 3597 1335 3664 opus
1385 3575 1674 3655 liberale,
1725 3579 2052 3658 qua-tenus
2104 3564 2311 3634 tendit
2360 3561 2439 3627 ad
2491 3560 2786 3627 animum

227 3681 618 3748 recreandum
650 3737 667 3764 ,
727 3694 792 3752 et
840 3688 1046 3770 magis
1095 3688 1161 3754 in
1211 3705 1290 3754 eo
1341 3704 1527 3753 mens
1578 3689 1911 3767 operetur,
1962 3693 2158 3761 quani
2207 3690 2442 3740 manus
2492 3670 2548 3733 ²:
2607 3664 2787 3751 quod

230 3783 456 3863 quidem
494 3791 863 3860 extendunt
911 3812 1178 3880 quoque
1227 3792 1307 3859 ad
1355 3800 1563 3860 artem
1612 3784 2154 3872 fotographicam,
2202 3779 2323 3846 etsi
2364 3785 2462 3844 tot
2500 3788 2789 3859 appara-

230 3895 313 3957 tus
354 3900 803 3983 praerequirat.
862 3903 1214 3988 Excipiunt
1265 3909 1480 3969 tamen
1530 3899 1785 3981 tingere
1825 3909 2099 3980 pannOS,
2133 3886 2439 4001 dealbare
2464 3879 2793 4001 ‘parietes'

232 4000 487 4073 colorare
534 4025 813 4093 asseres,
865 4031 1014 4099 quae
1066 4033 1129 4080 in
1180 4028 1512 4079 communi
1567 4009 2007 4073 aestimatione
2046 4003 2217 4065 inter
2260 3990 2534 4061 servilia.
2570 4004 2792 4054 recen-

244 4446 452 4510 imagines
503 4449 588 4498 vel
642 4444 977 4517 exemplaria
1026 4454 1145 4513 acu,
1181 4445 1241 4491 ut
1271 4438 1444 4488 solent
1475 4414 2799 4544 ίιιόιιὲιιῗῶιὲεὲδιῧιιίἓιέἒὶίιξζέοειῑιῐὲῒῖἱιιᾶᾞιὶλιῑῐόῗῗῑδέὶῗῖ

246 4507 1456 4634 mittit?Saqvffigrgggssganagugzirilffigglntelsffaffi
1488 4506 1784 4629 gualgani,
1822 4550 1908 4599 vel
1929 4526 2421 4620 ‘utotiumlugiant
2452 4540 2541 4588 Hic
2564 4534 2796 4586 maxime

250 4632 463 4686 videndus
480 4586 630 4688 ³{isus
662 4635 969 4695 regionum
1003 4632 1056 4681 et
1087 4629 1132 4678 si
1165 4624 1479 4677 scandalum
1512 4619 1732 4671 oriatur.
1767 4639 1831 4649 —
1890 4612 1942 4661 V.
1997 4610 2223 4672 Liguon,
2263 4607 2398 4666 Opus
2432 4601 2580 4659 Mor„
2634 4597 2667 4646 l.
2726 4606 2799 4652 ιιι,

252 4704 322 4746 nn.
348 4699 430 4749 280
448 4700 497 4750 et
528 4701 643 4752 283.
