3292 5167
1299 185 1377 230 ne
1425 182 1564 228 rins
2613 161 2740 228 627

325 293 386 385 ².-
435 290 692 358 Fal-sam
727 280 1435 375 Reliqibnemprofiteri.
1471 290 1610 356 Hoc
1645 286 1822 357 enim
1858 296 1959 371 est
1999 286 2357 356 manifeste·
2384 304 2555 356 verae
2592 285 2743 354 fidei

149 397 513 466 valedicere
531 420 550 476 ;
599 410 749 462 cum
798 392 976 461 nulla
1030 393 1243 479 possit
1289 412 1439 463 esse
1487 393 1842 462 conventio
1893 393 2073 461 inter
2133 394 2350 465 lucem
2423 404 2498 461 a'c
2570 400 2745 461 tene-

150 507 324 575 braS.
377 506 540 573 Hinc
590 502 873 590 graviter
919 511 1150 589 peccat
1197 510 1426 573 contra
1476 502 1672 571 fidem
1744 501 1880 587 qui,
1929 519 1963 567 a
2007 503 2240 587 quovis
2300 488 2747 588 interrogatus

153 613 233 682 de
273 631 393 681 sua
441 611 779 697 Religione
826 610 1283 696 responderet,
1332 628 1404 678 se
1452 627 1600 678 esse
1643 615 1897 689 turcam
1932 607 2029 676 vel
2063 607 2385 694 judaeum,
2433 615 2550 675 aut
2595 624 2749 693 gen-

154 719 374 800 tilem;
423 718 576 805 quia
626 718 752 786 hoc
799 717 944 803 ipso
994 724 1264 803 negaret
1312 735 1384 786 se
1445 735 1592 786 esse
1659 715 2111 784 christianum.
2181 717 2408 802 Neque
2476 721 2748 783 excusat

152 827 353 914 timor
401 826 672 908 mortis3
723 844 874 895 cum
915 824 1076 893 illud
1115 842 1454 910 nunquam
1488 823 1702 905 liceat,
1741 822 1921 909 quod
1954 822 2313 897 intrinsece
2346 822 2591 890 malum
2625 831 2746 890 est.

327 936 388 1003 3.
423 936 681 1002 Falsum
732 933 1108 1019 Retiyionem
1146 933 1486 999 simulare:
1520 949 1672 999 cum
1705 931 1987 998 minime
2018 930 2299 1011 intersit,
2341 936 2565 998 utrum
2599 929 2747 1014 quis

152 1040 354 1111 verbo
395 1041 629 1127 potius
678 1058 756 1107 an
796 1023 968 1108 facto
1007 1040 1383 1120 mentiatur,
1421 1038 1663 1107 iccirco
1704 1037 1940 1108 eodem
1979 1044 2317 1124 praecepto
2354 1055 2484 1122 quo
2531 1036 2748 1122 prohi-

154 1148 394 1215 bemur
441 1146 635 1215 fidem
688 1147 981 1215 exterius
1030 1163 1290 1231 negare,
1343 1145 1776 1231 prohibemur
1824 1145 2020 1213 etiam
2060 1144 2290 1213 falsam
2338 1144 2746 1229 Religionem

154 1272 619 1341 quamcunque
693 1254 1005 1322 simulare
1039 1252 1275 1335 verbis,
1309 1251 1763 1337 factiS,signis
1824 1259 1935 1319 aut
1968 1252 2091 1319 alia
2141 1252 2434 1336 qualibet
2468 1251 2745 1333 ratione,

157 1360 422 1429 dicente
470 1360 764 1428 Christo:
820 1361 940 1441 Qui
980 1379 1078 1427 me
1125 1360 1437 1427 erubuerit
1481 1371 1539 1426 et
1572 1378 1737 1426 meos
1767 1379 2095 1441 sermoneS,
2130 1360 2292 1426 hunc
2323 1359 2526 1425 Filius
2557 1357 2752 1425 homi-

164 1469 264 1534 nis
309 1468 634 1550 erubescet,
682 1480 840 1533 cum·
869 1468 1100 1533 venerit
1145 1467 1215 1533 in
1260 1466 1581 1552 majestate
1624 1485 1743 1533 sua
1792 1466 1838 1532 ¹.
1904 1464 2059 1534 Ideo
2127 1465 2343 1532 omnis
2414 1464 2747 1532 simulatio

151 1574 220 1643 in
275 1575 480 1643 rebus
529 1572 886 1658 Religionis
935 1572 1069 1641 sive
1116 1572 1196 1640 ad
1245 1572 1441 1642 fidem
1491 1573 1627 1641 sive
1678 1572 1756 1640 ad
1807 1590 2025 1641 mores
2086 1578 2412 1658 spectent,
2486 1587 2751 1655 semper

162 1689 260 1751 est
308 1679 732 1761 detestanda3
785 1679 892 1765 qui
945 1681 1120 1747 enim
1169 1697 1242 1749 ea
1293 1681 1520 1762 utitur,
1571 1679 1743 1748 facto
1779 1678 2072 1747 ostendit
2106 1697 2179 1747 se
2213 1698 2366 1747 esse
2401 1679 2581 1746 falsae
2619 1679 2745 1744 Re-

154 1788 422 1875 ligionis
471 1794 888 1858 sectatorem.
940 1790 1021 1857 Ut
1070 1788 1247 1855 enim
1296 1787 1491 1856 babet
1538 1787 2070 1873 Angelicusz-Ad
2114 1789 2401 1855 virtutem
2472 1786 2751 1854 veritatis

160 1899 454 1984 pertinet,
503 1910 568 1963 ut
615 1897 754 1982 quis
799 1897 985 1964 talem
1029 1915 1094 1963 se
1138 1896 1422 1963 exhibeat
1466 1895 1744 1963 exterius
1780 1916 1897 1983 per
1941 1896 2127 1982 siyna
2169 1896 2485 1962 exteriora
2547 1895 2752 1979 qualis

152 2016 276 2083 est;
320 2005 509 2090 siqua
552 2016 757 2070 autem
784 1982 1105 2070 exteriora
1134 2023 1260 2070 non
1303 2004 1505 2070 solum
1548 2015 1697 2069 sunt
1746 2005 1967 2085 verba,
2004 2003 2110 2071 sed
2138 2004 2324 2071 etiam
2359 2004 2560 2088 sacta.-
2593 2003 2752 2068 sicut

154 2130 296 2197 erqo
351 2114 606 2179 veritate
651 2114 1002 2198 opponitur,
1050 2111 1213 2196 quod
1256 2111 1487 2197 aliquis
1542 2129 1661 2197 per
1726 2110 1912 2178 verba
1978 2112 2294 2178 exteriora
2337 2106 2514 2177 uliud
2556 2108 2751 2196 siqni—

154 2222 317 2307 ficat,
371 2238 562 2304 quam
605 2220 769 2305 quod
815 2221 989 2286 habet
1034 2219 1204 2310 apud
1247 2240 1329 2301 se,
1363 2219 1528 2305 quod
1553 2218 1640 2285 'ad
1675 2219 2065 2286 mendacium
2090 2219 2355 2306 pertinet
2373 2245 2398 2298 ;
2442 2220 2531 2285 ita
2564 2218 2749 2284 etiam

157 2328 492 2417 opponitur
535 2328 806 2410 veritati,
851 2326 1013 2412 quod
1057 2328 1287 2412 aliquis
1324 2346 1441 2414 per
1485 2328 1704 2411 aliqua
1740 2327 1925 2413 siqua
1954 2328 2263 2412 factotum
2296 2327 2392 2393 vel
2419 2346 2630 2393 rerum
2668 2326 2750 2393 si·

157 2437 406 2521 ynificet
452 2436 839 2502 contrarium
885 2436 1018 2521 ejus
1061 2434 1224 2522 quod
1267 2436 1335 2502 in
1381 2454 1448 2501 eo
1481 2447 1585 2519 est,
1619 2435 1782 2521 quod
1807 2436 2060 2523 proprie
2086 2435 2405 2501 simulatio
2438 2432 2669 2500 dicitur
2699 2433 2749 2500 ².

248 2543 419 2611 Hinc
469 2543 708 2611 merito
759 2542 1043 2610 damnati
1094 2542 1362 2610 fuerunt
1410 2543 1742 2626 libellatici,
1796 2542 1905 2628 qui
1958 2559 2195 2629 nempe
2243 2541 2631 2610 obtinebant
2679 2540 2785 2607 Ιί-κ

159 2648 382 2716 bellos
431 2649 826 2730 securitatis,
879 2667 955 2717 ex
1007 2648 1250 2734 quibus
1299 2666 1415 2717 eos
1471 2648 1665 2717 idolis
1714 2649 2121 2718 sacrificasse
2170 2648 2535 2728 constabat,
2573 2645 2751 2731 quod

154 2762 378 2822 tamen
427 2774 652 2824 verum
699 2774 830 2824 non
876 2763 1011 2824 erat
1040 2763 1088 2823 ⁸.
1127 2756 1289 2824 Hinc
1322 2755 1722 2824 Benedictus
1767 2758 1931 2839 xlv,
1975 2755 2464 2824 Constitutione
2498 2758 2604 2822 Ex
2633 2773 2751 2839 quo

153 2862 472 2948 sinqutari
517 2881 687 2931 anno
743 2867 936 2945 ¹742,
1014 2862 1386 2946 declaravit,
1461 2882 1590 2932 non
1643 2863 1841 2933 licere
1898 2863 2303 2932 -Sinensibns
2377 2862 2751 2931 christianis

170 2976 446 3037 externa
495 2968 898 3037 adorationis
946 2969 1130 3055 signa
1180 2970 1495 3057 exhibere
1544 2970 1744 3053 idolo,
1795 2972 2092 3056 quamvis
2154 2970 2436 3041 intentio
2509 2967 2751 3054 dirige·-

168 3082 358 3145 retur
403 3076 482 3143 ad
533 3095 794 3145 crucem
843 3078 968 3147 sub
1019 3085 1198 3148 veste
1247 3078 1581 3146 latentem.

249 3182 592 3252 Diximus:
647 3184 848 3250 omnis
880 3184 1202 3253 simulatio
1218 3210 1244 3264 ;
1289 3191 1392 3252 est
1440 3183 1611 3251 enim
1666 3199 2039 3267 commune,
2076 3184 2168 3251 fas
2204 3201 2351 3252 esse
2400 3180 2752 3269 aliquando

160 3294 386 3357 tacere
433 3290 774 3359 veritatem
825 3292 1059 3375 verbis,
1109 3291 1337 3359 aliisve
1401 3290 1608 3375 signis
1683 3291 2007 3376 ambiguis
2078 3309 2152 3359 ac
2225 3289 2754 3359 indifferentibus

164 3394 251 3463 ob
276 3396 528 3483 justam
556 3414 840 3479 causam,
868 3398 920 3465 si
958 3398 1143 3487 nulla,
1171 3397 1343 3467 adsit
1377 3397 1739 3466 necessitas
1775 3398 2129 3467 confitendi
2142 3425 2161 3480 3
2203 3415 2353 3466 cum
2388 3405 2545 3466 tunc
2578 3396 2754 3465 nulla

159 3501 556 3571 interveniat
603 3504 928 3590 deceptio,
978 3505 1095 3577 sed
1144 3506 1288 3574 sola
1338 3503 1509 3571 adsit
1559 3503 1972 3591 deceptionis
2024 3505 2396 3592 permissio.

249 3615 454 3680 912.
507 3615 579 3694 Q.
628 3614 687 3681 3.
738 3616 839 3681 An
885 3615 1060 3680 liceat
1104 3614 1287 3700 fidem
1332 3600 1658 3696 occultare,
1692 3612 1827 3700 ipso
1858 3614 1953 3679 vel
1998 3626 2267 3701 tempore
2305 3613 2757 3700 persecutionis

158 3718 422 3806 supere?
516 3736 525 3749 ·

252 3834 323 3899 R.
373 3828 470 3897 Ad
521 3833 575 3897 1.
625 3830 770 3897 Non
804 3825 957 3895 licet
989 3825 1183 3895 fidem
1225 3828 1561 3896 occultare
1602 3827 1867 3913 queties
1907 3834 2099 3912 urget
2132 3833 2546 3913 praeceptum
2577 3825 2754 3893 illam

165 3940 459 4015 exterius
508 3936 902 4018 confitendi;
953 3944 1110 4004 tunc
1157 3935 1491 4005 occultare
1538 3935 1737 4003 fidem
1785 3935 1961 4004 idem
2016 3944 2196 4004 esset
2243 3952 2317 4003 ac
2366 3951 2627 4018 negare.
2685 3933 2751 4000 Si

164 4067 324 4120 vero
357 4048 484 4115 boc
534 4052 943 4133 praeceptum
994 4060 1125 4111 non
1177 4051 1427 4129 urgeat,
1464 4043 1662 4112 fidem
1699 4044 2032 4111 occultare
2068 4039 2420 4127 aliquando
2463 4039 2586 4108 erit
2622 4056 2751 4106 non
2794 4072 2807 4083 ·

136 4162 423 4235 ,tantum
476 4152 896 4239 permissum,
947 4150 1063 4220 sed
1114 4150 1514 4219 conveniens
1564 4168 1638 4218 ac
1688 4150 2175 4231 necessarium,
2224 4165 2306 4215 ne
2355 4145 2608 4214 scilicet
2655 4143 2756 4213 vel

169 4262 369 4332 fidem
417 4260 518 4328 vel
568 4277 690 4329 nos
733 4261 916 4347 ipsos
965 4256 1140 4368 gravi
1187 4256 1481 4343 periculo
1532 4272 1964 4344 exponamus.
2011 4256 2121 4325 Sic
2168 4253 2478 4323 sacerdos
2535 4270 2615 4322 ex
2664 4268 2757 4320 ra-

235 4511 255 4551 ¹
290 4513 414 4565 Luc.
449 4524 522 4564 ix.
552 4536 619 4551 -·
651 4511 880 4573 Lignori,
919 4510 1008 4572 Op.
1047 4510 1205 4570 Mon,
1237 4509 1271 4560 l.
1306 4520 1362 4565 n,
1399 4518 1452 4557 n.
1494 4507 1582 4559 ss).-
1946 4506 1971 4546 2
2002 4509 2050 4557 2.
2088 4509 2138 4565 2,
2173 4517 2225 4569 q.
2261 4507 2368 4564 nt,
2403 4515 2453 4554 a.
2492 4506 2537 4554 1.

235 4575 259 4614 ⁸
291 4574 353 4625 V.
387 4575 559 4626 Scor-ia
587 4575 725 4626 «tetta
759 4573 935 4625 chiesa
962 4573 1108 4624 datta
1138 4584 1235 4622 sua
1264 4570 1571 4632 fondatione
1599 4570 1705 4632 nno
1753 4569 1810 4619 al
1860 4570 2154 4630 pontificato
2201 4567 2254 4617 di
2313 4567 2577 4627 Greaorio·
2612 4566 2755 4617 XIV.

167 4636 392 4701 Torino‚
425 4637 663 4700 uarietti,
699 4648 816 4701 pag.
849 4636 926 4689 st.
958 4659 1022 4673 —-
1054 4635 1297 4696 Salano,
1335 4633 1507 4684 storia
1536 4633 1890 4694 ecclesiastica,
1928 4631 1962 4683 l.
2000 4642 2050 4683 v.
2085 4656 2149 4671 ·-
2172 4629 2533 4694 Rom-bacher,
2565 4629 2758 4682 Storta.
