<?xml version="1.0" encoding="UTF-8"?>
<!DOCTYPE html PUBLIC "-//W3C//DTD XHTML 1.0 Transitional//EN"
    "http://www.w3.org/TR/xhtml1/DTD/xhtml1-transitional.dtd">
<html xmlns="http://www.w3.org/1999/xhtml" xml:lang="en" lang="en">
 <head>
  <title>
</title>
<meta http-equiv="Content-Type" content="text/html;charset=utf-8" />
  <meta name='ocr-system' content='tesseract 3.04.00' />
  <meta name='ocr-capabilities' content='ocr_page ocr_carea ocr_par ocr_line ocrx_word'/>
</head>
<body>
  <div class='ocr_page' id='page_1' title='image "./theologiamorali04scavgoog_0488.png"; bbox 0 0 3292 5167; ppageno 0'>
   <div class='ocr_carea' id='block_1_1' title="bbox 504 271 2484 343">
    <p class='ocr_par' dir='ltr' id='par_1_1' title="bbox 504 271 2484 343">
     <span class='ocr_line' id='line_1_1' title="bbox 504 271 2484 343; baseline 0 -11"><span class='ocrx_word' id='word_1_1' title='bbox 504 271 635 339; x_wconf 72' lang='lat'><strong>478</strong></span> <span class='ocrx_word' id='word_1_2' title='bbox 1243 287 1362 333; x_wconf 76' lang='lat' dir='ltr'><strong>ue.</strong></span> <span class='ocrx_word' id='word_1_3' title='bbox 1411 283 1476 335; x_wconf 87' lang='grc' dir='ltr'><strong>ιι.</strong></span> <span class='ocrx_word' id='word_1_4' title='bbox 1525 288 1742 337; x_wconf 69' lang='grc' dir='ltr'><strong>τιιΑοτ.</strong></span> <span class='ocrx_word' id='word_1_5' title='bbox 1792 286 1893 335; x_wconf 75' lang='lat' dir='ltr'><strong>vn.</strong></span> <span class='ocrx_word' id='word_1_6' title='bbox 1944 287 2096 337; x_wconf 70' lang='lat' dir='ltr'><strong>nise.</strong></span> <span class='ocrx_word' id='word_1_7' title='bbox 2146 286 2210 339; x_wconf 86' lang='grc' dir='ltr'><strong>ιι.</strong></span> <span class='ocrx_word' id='word_1_8' title='bbox 2258 287 2393 343; x_wconf 64' lang='grc' dir='ltr'><strong>(μιν.</strong></span> <span class='ocrx_word' id='word_1_9' title='bbox 2442 287 2484 332; x_wconf 86' lang='grc' dir='ltr'><strong>ι.</strong></span> 
     </span>
    </p>
   </div>
   <div class='ocr_carea' id='block_1_2' title="bbox 484 376 3128 3596">
    <p class='ocr_par' dir='ltr' id='par_1_2' title="bbox 591 376 2309 480">
     <span class='ocr_line' id='line_1_2' title="bbox 591 376 2309 480; baseline -0.003 -17"><span class='ocrx_word' id='word_1_10' title='bbox 591 376 800 467; x_wconf 62' lang='grc' dir='ltr'><strong>θεὴ.</strong></span> <span class='ocrx_word' id='word_1_11' title='bbox 852 393 924 473; x_wconf 85' lang='lat' dir='ltr'><strong>Q.</strong></span> <span class='ocrx_word' id='word_1_12' title='bbox 974 391 1035 459; x_wconf 84' lang='lat'><strong>3.</strong></span> <span class='ocrx_word' id='word_1_13' title='bbox 1068 390 1166 460; x_wconf 81' lang='lat' dir='ltr'><strong>Ad</strong></span> <span class='ocrx_word' id='word_1_14' title='bbox 1210 390 1364 477; x_wconf 77' lang='lat' dir='ltr'><strong>quid</strong></span> <span class='ocrx_word' id='word_1_15' title='bbox 1407 403 1650 459; x_wconf 67' lang='lat' dir='ltr'><strong>emetur</strong></span> <span class='ocrx_word' id='word_1_16' title='bbox 1694 392 1967 480; x_wconf 65' lang='lat' dir='ltr'><strong>injustus</strong></span> <span class='ocrx_word' id='word_1_17' title='bbox 2008 391 2251 460; x_wconf 73' lang='lat' dir='ltr'><strong>occisor</strong></span> <span class='ocrx_word' id='word_1_18' title='bbox 2276 397 2309 459; x_wconf 74' lang='lat'>7</span> 
     </span>
    </p>

    <p class='ocr_par' dir='ltr' id='par_1_3' title="bbox 492 494 3128 1983">
     <span class='ocr_line' id='line_1_3' title="bbox 590 494 3115 586; baseline -0.003 -16"><span class='ocrx_word' id='word_1_19' title='bbox 590 503 661 570; x_wconf 90' lang='lat' dir='ltr'><strong>R.</strong></span> <span class='ocrx_word' id='word_1_20' title='bbox 695 494 1092 568; x_wconf 83' lang='lat' dir='ltr'><strong>&#39;Generatim</strong></span> <span class='ocrx_word' id='word_1_21' title='bbox 1142 497 1482 585; x_wconf 87' lang='lat' dir='ltr'><strong>loquendo</strong></span> <span class='ocrx_word' id='word_1_22' title='bbox 1533 499 1821 586; x_wconf 88' lang='lat' dir='ltr'><strong>injustus</strong></span> <span class='ocrx_word' id='word_1_23' title='bbox 1872 500 2136 570; x_wconf 78' lang='lat' dir='ltr'><strong>occisor</strong></span> <span class='ocrx_word' id='word_1_24' title='bbox 2192 504 2461 569; x_wconf 86' lang='lat' dir='ltr'><strong>tenetur</strong></span> <span class='ocrx_word' id='word_1_25' title='bbox 2507 515 2943 583; x_wconf 82' lang='lat' dir='ltr'><strong>compensare</strong></span> <span class='ocrx_word' id='word_1_26' title='bbox 2988 495 3115 564; x_wconf 86' lang='lat' dir='ltr'><strong>da-</strong></span> 
     </span>
     <span class='ocr_line' id='line_1_4' title="bbox 499 605 3117 693; baseline -0.002 -18"><span class='ocrx_word' id='word_1_27' title='bbox 499 626 649 676; x_wconf 90' lang='lat' dir='ltr'><strong>mna</strong></span> <span class='ocrx_word' id='word_1_28' title='bbox 702 607 922 676; x_wconf 92' lang='lat' dir='ltr'><strong>omnia</strong></span> <span class='ocrx_word' id='word_1_29' title='bbox 974 606 1173 675; x_wconf 91' lang='lat' dir='ltr'><strong>realia</strong></span> <span class='ocrx_word' id='word_1_30' title='bbox 1209 607 1274 673; x_wconf 85' lang='lat' dir='ltr'><strong>in</strong></span> <span class='ocrx_word' id='word_1_31' title='bbox 1323 606 1521 676; x_wconf 88' lang='lat' dir='ltr'><strong>bonis</strong></span> <span class='ocrx_word' id='word_1_32' title='bbox 1569 607 1882 692; x_wconf 75' lang='lat' dir='ltr'><strong>fortunae,</strong></span> <span class='ocrx_word' id='word_1_33' title='bbox 1933 608 1985 676; x_wconf 88' lang='lat' dir='ltr'><strong>si</strong></span> <span class='ocrx_word' id='word_1_34' title='bbox 2038 625 2189 693; x_wconf 84' lang='lat' dir='ltr'><strong>quae</strong></span> <span class='ocrx_word' id='word_1_35' title='bbox 2243 626 2323 674; x_wconf 82' lang='lat' dir='ltr'><strong>ex</strong></span> <span class='ocrx_word' id='word_1_36' title='bbox 2360 606 2504 692; x_wconf 90' lang='lat' dir='ltr'><strong>ejus</strong></span> <span class='ocrx_word' id='word_1_37' title='bbox 2553 605 2824 673; x_wconf 89' lang='lat' dir='ltr'><strong>actione</strong></span> <span class='ocrx_word' id='word_1_38' title='bbox 2883 610 3117 674; x_wconf 87' lang='lat' dir='ltr'><strong>secuta</strong></span> 
     </span>
     <span class='ocr_line' id='line_1_5' title="bbox 501 709 3121 803; baseline -0.002 -17"><span class='ocrx_word' id='word_1_39' title='bbox 501 724 695 797; x_wconf 83' lang='lat' dir='ltr'><strong>sunt3</strong></span> <span class='ocrx_word' id='word_1_40' title='bbox 745 716 865 784; x_wconf 82' lang='lat' dir='ltr'><strong>fuit</strong></span> <span class='ocrx_word' id='word_1_41' title='bbox 915 715 1090 784; x_wconf 91' lang='lat' dir='ltr'><strong>enim</strong></span> <span class='ocrx_word' id='word_1_42' title='bbox 1140 709 1389 783; x_wconf 83' lang='lat' dir='ltr'><strong>eorum&#39;</strong></span> <span class='ocrx_word' id='word_1_43' title='bbox 1421 732 1616 783; x_wconf 90' lang='lat' dir='ltr'><strong>causa</strong></span> <span class='ocrx_word' id='word_1_44' title='bbox 1685 715 1927 803; x_wconf 82' lang='lat' dir='ltr'><strong>injusta</strong></span> <span class='ocrx_word' id='word_1_45' title='bbox 1991 721 2056 784; x_wconf 89' lang='lat' dir='ltr'><strong>et</strong></span> <span class='ocrx_word' id='word_1_46' title='bbox 2128 715 2376 783; x_wconf 84' lang='lat' dir='ltr'><strong>efficax.</strong></span> <span class='ocrx_word' id='word_1_47' title='bbox 2457 714 2624 781; x_wconf 80' lang='lat' dir='ltr'><strong>Hinc</strong></span> <span class='ocrx_word' id='word_1_48' title='bbox 2680 730 3121 799; x_wconf 81' lang='lat' dir='ltr'><strong>compensare</strong></span> 
     </span>
     <span class='ocr_line' id='line_1_6' title="bbox 499 819 3128 917; baseline -0.002 -26"><span class='ocrx_word' id='word_1_49' title='bbox 499 823 738 893; x_wconf 88' lang='lat' dir='ltr'><strong>debet:</strong></span> <span class='ocrx_word' id='word_1_50' title='bbox 815 826 881 910; x_wconf 84' lang='lat'><strong>1)</strong></span> <span class='ocrx_word' id='word_1_51' title='bbox 931 841 1255 911; x_wconf 81' lang='lat' dir='ltr'><strong>expensas</strong></span> <span class='ocrx_word' id='word_1_52' title='bbox 1327 823 1390 889; x_wconf 92' lang='lat' dir='ltr'><strong>in</strong></span> <span class='ocrx_word' id='word_1_53' title='bbox 1473 822 1818 893; x_wconf 79' lang='lat' dir='ltr'><strong>medicinis</strong></span> <span class='ocrx_word' id='word_1_54' title='bbox 1889 831 2189 911; x_wconf 80' lang='lat' dir='ltr'><strong>peractas</strong></span> <span class='ocrx_word' id='word_1_55' title='bbox 2249 822 2333 890; x_wconf 88' lang='lat' dir='ltr'><strong>ad</strong></span> <span class='ocrx_word' id='word_1_56' title='bbox 2370 823 2617 917; x_wconf 17' lang='lat' dir='ltr'><strong>*vulnus</strong></span> <span class='ocrx_word' id='word_1_57' title='bbox 2703 819 3128 906; x_wconf 80' lang='lat' dir='ltr'><strong>curandum3</strong></span> 
     </span>
     <span class='ocr_line' id='line_1_7' title="bbox 498 928 3122 1018; baseline -0.002 -19"><span class='ocrx_word' id='word_1_58' title='bbox 498 932 812 1018; x_wconf 79' lang='lat' dir='ltr'><strong>2)1ucra‚</strong></span> <span class='ocrx_word' id='word_1_59' title='bbox 862 948 1014 1017; x_wconf 85' lang='lat' dir='ltr'><strong>quae</strong></span> <span class='ocrx_word' id='word_1_60' title='bbox 1066 931 1151 999; x_wconf 92' lang='lat' dir='ltr'><strong>ob</strong></span> <span class='ocrx_word' id='word_1_61' title='bbox 1203 930 1608 998; x_wconf 85' lang='lat' dir='ltr'><strong>occisionem</strong></span> <span class='ocrx_word' id='word_1_62' title='bbox 1659 931 2083 1014; x_wconf 78' lang='lat' dir='ltr'><strong>cessaverint,</strong></span> <span class='ocrx_word' id='word_1_63' title='bbox 2135 950 2264 999; x_wconf 91' lang='lat' dir='ltr'><strong>non</strong></span> <span class='ocrx_word' id='word_1_64' title='bbox 2314 928 2590 1016; x_wconf 83' lang='lat' dir='ltr'><strong>quidem</strong></span> <span class='ocrx_word' id='word_1_65' title='bbox 2625 929 2699 996; x_wconf 91' lang='lat' dir='ltr'><strong>in</strong></span> <span class='ocrx_word' id='word_1_66' title='bbox 2755 935 2992 1011; x_wconf 87' lang='lat' dir='ltr'><strong>totum,</strong></span> <span class='ocrx_word' id='word_1_67' title='bbox 3043 934 3122 996; x_wconf 83' lang='lat' dir='ltr'><strong>ut</strong></span> 
     </span>
     <span class='ocr_line' id='line_1_8' title="bbox 497 1035 3121 1126; baseline -0.002 -19"><span class='ocrx_word' id='word_1_68' title='bbox 497 1039 553 1107; x_wconf 93' lang='lat' dir='ltr'><strong>si</strong></span> <span class='ocrx_word' id='word_1_69' title='bbox 597 1039 734 1125; x_wconf 78' lang='lat' dir='ltr'><strong>Jam</strong></span> <span class='ocrx_word' id='word_1_70' title='bbox 785 1038 867 1107; x_wconf 91' lang='lat' dir='ltr'><strong>de</strong></span> <span class='ocrx_word' id='word_1_71' title='bbox 914 1040 1087 1107; x_wconf 82' lang='lat' dir='ltr'><strong>facto</strong></span> <span class='ocrx_word' id='word_1_72' title='bbox 1137 1056 1212 1107; x_wconf 91' lang='lat' dir='ltr'><strong>ea</strong></span> <span class='ocrx_word' id='word_1_73' title='bbox 1259 1038 1540 1106; x_wconf 88' lang='lat' dir='ltr'><strong>fuissent</strong></span> <span class='ocrx_word' id='word_1_74' title='bbox 1584 1038 1909 1125; x_wconf 83' lang='lat' dir='ltr'><strong>acquisita</strong></span> <span class='ocrx_word' id='word_1_75' title='bbox 1960 1038 2322 1126; x_wconf 88' lang='lat' dir='ltr'><strong>(potuisset</strong></span> <span class='ocrx_word' id='word_1_76' title='bbox 2376 1037 2558 1106; x_wconf 91' lang='lat' dir='ltr'><strong>enim</strong></span> <span class='ocrx_word' id='word_1_77' title='bbox 2617 1035 2883 1107; x_wconf 89' lang='lat' dir='ltr'><strong>occisus</strong></span> <span class='ocrx_word' id='word_1_78' title='bbox 2938 1035 3121 1103; x_wconf 71' lang='lat' dir='ltr'><strong>mul·</strong></span> 
     </span>
     <span class='ocr_line' id='line_1_9' title="bbox 499 1142 3123 1234; baseline -0.001 -20"><span class='ocrx_word' id='word_1_79' title='bbox 499 1147 820 1233; x_wconf 88' lang='lat' dir='ltr'><strong>tipliciter</strong></span> <span class='ocrx_word' id='word_1_80' title='bbox 887 1146 1257 1232; x_wconf 87' lang='lat' dir='ltr'><strong>impediri):</strong></span> <span class='ocrx_word' id='word_1_81' title='bbox 1307 1145 1428 1215; x_wconf 88' lang='lat' dir='ltr'><strong>sed</strong></span> <span class='ocrx_word' id='word_1_82' title='bbox 1477 1165 1597 1233; x_wconf 90' lang='lat' dir='ltr'><strong>pro</strong></span> <span class='ocrx_word' id='word_1_83' title='bbox 1650 1146 1881 1234; x_wconf 88' lang='lat' dir='ltr'><strong>majori</strong></span> <span class='ocrx_word' id='word_1_84' title='bbox 1955 1146 2054 1214; x_wconf 85' lang='lat' dir='ltr'><strong>vel</strong></span> <span class='ocrx_word' id='word_1_85' title='bbox 2135 1146 2374 1214; x_wconf 91' lang='lat' dir='ltr'><strong>minori</strong></span> <span class='ocrx_word' id='word_1_86' title='bbox 2429 1164 2551 1232; x_wconf 90' lang='lat' dir='ltr'><strong>spe</strong></span> <span class='ocrx_word' id='word_1_87' title='bbox 2603 1142 2836 1214; x_wconf 79' lang='lat' dir='ltr'><strong>eadem</strong></span> <span class='ocrx_word' id='word_1_88' title='bbox 2883 1143 3123 1229; x_wconf 87' lang='lat' dir='ltr'><strong>acqui-</strong></span> 
     </span>
     <span class='ocr_line' id='line_1_10' title="bbox 499 1250 3123 1340; baseline -0.002 -18"><span class='ocrx_word' id='word_1_89' title='bbox 499 1253 684 1324; x_wconf 89' lang='lat' dir='ltr'><strong>rendi</strong></span> <span class='ocrx_word' id='word_1_90' title='bbox 728 1254 916 1340; x_wconf 84' lang='lat' dir='ltr'><strong>juxta</strong></span> <span class='ocrx_word' id='word_1_91' title='bbox 962 1254 1079 1320; x_wconf 89' lang='lat' dir='ltr'><strong>viri</strong></span> <span class='ocrx_word' id='word_1_92' title='bbox 1132 1252 1476 1339; x_wconf 88' lang='lat' dir='ltr'><strong>prudentis</strong></span> <span class='ocrx_word' id='word_1_93' title='bbox 1548 1253 2082 1322; x_wconf 70' lang='lat' dir='ltr'><strong>aestimationem.</strong></span> <span class='ocrx_word' id='word_1_94' title='bbox 2129 1253 2303 1321; x_wconf 85' lang='lat' dir='ltr'><strong>Nihil</strong></span> <span class='ocrx_word' id='word_1_95' title='bbox 2369 1270 2524 1320; x_wconf 88' lang='lat' dir='ltr'><strong>vero</strong></span> <span class='ocrx_word' id='word_1_96' title='bbox 2582 1258 2853 1320; x_wconf 89' lang='lat' dir='ltr'><strong>tenetur</strong></span> <span class='ocrx_word' id='word_1_97' title='bbox 2917 1250 3123 1319; x_wconf 87' lang='lat' dir='ltr'><strong>resti-</strong></span> 
     </span>
     <span class='ocr_line' id='line_1_11' title="bbox 497 1358 3120 1451; baseline -0.002 -21"><span class='ocrx_word' id='word_1_98' title='bbox 497 1369 686 1431; x_wconf 86' lang='lat' dir='ltr'><strong>tuere</strong></span> <span class='ocrx_word' id='word_1_99' title='bbox 735 1380 856 1447; x_wconf 92' lang='lat' dir='ltr'><strong>pro</strong></span> <span class='ocrx_word' id='word_1_100' title='bbox 908 1360 1218 1447; x_wconf 87' lang='lat' dir='ltr'><strong>expensis</strong></span> <span class='ocrx_word' id='word_1_101' title='bbox 1267 1360 1562 1443; x_wconf 76' lang='lat' dir='ltr'><strong>funeris:</strong></span> <span class='ocrx_word' id='word_1_102' title='bbox 1611 1379 1765 1430; x_wconf 92' lang='lat' dir='ltr'><strong>cum</strong></span> <span class='ocrx_word' id='word_1_103' title='bbox 1812 1361 1976 1447; x_wconf 84' lang='lat' dir='ltr'><strong>ipsae</strong></span> <span class='ocrx_word' id='word_1_104' title='bbox 2029 1358 2383 1451; x_wconf 88' lang='lat' dir='ltr'><strong>aliquando</strong></span> <span class='ocrx_word' id='word_1_105' title='bbox 2461 1358 2780 1428; x_wconf 74' lang='lat' dir='ltr'><strong>faciendae</strong></span> <span class='ocrx_word' id='word_1_106' title='bbox 2844 1363 3120 1426; x_wconf 72' lang='lat' dir='ltr'><strong>essent:</strong></span> 
     </span>
     <span class='ocr_line' id='line_1_12' title="bbox 496 1452 3105 1556; baseline -0.002 -18"><span class='ocrx_word' id='word_1_107' title='bbox 496 1469 730 1556; x_wconf 88' lang='lat' dir='ltr'><strong>excipe</strong></span> <span class='ocrx_word' id='word_1_108' title='bbox 777 1470 831 1537; x_wconf 93' lang='lat' dir='ltr'><strong>si</strong></span> <span class='ocrx_word' id='word_1_109' title='bbox 882 1469 968 1537; x_wconf 92' lang='lat' dir='ltr'><strong>ob</strong></span> <span class='ocrx_word' id='word_1_110' title='bbox 1019 1452 1440 1538; x_wconf 81' lang='lat' dir='ltr'><strong>occasionem</strong></span> <span class='ocrx_word' id='word_1_111' title='bbox 1492 1468 1672 1538; x_wconf 88' lang='lat' dir='ltr'><strong>necis</strong></span> <span class='ocrx_word' id='word_1_112' title='bbox 1721 1468 1925 1539; x_wconf 83' lang='lat' dir='ltr'><strong>illatae</strong></span> <span class='ocrx_word' id='word_1_113' title='bbox 1977 1468 2061 1554; x_wconf 87' lang='lat' dir='ltr'><strong>(v.</strong></span> <span class='ocrx_word' id='word_1_114' title='bbox 2113 1485 2171 1553; x_wconf 81' lang='lat' dir='ltr'><strong>g.</strong></span> <span class='ocrx_word' id='word_1_115' title='bbox 2208 1475 2391 1537; x_wconf 87' lang='lat' dir='ltr'><strong>extra</strong></span> <span class='ocrx_word' id='word_1_116' title='bbox 2442 1468 2749 1554; x_wconf 85' lang='lat' dir='ltr'><strong>patriam)</strong></span> <span class='ocrx_word' id='word_1_117' title='bbox 2785 1473 3105 1552; x_wconf 81' lang='lat' dir='ltr'><strong>oportue·</strong></span> 
     </span>
     <span class='ocr_line' id='line_1_13' title="bbox 496 1573 3115 1663; baseline -0.003 -18"><span class='ocrx_word' id='word_1_118' title='bbox 496 1577 581 1645; x_wconf 89' lang='lat' dir='ltr'><strong>rit</strong></span> <span class='ocrx_word' id='word_1_119' title='bbox 629 1595 740 1645; x_wconf 91' lang='lat' dir='ltr'><strong>eas</strong></span> <span class='ocrx_word' id='word_1_120' title='bbox 788 1576 930 1644; x_wconf 90' lang='lat' dir='ltr'><strong>fieri</strong></span> <span class='ocrx_word' id='word_1_121' title='bbox 982 1577 1311 1662; x_wconf 73' lang='lat' dir='ltr'><strong>majores:</strong></span> <span class='ocrx_word' id='word_1_122' title='bbox 1373 1577 1443 1661; x_wconf 78' lang='lat'><strong>3)</strong></span> <span class='ocrx_word' id='word_1_123' title='bbox 1494 1576 1749 1663; x_wconf 86' lang='lat' dir='ltr'><strong>aliquas</strong></span> <span class='ocrx_word' id='word_1_124' title='bbox 1799 1575 2284 1645; x_wconf 77' lang='lat' dir='ltr'><strong>satisfactiones</strong></span> <span class='ocrx_word' id='word_1_125' title='bbox 2338 1583 2657 1660; x_wconf 83' lang='lat' dir='ltr'><strong>praestare</strong></span> <span class='ocrx_word' id='word_1_126' title='bbox 2700 1593 2820 1660; x_wconf 90' lang='lat' dir='ltr'><strong>pro</strong></span> <span class='ocrx_word' id='word_1_127' title='bbox 2898 1573 3115 1641; x_wconf 81' lang='lat' dir='ltr'><strong>anima</strong></span> 
     </span>
     <span class='ocr_line' id='line_1_14' title="bbox 497 1672 3118 1769; baseline -0.002 -17"><span class='ocrx_word' id='word_1_128' title='bbox 497 1683 724 1767; x_wconf 90' lang='lat' dir='ltr'><strong>occisi,</strong></span> <span class='ocrx_word' id='word_1_129' title='bbox 775 1683 828 1751; x_wconf 88' lang='lat' dir='ltr'><strong>si</strong></span> <span class='ocrx_word' id='word_1_130' title='bbox 901 1684 1027 1751; x_wconf 86' lang='lat' dir='ltr'><strong>iste</strong></span> <span class='ocrx_word' id='word_1_131' title='bbox 1100 1689 1238 1750; x_wconf 92' lang='lat' dir='ltr'><strong>erat</strong></span> <span class='ocrx_word' id='word_1_132' title='bbox 1291 1701 1410 1768; x_wconf 90' lang='lat' dir='ltr'><strong>pro</strong></span> <span class='ocrx_word' id='word_1_133' title='bbox 1484 1701 1556 1752; x_wconf 90' lang='lat' dir='ltr'><strong>se</strong></span> <span class='ocrx_word' id='word_1_134' title='bbox 1628 1672 2063 1769; x_wconf 81' lang='lat' dir='ltr'><strong>probabiliter</strong></span> <span class='ocrx_word' id='word_1_135' title='bbox 2132 1682 2635 1763; x_wconf 77' lang='lat' dir='ltr'><strong>satisfacturus:</strong></span> <span class='ocrx_word' id='word_1_136' title='bbox 2686 1682 2858 1751; x_wconf 91' lang='lat' dir='ltr'><strong>bene</strong></span> <span class='ocrx_word' id='word_1_137' title='bbox 2937 1680 3118 1748; x_wconf 88' lang='lat' dir='ltr'><strong>enim</strong></span> 
     </span>
     <span class='ocr_line' id='line_1_15' title="bbox 492 1788 3118 1877; baseline -0.001 -18"><span class='ocrx_word' id='word_1_138' title='bbox 492 1798 652 1861; x_wconf 88' lang='lat' dir='ltr'><strong>tunc</strong></span> <span class='ocrx_word' id='word_1_139' title='bbox 702 1790 1035 1859; x_wconf 87' lang='lat' dir='ltr'><strong>restitutio</strong></span> <span class='ocrx_word' id='word_1_140' title='bbox 1086 1790 1227 1859; x_wconf 86' lang='lat' dir='ltr'><strong>fieri</strong></span> <span class='ocrx_word' id='word_1_141' title='bbox 1278 1797 1500 1876; x_wconf 89' lang='lat' dir='ltr'><strong>potest</strong></span> <span class='ocrx_word' id='word_1_142' title='bbox 1548 1791 1613 1859; x_wconf 91' lang='lat' dir='ltr'><strong>in</strong></span> <span class='ocrx_word' id='word_1_143' title='bbox 1662 1790 2137 1877; x_wconf 83' lang='lat' dir='ltr'><strong>aequivalenti,</strong></span> <span class='ocrx_word' id='word_1_144' title='bbox 2190 1809 2429 1875; x_wconf 86' lang='lat' dir='ltr'><strong>nempe</strong></span> <span class='ocrx_word' id='word_1_145' title='bbox 2480 1808 2599 1876; x_wconf 93' lang='lat' dir='ltr'><strong>per</strong></span> <span class='ocrx_word' id='word_1_146' title='bbox 2660 1788 3000 1858; x_wconf 87' lang='lat' dir='ltr'><strong>orationes</strong></span> <span class='ocrx_word' id='word_1_147' title='bbox 3049 1792 3118 1856; x_wconf 83' lang='lat' dir='ltr'><strong>et</strong></span> 
     </span>
     <span class='ocr_line' id='line_1_16' title="bbox 494 1898 1185 1983; baseline -0.003 -16"><span class='ocrx_word' id='word_1_148' title='bbox 494 1898 951 1983; x_wconf 80' lang='lat' dir='ltr'><strong>eleemosynas</strong></span> <span class='ocrx_word' id='word_1_149' title='bbox 1007 1903 1055 1965; x_wconf 86' lang='lat'><strong>¹.</strong></span> <span class='ocrx_word' id='word_1_150' title='bbox 1179 1911 1185 1917; x_wconf 87' lang='lat'>·</span> 
     </span>
    </p>

    <p class='ocr_par' dir='ltr' id='par_1_4' title="bbox 491 2000 3116 2413">
     <span class='ocr_line' id='line_1_17' title="bbox 570 2000 3116 2090; baseline -0.002 -18"><span class='ocrx_word' id='word_1_151' title='bbox 570 2004 913 2072; x_wconf 83' lang='lat' dir='ltr'><strong>Diximus:</strong></span> <span class='ocrx_word' id='word_1_152' title='bbox 959 2004 1303 2090; x_wconf 70' lang='lat' dir='ltr'><strong>qenai-atim</strong></span> <span class='ocrx_word' id='word_1_153' title='bbox 1351 2004 1690 2090; x_wconf 79' lang='lat' dir='ltr'><strong>loquendo,-</strong></span> <span class='ocrx_word' id='word_1_154' title='bbox 1737 2021 1888 2072; x_wconf 88' lang='lat' dir='ltr'><strong>nam</strong></span> <span class='ocrx_word' id='word_1_155' title='bbox 1937 2003 2254 2073; x_wconf 76' lang='lat' dir='ltr'><strong>claritatis</strong></span> <span class='ocrx_word' id='word_1_156' title='bbox 2306 2003 2513 2090; x_wconf 82' lang='lat' dir='ltr'><strong>gratia</strong></span> <span class='ocrx_word' id='word_1_157' title='bbox 2581 2002 2911 2071; x_wconf 88' lang='lat' dir='ltr'><strong>occisoris</strong></span> <span class='ocrx_word' id='word_1_158' title='bbox 2950 2000 3116 2071; x_wconf 90' lang='lat' dir='ltr'><strong>obli-</strong></span> 
     </span>
     <span class='ocr_line' id='line_1_18' title="bbox 496 2110 3114 2197; baseline -0.001 -17"><span class='ocrx_word' id='word_1_159' title='bbox 496 2113 799 2197; x_wconf 84' lang='lat' dir='ltr'><strong>gationes</strong></span> <span class='ocrx_word' id='word_1_160' title='bbox 848 2110 1249 2179; x_wconf 89' lang='lat' dir='ltr'><strong>considerari</strong></span> <span class='ocrx_word' id='word_1_161' title='bbox 1304 2119 1599 2196; x_wconf 82' lang='lat' dir='ltr'><strong>possunt.</strong></span> <span class='ocrx_word' id='word_1_162' title='bbox 1634 2112 1730 2179; x_wconf 88' lang='lat' dir='ltr'><strong>vel</strong></span> <span class='ocrx_word' id='word_1_163' title='bbox 1783 2112 1985 2181; x_wconf 90' lang='lat' dir='ltr'><strong>relate</strong></span> <span class='ocrx_word' id='word_1_164' title='bbox 2045 2112 2127 2180; x_wconf 87' lang='lat' dir='ltr'><strong>ad</strong></span> <span class='ocrx_word' id='word_1_165' title='bbox 2174 2110 2481 2181; x_wconf 86' lang='lat' dir='ltr'><strong>haeredes</strong></span> <span class='ocrx_word' id='word_1_166' title='bbox 2547 2110 2794 2191; x_wconf 81' lang='lat' dir='ltr'><strong>occisi3</strong></span> <span class='ocrx_word' id='word_1_167' title='bbox 2864 2110 2968 2178; x_wconf 87' lang='lat' dir='ltr'><strong>vel</strong></span> <span class='ocrx_word' id='word_1_168' title='bbox 3016 2126 3114 2177; x_wconf 87' lang='lat' dir='ltr'><strong>re-</strong></span> 
     </span>
     <span class='ocr_line' id='line_1_19' title="bbox 491 2210 3110 2306; baseline -0.001 -19"><span class='ocrx_word' id='word_1_169' title='bbox 491 2219 621 2287; x_wconf 88' lang='lat' dir='ltr'><strong>late</strong></span> <span class='ocrx_word' id='word_1_170' title='bbox 670 2219 748 2286; x_wconf 88' lang='lat' dir='ltr'><strong>ad</strong></span> <span class='ocrx_word' id='word_1_171' title='bbox 799 2217 975 2287; x_wconf 86' lang='lat' dir='ltr'><strong>illius</strong></span> <span class='ocrx_word' id='word_1_172' title='bbox 1012 2217 1411 2300; x_wconf 76' lang='lat' dir='ltr'><strong>creditores:</strong></span> <span class='ocrx_word' id='word_1_173' title='bbox 1464 2219 1559 2287; x_wconf 88' lang='lat' dir='ltr'><strong>vel</strong></span> <span class='ocrx_word' id='word_1_174' title='bbox 1610 2218 1879 2288; x_wconf 89' lang='lat' dir='ltr'><strong>demum</strong></span> <span class='ocrx_word' id='word_1_175' title='bbox 1926 2229 2236 2306; x_wconf 89' lang='lat' dir='ltr'><strong>respectu</strong></span> <span class='ocrx_word' id='word_1_176' title='bbox 2313 2219 2585 2287; x_wconf 84' lang='lat' dir='ltr'><strong>alterius</strong></span> <span class='ocrx_word' id='word_1_177' title='bbox 2639 2236 2971 2304; x_wconf 72' lang='lat' dir='ltr'><strong>personae,</strong></span> <span class='ocrx_word' id='word_1_178' title='bbox 3006 2210 3110 2285; x_wconf 81' lang='lat' dir='ltr'><strong>cui</strong></span> 
     </span>
     <span class='ocr_line' id='line_1_20' title="bbox 491 2325 1862 2413; baseline 0 -18"><span class='ocrx_word' id='word_1_179' title='bbox 491 2327 662 2396; x_wconf 81' lang='lat' dir='ltr'><strong>forte</strong></span> <span class='ocrx_word' id='word_1_180' title='bbox 711 2325 1148 2395; x_wconf 87' lang='lat' dir='ltr'><strong>homicidium</strong></span> <span class='ocrx_word' id='word_1_181' title='bbox 1195 2326 1394 2395; x_wconf 78' lang='lat' dir='ltr'><strong>fuerit</strong></span> <span class='ocrx_word' id='word_1_182' title='bbox 1442 2326 1862 2413; x_wconf 87' lang='lat' dir='ltr'><strong>imputatum.</strong></span> 
     </span>
    </p>

    <p class='ocr_par' dir='ltr' id='par_1_5' title="bbox 484 2431 3109 2627">
     <span class='ocr_line' id='line_1_21' title="bbox 578 2431 3109 2523; baseline 0 -26"><span class='ocrx_word' id='word_1_183' title='bbox 578 2436 790 2502; x_wconf 66' lang='lat'><strong>698.</strong></span> <span class='ocrx_word' id='word_1_184' title='bbox 841 2436 914 2515; x_wconf 90' lang='lat' dir='ltr'><strong>Q.</strong></span> <span class='ocrx_word' id='word_1_185' title='bbox 965 2435 1025 2500; x_wconf 75' lang='lat'><strong>4.</strong></span> <span class='ocrx_word' id='word_1_186' title='bbox 1075 2434 1534 2519; x_wconf 79' lang='lat' dir='ltr'><strong>Ad.quidnam</strong></span> <span class='ocrx_word' id='word_1_187' title='bbox 1597 2447 1844 2502; x_wconf 78' lang='lat' dir='ltr'><strong>tenetur</strong></span> <span class='ocrx_word' id='word_1_188' title='bbox 1912 2435 2185 2523; x_wconf 68' lang='lat' dir='ltr'><strong>injustus</strong></span> <span class='ocrx_word' id='word_1_189' title='bbox 2253 2435 2567 2502; x_wconf 81' lang='lat' dir='ltr'><strong>homicida</strong></span> <span class='ocrx_word' id='word_1_190' title='bbox 2612 2451 2767 2519; x_wconf 74' lang='lat' dir='ltr'><strong>crya</strong></span> <span class='ocrx_word' id='word_1_191' title='bbox 2841 2431 3109 2499; x_wconf 76' lang='lat' dir='ltr'><strong>hoeredes</strong></span> 
     </span>
     <span class='ocr_line' id='line_1_22' title="bbox 484 2541 984 2627; baseline 0.004 -22"><span class='ocrx_word' id='word_1_192' title='bbox 484 2541 688 2627; x_wconf 78' lang='lat' dir='ltr'><strong>ipsius</strong></span> <span class='ocrx_word' id='word_1_193' title='bbox 741 2542 984 2607; x_wconf 79' lang='lat' dir='ltr'><strong>occisi?</strong></span> 
     </span>
    </p>

    <p class='ocr_par' dir='ltr' id='par_1_6' title="bbox 484 2644 3107 3596">
     <span class='ocr_line' id='line_1_23' title="bbox 577 2644 3107 2734; baseline -0.001 -18"><span class='ocrx_word' id='word_1_194' title='bbox 577 2651 647 2716; x_wconf 84' lang='lat' dir='ltr'><strong>R.</strong></span> <span class='ocrx_word' id='word_1_195' title='bbox 699 2646 1091 2716; x_wconf 88' lang='lat' dir='ltr'><strong>Haeredibus</strong></span> <span class='ocrx_word' id='word_1_196' title='bbox 1132 2647 1543 2732; x_wconf 82' lang='lat' dir='ltr'><strong>necessariis,</strong></span> <span class='ocrx_word' id='word_1_197' title='bbox 1594 2664 1834 2734; x_wconf 90' lang='lat' dir='ltr'><strong>nempe</strong></span> <span class='ocrx_word' id='word_1_198' title='bbox 1884 2649 2089 2734; x_wconf 87' lang='lat' dir='ltr'><strong>patri,</strong></span> <span class='ocrx_word' id='word_1_199' title='bbox 2141 2649 2354 2731; x_wconf 86' lang='lat' dir='ltr'><strong>matri,</strong></span> <span class='ocrx_word' id='word_1_200' title='bbox 2407 2646 2624 2727; x_wconf 84' lang='lat' dir='ltr'><strong>uxori,</strong></span> <span class='ocrx_word' id='word_1_201' title='bbox 2658 2645 2908 2726; x_wconf 74' lang='lat' dir='ltr'><strong>liberie,</strong></span> <span class='ocrx_word' id='word_1_202' title='bbox 2937 2644 3107 2713; x_wconf 79' lang='lat' dir='ltr'><strong>aliis-</strong></span> 
     </span>
     <span class='ocr_line' id='line_1_24' title="bbox 491 2751 3105 2843; baseline -0.001 -20"><span class='ocrx_word' id='word_1_203' title='bbox 491 2773 621 2842; x_wconf 86' lang='lat' dir='ltr'><strong>que</strong></span> <span class='ocrx_word' id='word_1_204' title='bbox 654 2755 1164 2825; x_wconf 82' lang='lat' dir='ltr'><strong>ascendentibus</strong></span> <span class='ocrx_word' id='word_1_205' title='bbox 1192 2762 1255 2824; x_wconf 92' lang='lat' dir='ltr'><strong>et</strong></span> <span class='ocrx_word' id='word_1_206' title='bbox 1276 2755 1835 2825; x_wconf 87' lang='lat' dir='ltr'><strong>descendentibus</strong></span> <span class='ocrx_word' id='word_1_207' title='bbox 1861 2754 1910 2839; x_wconf 79' lang='lat'><strong>²,</strong></span> <span class='ocrx_word' id='word_1_208' title='bbox 1939 2763 2206 2826; x_wconf 89' lang='lat' dir='ltr'><strong>tenetur</strong></span> <span class='ocrx_word' id='word_1_209' title='bbox 2237 2756 2524 2843; x_wconf 78' lang='lat' dir='ltr'><strong>injustus</strong></span> <span class='ocrx_word' id='word_1_210' title='bbox 2560 2755 2644 2821; x_wconf 89' lang='lat' dir='ltr'><strong>ho</strong></span> <span class='ocrx_word' id='word_1_211' title='bbox 2665 2751 2903 2822; x_wconf 87' lang='lat' dir='ltr'><strong>micida</strong></span> <span class='ocrx_word' id='word_1_212' title='bbox 2930 2769 3105 2829; x_wconf 89' lang='lat' dir='ltr'><strong>com·</strong></span> 
     </span>
     <span class='ocr_line' id='line_1_25' title="bbox 490 2860 3105 2949; baseline -0.002 -18"><span class='ocrx_word' id='word_1_213' title='bbox 490 2880 770 2949; x_wconf 90' lang='lat' dir='ltr'><strong>pensare</strong></span> <span class='ocrx_word' id='word_1_214' title='bbox 817 2862 1130 2931; x_wconf 87' lang='lat' dir='ltr'><strong>damnum</strong></span> <span class='ocrx_word' id='word_1_215' title='bbox 1178 2881 1524 2947; x_wconf 81' lang='lat' dir='ltr'><strong>emergens</strong></span> <span class='ocrx_word' id='word_1_216' title='bbox 1558 2871 1622 2932; x_wconf 89' lang='lat' dir='ltr'><strong>et</strong></span> <span class='ocrx_word' id='word_1_217' title='bbox 1656 2865 1917 2932; x_wconf 89' lang='lat' dir='ltr'><strong>lucrum</strong></span> <span class='ocrx_word' id='word_1_218' title='bbox 1946 2881 2217 2932; x_wconf 44' lang='lat' dir='ltr'><strong>wcessans</strong></span> <span class='ocrx_word' id='word_1_219' title='bbox 2255 2883 2384 2931; x_wconf 90' lang='lat' dir='ltr'><strong>non</strong></span> <span class='ocrx_word' id='word_1_220' title='bbox 2437 2883 2467 2929; x_wconf 91' lang='lat' dir='ltr'><strong>s</strong></span> <span class='ocrx_word' id='word_1_221' title='bbox 2496 2861 2676 2930; x_wconf 92' lang='lat' dir='ltr'><strong>olum</strong></span> <span class='ocrx_word' id='word_1_222' title='bbox 2728 2860 2912 2947; x_wconf 86' lang='lat' dir='ltr'><strong>quod</strong></span> <span class='ocrx_word' id='word_1_223' title='bbox 2958 2876 3105 2929; x_wconf 86' lang='lat' dir='ltr'><strong>cum</strong></span> 
     </span>
     <span class='ocr_line' id='line_1_26' title="bbox 486 2968 3099 3058; baseline -0.001 -19"><span class='ocrx_word' id='word_1_224' title='bbox 486 2970 686 3040; x_wconf 89' lang='lat' dir='ltr'><strong>occisi</strong></span> <span class='ocrx_word' id='word_1_225' title='bbox 739 2970 867 3039; x_wconf 90' lang='lat' dir='ltr'><strong>vita</strong></span> <span class='ocrx_word' id='word_1_226' title='bbox 915 2973 1229 3053; x_wconf 85' lang='lat' dir='ltr'><strong>cessavit;</strong></span> <span class='ocrx_word' id='word_1_227' title='bbox 1280 2970 1398 3038; x_wconf 92' lang='lat' dir='ltr'><strong>sed</strong></span> <span class='ocrx_word' id='word_1_228' title='bbox 1447 2971 1646 3039; x_wconf 87' lang='lat' dir='ltr'><strong>etiam</strong></span> <span class='ocrx_word' id='word_1_229' title='bbox 1695 2968 1873 3058; x_wconf 86' lang='lat' dir='ltr'><strong>quod</strong></span> <span class='ocrx_word' id='word_1_230' title='bbox 1910 2972 2190 3041; x_wconf 85' lang='lat' dir='ltr'><strong>cessavit</strong></span> <span class='ocrx_word' id='word_1_231' title='bbox 2242 2978 2393 3058; x_wconf 89' lang='lat' dir='ltr'><strong>post</strong></span> <span class='ocrx_word' id='word_1_232' title='bbox 2442 2972 2587 3058; x_wconf 89' lang='lat' dir='ltr'><strong>ejus</strong></span> <span class='ocrx_word' id='word_1_233' title='bbox 2658 2976 2967 3052; x_wconf 90' lang='lat' dir='ltr'><strong>mortem,</strong></span> <span class='ocrx_word' id='word_1_234' title='bbox 2996 2968 3099 3055; x_wconf 87' lang='lat' dir='ltr'><strong>jn·</strong></span> 
     </span>
     <span class='ocr_line' id='line_1_27' title="bbox 486 3078 3101 3165; baseline -0 -19"><span class='ocrx_word' id='word_1_235' title='bbox 486 3084 596 3146; x_wconf 86' lang='lat' dir='ltr'><strong>xta</strong></span> <span class='ocrx_word' id='word_1_236' title='bbox 645 3085 908 3163; x_wconf 89' lang='lat' dir='ltr'><strong>tempus</strong></span> <span class='ocrx_word' id='word_1_237' title='bbox 965 3096 1098 3165; x_wconf 86' lang='lat' dir='ltr'><strong>quo</strong></span> <span class='ocrx_word' id='word_1_238' title='bbox 1159 3078 1508 3147; x_wconf 84' lang='lat' dir='ltr'><strong>defunctus</strong></span> <span class='ocrx_word' id='word_1_239' title='bbox 1568 3078 2035 3147; x_wconf 85' lang='lat' dir='ltr'><strong>verosimiliter</strong></span> <span class='ocrx_word' id='word_1_240' title='bbox 2098 3078 2329 3147; x_wconf 82' lang='lat' dir='ltr'><strong>fuisset</strong></span> <span class='ocrx_word' id='word_1_241' title='bbox 2400 3078 2598 3145; x_wconf 84' lang='lat' dir='ltr'><strong>vitam</strong></span> <span class='ocrx_word' id='word_1_242' title='bbox 2680 3094 2869 3147; x_wconf 84' lang='lat' dir='ltr'><strong>suam</strong></span> <span class='ocrx_word' id='word_1_243' title='bbox 2918 3083 3101 3145; x_wconf 85' lang='lat' dir='ltr'><strong>actu-</strong></span> 
     </span>
     <span class='ocr_line' id='line_1_28' title="bbox 488 3182 3099 3274; baseline -0.002 -20"><span class='ocrx_word' id='word_1_244' title='bbox 488 3206 623 3270; x_wconf 82' lang='lat' dir='ltr'><strong>ruS,</strong></span> <span class='ocrx_word' id='word_1_245' title='bbox 673 3195 920 3255; x_wconf 90' lang='lat' dir='ltr'><strong>attenta</strong></span> <span class='ocrx_word' id='word_1_246' title='bbox 969 3187 1113 3274; x_wconf 84' lang='lat' dir='ltr'><strong>eJ&#39;us</strong></span> <span class='ocrx_word' id='word_1_247' title='bbox 1163 3194 1380 3270; x_wconf 77' lang='lat' dir='ltr'><strong>aetate,</strong></span> <span class='ocrx_word' id='word_1_248' title='bbox 1429 3185 1804 3256; x_wconf 89' lang='lat' dir='ltr'><strong>valetudine</strong></span> <span class='ocrx_word' id='word_1_249' title='bbox 1853 3186 2134 3273; x_wconf 86' lang='lat' dir='ltr'><strong>aliisque</strong></span> <span class='ocrx_word' id='word_1_250' title='bbox 2176 3186 2742 3267; x_wconf 74' lang='lat' dir='ltr'><strong>circumstantiis:</strong></span> <span class='ocrx_word' id='word_1_251' title='bbox 2806 3184 2963 3270; x_wconf 86' lang='lat' dir='ltr'><strong>quia</strong></span> <span class='ocrx_word' id='word_1_252' title='bbox 2998 3182 3099 3251; x_wconf 87' lang='lat' dir='ltr'><strong>isti</strong></span> 
     </span>
     <span class='ocr_line' id='line_1_29' title="bbox 484 3291 3097 3380; baseline -0.002 -18"><span class='ocrx_word' id='word_1_253' title='bbox 484 3310 685 3362; x_wconf 87' lang='lat' dir='ltr'><strong>uuam</strong></span> <span class='ocrx_word' id='word_1_254' title='bbox 735 3311 1088 3379; x_wconf 91' lang='lat' dir='ltr'><strong>personam</strong></span> <span class='ocrx_word' id='word_1_255' title='bbox 1136 3293 1551 3361; x_wconf 83' lang='lat' dir='ltr'><strong>constituunt</strong></span> <span class='ocrx_word' id='word_1_256' title='bbox 1600 3311 1751 3362; x_wconf 89' lang='lat' dir='ltr'><strong>cum</strong></span> <span class='ocrx_word' id='word_1_257' title='bbox 1803 3292 2048 3376; x_wconf 89' lang='lat' dir='ltr'><strong>occiso,</strong></span> <span class='ocrx_word' id='word_1_258' title='bbox 2102 3300 2302 3380; x_wconf 87' lang='lat' dir='ltr'><strong>atque</strong></span> <span class='ocrx_word' id='word_1_259' title='bbox 2384 3293 2447 3360; x_wconf 91' lang='lat' dir='ltr'><strong>in</strong></span> <span class='ocrx_word' id='word_1_260' title='bbox 2500 3291 2675 3360; x_wconf 88' lang='lat' dir='ltr'><strong>illius</strong></span> <span class='ocrx_word' id='word_1_261' title='bbox 2735 3292 2887 3378; x_wconf 89' lang='lat' dir='ltr'><strong>jura</strong></span> <span class='ocrx_word' id='word_1_262' title='bbox 2946 3307 3097 3357; x_wconf 88' lang='lat' dir='ltr'><strong>suc-</strong></span> 
     </span>
     <span class='ocr_line' id='line_1_30' title="bbox 489 3398 3098 3488; baseline -0.002 -18"><span class='ocrx_word' id='word_1_263' title='bbox 489 3401 753 3471; x_wconf 89' lang='lat' dir='ltr'><strong>cedunt.</strong></span> <span class='ocrx_word' id='word_1_264' title='bbox 795 3405 940 3469; x_wconf 84' lang='lat' dir='ltr'><strong>Non</strong></span> <span class='ocrx_word' id='word_1_265' title='bbox 969 3410 1184 3469; x_wconf 87' lang='lat' dir='ltr'><strong>tamen</strong></span> <span class='ocrx_word' id='word_1_266' title='bbox 1214 3401 1527 3469; x_wconf 89' lang='lat' dir='ltr'><strong>damnum</strong></span> <span class='ocrx_word' id='word_1_267' title='bbox 1561 3409 1664 3470; x_wconf 89' lang='lat' dir='ltr'><strong>est</strong></span> <span class='ocrx_word' id='word_1_268' title='bbox 1697 3401 2264 3488; x_wconf 88' lang='lat' dir='ltr'><strong>compensandum</strong></span> <span class='ocrx_word' id='word_1_269' title='bbox 2302 3420 2418 3487; x_wconf 88' lang='lat' dir='ltr'><strong>per</strong></span> <span class='ocrx_word' id='word_1_270' title='bbox 2456 3401 2789 3485; x_wconf 81' lang='lat' dir='ltr'><strong>integrum</strong></span> <span class='ocrx_word' id='word_1_271' title='bbox 2829 3398 3098 3466; x_wconf 89' lang='lat' dir='ltr'><strong>omnino</strong></span> 
     </span>
     <span class='ocr_line' id='line_1_31' title="bbox 486 3506 3100 3596; baseline -0.001 -20"><span class='ocrx_word' id='word_1_272' title='bbox 486 3509 688 3596; x_wconf 88' lang='lat' dir='ltr'><strong>(nam,</strong></span> <span class='ocrx_word' id='word_1_273' title='bbox 738 3516 810 3575; x_wconf 89' lang='lat' dir='ltr'><strong>ut</strong></span> <span class='ocrx_word' id='word_1_274' title='bbox 859 3509 1028 3577; x_wconf 92' lang='lat' dir='ltr'><strong>bene</strong></span> <span class='ocrx_word' id='word_1_275' title='bbox 1075 3508 1353 3577; x_wconf 88' lang='lat' dir='ltr'><strong>advertit</strong></span> <span class='ocrx_word' id='word_1_276' title='bbox 1401 3527 1452 3576; x_wconf 93' lang='lat' dir='ltr'><strong>s.</strong></span> <span class='ocrx_word' id='word_1_277' title='bbox 1504 3509 1812 3583; x_wconf 76' lang='lat' dir='ltr'><strong>Thomas.</strong></span> <span class='ocrx_word' id='word_1_278' title='bbox 1862 3508 2023 3576; x_wconf 90' lang='lat' dir='ltr'><strong>illud</strong></span> <span class='ocrx_word' id='word_1_279' title='bbox 2059 3517 2318 3595; x_wconf 85' lang='lat' dir='ltr'><strong>poterat</strong></span> <span class='ocrx_word' id='word_1_280' title='bbox 2369 3507 2824 3594; x_wconf 85' lang='lat' dir='ltr'><strong>multipliciter</strong></span> <span class='ocrx_word' id='word_1_281' title='bbox 2889 3506 3100 3591; x_wconf 87' lang='lat' dir='ltr'><strong>impe-</strong></span> 
     </span>
    </p>
   </div>
   <div class='ocr_carea' id='block_1_3' title="bbox 478 3751 3105 4804">
    <p class='ocr_par' dir='ltr' id='par_1_7' title="bbox 481 3751 3104 4320">
     <span class='ocr_line' id='line_1_32' title="bbox 547 3751 3104 3820; baseline -0.001 -11"><span class='ocrx_word' id='word_1_282' title='bbox 547 3756 566 3798; x_wconf 87' lang='lat'><strong>¹</strong></span> <span class='ocrx_word' id='word_1_283' title='bbox 598 3756 804 3819; x_wconf 87' lang='lat' dir='ltr'><strong>Duplex</strong></span> <span class='ocrx_word' id='word_1_284' title='bbox 836 3757 918 3808; x_wconf 91' lang='lat' dir='ltr'><strong>est</strong></span> <span class='ocrx_word' id='word_1_285' title='bbox 948 3754 1228 3816; x_wconf 85' lang='lat' dir='ltr'><strong>damnum,</strong></span> <span class='ocrx_word' id='word_1_286' title='bbox 1261 3754 1406 3820; x_wconf 87' lang='lat' dir='ltr'><strong>quod</strong></span> <span class='ocrx_word' id='word_1_287' title='bbox 1440 3760 1630 3808; x_wconf 85' lang='lat' dir='ltr'><strong>causat</strong></span> <span class='ocrx_word' id='word_1_288' title='bbox 1661 3757 1897 3808; x_wconf 88' lang='lat' dir='ltr'><strong>occisor:</strong></span> <span class='ocrx_word' id='word_1_289' title='bbox 1933 3768 2101 3808; x_wconf 88' lang='lat' dir='ltr'><strong>unum</strong></span> <span class='ocrx_word' id='word_1_290' title='bbox 2138 3757 2383 3809; x_wconf 77' lang='lat' dir='ltr'><strong>naturale</strong></span> <span class='ocrx_word' id='word_1_291' title='bbox 2407 3768 2501 3806; x_wconf 87' lang='lat' dir='ltr'><strong>seu</strong></span> <span class='ocrx_word' id='word_1_292' title='bbox 2528 3756 2820 3818; x_wconf 79' lang='lat' dir='ltr'><strong>personate,</strong></span> <span class='ocrx_word' id='word_1_293' title='bbox 2845 3751 2997 3818; x_wconf 87' lang='lat' dir='ltr'><strong>quod</strong></span> <span class='ocrx_word' id='word_1_294' title='bbox 3020 3756 3104 3808; x_wconf 85' lang='lat' dir='ltr'><strong>est</strong></span> 
     </span>
     <span class='ocr_line' id='line_1_33' title="bbox 486 3817 3098 3883; baseline -0.002 -11"><span class='ocrx_word' id='word_1_295' title='bbox 486 3821 502 3872; x_wconf 87' lang='lat' dir='ltr'><strong>i</strong></span> <span class='ocrx_word' id='word_1_296' title='bbox 540 3830 600 3872; x_wconf 81' lang='lat' dir='ltr'><strong>sa</strong></span> <span class='ocrx_word' id='word_1_297' title='bbox 636 3819 858 3871; x_wconf 84' lang='lat' dir='ltr'><strong>amissio</strong></span> <span class='ocrx_word' id='word_1_298' title='bbox 894 3819 1047 3881; x_wconf 63' lang='lat' dir='ltr'><strong>vit-⁴23</strong></span> <span class='ocrx_word' id='word_1_299' title='bbox 1084 3817 1311 3869; x_wconf 83' lang='lat' dir='ltr'><strong>alterum</strong></span> <span class='ocrx_word' id='word_1_300' title='bbox 1344 3820 1625 3883; x_wconf 72' lang='lat' dir='ltr'><strong>temporale</strong></span> <span class='ocrx_word' id='word_1_301' title='bbox 1658 3830 1752 3870; x_wconf 82' lang='lat' dir='ltr'><strong>seu</strong></span> <span class='ocrx_word' id='word_1_302' title='bbox 1786 3820 1945 3878; x_wconf 78' lang='lat' dir='ltr'><strong>reale,</strong></span> <span class='ocrx_word' id='word_1_303' title='bbox 1979 3820 2125 3883; x_wconf 86' lang='lat' dir='ltr'><strong>quod</strong></span> <span class='ocrx_word' id='word_1_304' title='bbox 2161 3822 2244 3871; x_wconf 90' lang='lat' dir='ltr'><strong>est</strong></span> <span class='ocrx_word' id='word_1_305' title='bbox 2277 3819 2539 3870; x_wconf 88' lang='lat' dir='ltr'><strong>bonorum</strong></span> <span class='ocrx_word' id='word_1_306' title='bbox 2581 3820 2827 3879; x_wconf 75' lang='lat' dir='ltr'><strong>fortunae,</strong></span> <span class='ocrx_word' id='word_1_307' title='bbox 2860 3829 2983 3881; x_wconf 81' lang='lat' dir='ltr'><strong>quae</strong></span> <span class='ocrx_word' id='word_1_308' title='bbox 3018 3828 3098 3868; x_wconf 85' lang='lat' dir='ltr'><strong>oc-</strong></span> 
     </span>
     <span class='ocr_line' id='line_1_34' title="bbox 484 3879 3097 3945; baseline -0 -11"><span class='ocrx_word' id='word_1_309' title='bbox 484 3895 514 3933; x_wconf 88' lang='lat' dir='ltr'><strong>c</strong></span> <span class='ocrx_word' id='word_1_310' title='bbox 537 3892 647 3943; x_wconf 76' lang='lat' dir='ltr'><strong>sue,</strong></span> <span class='ocrx_word' id='word_1_311' title='bbox 683 3882 833 3932; x_wconf 80' lang='lat' dir='ltr'><strong>salva</strong></span> <span class='ocrx_word' id='word_1_312' title='bbox 869 3882 995 3942; x_wconf 87' lang='lat' dir='ltr'><strong>vita,</strong></span> <span class='ocrx_word' id='word_1_313' title='bbox 1029 3879 1279 3943; x_wconf 81' lang='lat' dir='ltr'><strong>sperabat</strong></span> <span class='ocrx_word' id='word_1_314' title='bbox 1311 3880 1414 3931; x_wconf 86' lang='lat' dir='ltr'><strong>sibi</strong></span> <span class='ocrx_word' id='word_1_315' title='bbox 1449 3881 1832 3943; x_wconf 86' lang='lat' dir='ltr'><strong>comparanda.</strong></span> <span class='ocrx_word' id='word_1_316' title='bbox 1870 3882 2110 3933; x_wconf 87' lang='lat' dir='ltr'><strong>Primum</strong></span> <span class='ocrx_word' id='word_1_317' title='bbox 2147 3881 2359 3932; x_wconf 87' lang='lat' dir='ltr'><strong>occisor</strong></span> <span class='ocrx_word' id='word_1_318' title='bbox 2394 3892 2645 3945; x_wconf 83' lang='lat' dir='ltr'><strong>reparare</strong></span> <span class='ocrx_word' id='word_1_319' title='bbox 2697 3892 2808 3932; x_wconf 90' lang='lat' dir='ltr'><strong>non</strong></span> <span class='ocrx_word' id='word_1_320' title='bbox 2863 3879 3009 3931; x_wconf 84' lang='lat' dir='ltr'><strong>valet</strong></span> <span class='ocrx_word' id='word_1_321' title='bbox 3040 3880 3097 3933; x_wconf 80' lang='lat' dir='ltr'><strong>in</strong></span> 
     </span>
     <span class='ocr_line' id='line_1_35' title="bbox 482 3942 3101 4009; baseline -0.002 -12"><span class='ocrx_word' id='word_1_322' title='bbox 482 3945 850 4009; x_wconf 73' lang='lat' dir='ltr'><strong>aequivalenti:</strong></span> <span class='ocrx_word' id='word_1_323' title='bbox 888 3955 955 3995; x_wconf 87' lang='lat' dir='ltr'><strong>ne</strong></span> <span class='ocrx_word' id='word_1_324' title='bbox 999 3955 1064 3994; x_wconf 89' lang='lat' dir='ltr'><strong>ue</strong></span> <span class='ocrx_word' id='word_1_325' title='bbox 1098 3944 1239 3994; x_wconf 85' lang='lat' dir='ltr'><strong>enim</strong></span> <span class='ocrx_word' id='word_1_326' title='bbox 1276 3943 1510 3994; x_wconf 88' lang='lat' dir='ltr'><strong>occisum</strong></span> <span class='ocrx_word' id='word_1_327' title='bbox 1549 3943 1868 3995; x_wconf 84' lang='lat' dir='ltr'><strong>resuscitare</strong></span> <span class='ocrx_word' id='word_1_328' title='bbox 1902 3946 2100 4008; x_wconf 89' lang='lat' dir='ltr'><strong>potest:</strong></span> <span class='ocrx_word' id='word_1_329' title='bbox 2138 3944 2280 3995; x_wconf 93' lang='lat' dir='ltr'><strong>unde</strong></span> <span class='ocrx_word' id='word_1_330' title='bbox 2304 3943 2368 3995; x_wconf 88' lang='lat' dir='ltr'><strong>de</strong></span> <span class='ocrx_word' id='word_1_331' title='bbox 2402 3943 2600 3993; x_wconf 82' lang='lat' dir='ltr'><strong>damno</strong></span> <span class='ocrx_word' id='word_1_332' title='bbox 2635 3942 2916 4005; x_wconf 84' lang='lat' dir='ltr'><strong>temporali</strong></span> <span class='ocrx_word' id='word_1_333' title='bbox 2969 3952 3101 4003; x_wconf 79' lang='lat' dir='ltr'><strong>prae·</strong></span> 
     </span>
     <span class='ocr_line' id='line_1_36' title="bbox 484 4003 3095 4069; baseline -0.002 -11"><span class='ocrx_word' id='word_1_334' title='bbox 484 4018 608 4058; x_wconf 74' lang='lat' dir='ltr'><strong>sens</strong></span> <span class='ocrx_word' id='word_1_335' title='bbox 644 4008 945 4058; x_wconf 80' lang='lat' dir='ltr'><strong>tanturnino</strong></span> <span class='ocrx_word' id='word_1_336' title='bbox 987 4018 1019 4055; x_wconf 93' lang='lat' dir='ltr'><strong>o</strong></span> <span class='ocrx_word' id='word_1_337' title='bbox 1053 4005 1351 4057; x_wconf 74' lang='lat' dir='ltr'><strong>instituitur</strong></span> <span class='ocrx_word' id='word_1_338' title='bbox 1379 4006 1626 4069; x_wconf 73' lang='lat' dir='ltr'><strong>quaestio.</strong></span> <span class='ocrx_word' id='word_1_339' title='bbox 1663 4006 1830 4057; x_wconf 89' lang='lat' dir='ltr'><strong>Porro</strong></span> <span class='ocrx_word' id='word_1_340' title='bbox 1864 4008 2208 4058; x_wconf 84' lang='lat' dir='ltr'><strong>communius</strong></span> <span class='ocrx_word' id='word_1_341' title='bbox 2243 4006 2453 4064; x_wconf 82' lang='lat' dir='ltr'><strong>docent,</strong></span> <span class='ocrx_word' id='word_1_342' title='bbox 2491 4006 2623 4056; x_wconf 83' lang='lat' dir='ltr'><strong>nibil</strong></span> <span class='ocrx_word' id='word_1_343' title='bbox 2657 4016 2777 4057; x_wconf 87' lang='lat' dir='ltr'><strong>esse</strong></span> <span class='ocrx_word' id='word_1_344' title='bbox 2830 4003 3095 4055; x_wconf 79' lang='lat' dir='ltr'><strong>deducen-</strong></span> 
     </span>
     <span class='ocr_line' id='line_1_37' title="bbox 483 4065 3102 4133; baseline -0.001 -12"><span class='ocrx_word' id='word_1_345' title='bbox 483 4069 612 4121; x_wconf 85' lang='lat' dir='ltr'><strong>dum</strong></span> <span class='ocrx_word' id='word_1_346' title='bbox 646 4081 740 4131; x_wconf 91' lang='lat' dir='ltr'><strong>pro</strong></span> <span class='ocrx_word' id='word_1_347' title='bbox 774 4068 977 4129; x_wconf 83' lang='lat' dir='ltr'><strong>labore,</strong></span> <span class='ocrx_word' id='word_1_348' title='bbox 1012 4079 1172 4133; x_wconf 81' lang='lat' dir='ltr'><strong>quem</strong></span> <span class='ocrx_word' id='word_1_349' title='bbox 1207 4069 1417 4119; x_wconf 83' lang='lat' dir='ltr'><strong>occisus</strong></span> <span class='ocrx_word' id='word_1_350' title='bbox 1451 4067 1517 4119; x_wconf 88' lang='lat' dir='ltr'><strong>ad</strong></span> <span class='ocrx_word' id='word_1_351' title='bbox 1553 4068 1877 4119; x_wconf 84' lang='lat' dir='ltr'><strong>lucrandum</strong></span> <span class='ocrx_word' id='word_1_352' title='bbox 1911 4069 2221 4131; x_wconf 82' lang='lat' dir='ltr'><strong>impendere</strong></span> <span class='ocrx_word' id='word_1_353' title='bbox 2254 4067 2559 4129; x_wconf 84' lang='lat' dir='ltr'><strong>debuisset;</strong></span> <span class='ocrx_word' id='word_1_354' title='bbox 2618 4068 2747 4131; x_wconf 85' lang='lat' dir='ltr'><strong>quia</strong></span> <span class='ocrx_word' id='word_1_355' title='bbox 2798 4065 2950 4118; x_wconf 85' lang='lat' dir='ltr'><strong>labor</strong></span> <span class='ocrx_word' id='word_1_356' title='bbox 3003 4065 3102 4119; x_wconf 72' lang='lat' dir='ltr'><strong>iste</strong></span> 
     </span>
     <span class='ocr_line' id='line_1_38' title="bbox 481 4126 3098 4195; baseline -0.002 -12"><span class='ocrx_word' id='word_1_357' title='bbox 481 4131 707 4183; x_wconf 83' lang='lat' dir='ltr'><strong>libenter</strong></span> <span class='ocrx_word' id='word_1_358' title='bbox 741 4134 793 4182; x_wconf 88' lang='lat' dir='ltr'><strong>et</strong></span> <span class='ocrx_word' id='word_1_359' title='bbox 824 4144 933 4183; x_wconf 86' lang='lat' dir='ltr'><strong>nou</strong></span> <span class='ocrx_word' id='word_1_360' title='bbox 970 4132 1058 4181; x_wconf 83' lang='lat' dir='ltr'><strong>tan</strong></span> <span class='ocrx_word' id='word_1_361' title='bbox 1101 4140 1226 4180; x_wconf 87' lang='lat' dir='ltr'><strong>uam</strong></span> <span class='ocrx_word' id='word_1_362' title='bbox 1259 4142 1418 4193; x_wconf 84' lang='lat' dir='ltr'><strong>poena</strong></span> <span class='ocrx_word' id='word_1_363' title='bbox 1451 4131 1754 4182; x_wconf 81' lang='lat' dir='ltr'><strong>sustinetur</strong></span> <span class='ocrx_word' id='word_1_364' title='bbox 1787 4131 1891 4182; x_wconf 82' lang='lat' dir='ltr'><strong>nisi</strong></span> <span class='ocrx_word' id='word_1_365' title='bbox 1926 4132 1982 4181; x_wconf 88' lang='lat' dir='ltr'><strong>in</strong></span> <span class='ocrx_word' id='word_1_366' title='bbox 2017 4142 2145 4182; x_wconf 85' lang='lat' dir='ltr'><strong>casu</strong></span> <span class='ocrx_word' id='word_1_367' title='bbox 2177 4144 2287 4195; x_wconf 85' lang='lat' dir='ltr'><strong>quo</strong></span> <span class='ocrx_word' id='word_1_368' title='bbox 2324 4132 2698 4192; x_wconf 81' lang='lat' dir='ltr'><strong>praesumatur,</strong></span> <span class='ocrx_word' id='word_1_369' title='bbox 2759 4126 2904 4193; x_wconf 89' lang='lat' dir='ltr'><strong>quod</strong></span> <span class='ocrx_word' id='word_1_370' title='bbox 2956 4126 3098 4178; x_wconf 87' lang='lat' dir='ltr'><strong>occi·</strong></span> 
     </span>
     <span class='ocr_line' id='line_1_39' title="bbox 481 4188 3097 4258; baseline -0.002 -14"><span class='ocrx_word' id='word_1_371' title='bbox 481 4204 576 4244; x_wconf 85' lang='lat' dir='ltr'><strong>sus</strong></span> <span class='ocrx_word' id='word_1_372' title='bbox 610 4193 792 4244; x_wconf 81' lang='lat' dir='ltr'><strong>libenti</strong></span> <span class='ocrx_word' id='word_1_373' title='bbox 827 4194 1008 4244; x_wconf 86' lang='lat' dir='ltr'><strong>animo</strong></span> <span class='ocrx_word' id='word_1_374' title='bbox 1043 4205 1076 4242; x_wconf 83' lang='lat' dir='ltr'><strong>a</strong></span> <span class='ocrx_word' id='word_1_375' title='bbox 1099 4191 1242 4255; x_wconf 83' lang='lat' dir='ltr'><strong>iquid</strong></span> <span class='ocrx_word' id='word_1_376' title='bbox 1286 4190 1510 4243; x_wconf 77' lang='lat' dir='ltr'><strong>daturus</strong></span> <span class='ocrx_word' id='word_1_377' title='bbox 1541 4192 1732 4244; x_wconf 75' lang='lat' dir='ltr'><strong>fuisset</strong></span> <span class='ocrx_word' id='word_1_378' title='bbox 1766 4204 1862 4258; x_wconf 90' lang='lat' dir='ltr'><strong>pro</strong></span> <span class='ocrx_word' id='word_1_379' title='bbox 1897 4192 2265 4255; x_wconf 81' lang='lat' dir='ltr'><strong>redemptione</strong></span> <span class='ocrx_word' id='word_1_380' title='bbox 2299 4193 2422 4245; x_wconf 86' lang='lat' dir='ltr'><strong>talis</strong></span> <span class='ocrx_word' id='word_1_381' title='bbox 2456 4193 2679 4255; x_wconf 63' lang='lat' dir='ltr'><strong>laborm,</strong></span> <span class='ocrx_word' id='word_1_382' title='bbox 2714 4194 2776 4244; x_wconf 90' lang='lat' dir='ltr'><strong>ut</strong></span> <span class='ocrx_word' id='word_1_383' title='bbox 2808 4192 2853 4242; x_wconf 84' lang='lat' dir='ltr'><strong>si</strong></span> <span class='ocrx_word' id='word_1_384' title='bbox 2888 4188 2981 4240; x_wconf 88' lang='lat' dir='ltr'><strong>ille</strong></span> <span class='ocrx_word' id='word_1_385' title='bbox 3013 4199 3097 4245; x_wconf 77' lang='lat' dir='ltr'><strong>es·</strong></span> 
     </span>
     <span class='ocr_line' id='line_1_40' title="bbox 482 4253 2308 4320; baseline -0.002 -13"><span class='ocrx_word' id='word_1_386' title='bbox 482 4257 564 4307; x_wconf 76' lang='lat' dir='ltr'><strong>set</strong></span> <span class='ocrx_word' id='word_1_387' title='bbox 596 4256 815 4307; x_wconf 80' lang='lat' dir='ltr'><strong>arduus,</strong></span> <span class='ocrx_word' id='word_1_388' title='bbox 850 4282 914 4293; x_wconf 93' lang='lat'>—</span> <span class='ocrx_word' id='word_1_389' title='bbox 956 4257 1008 4306; x_wconf 82' lang='lat' dir='ltr'><strong>V.</strong></span> <span class='ocrx_word' id='word_1_390' title='bbox 1049 4253 1279 4313; x_wconf 56' lang='lat' dir='ltr'><strong>menori,</strong></span> <span class='ocrx_word' id='word_1_391' title='bbox 1315 4255 1408 4316; x_wconf 80' lang='lat' dir='ltr'><strong>Op.</strong></span> <span class='ocrx_word' id='word_1_392' title='bbox 1446 4254 1602 4315; x_wconf 67' lang='lat' dir='ltr'><strong>Hor„</strong></span> <span class='ocrx_word' id='word_1_393' title='bbox 1637 4255 1674 4305; x_wconf 87' lang='lat' dir='ltr'><strong>i.</strong></span> <span class='ocrx_word' id='word_1_394' title='bbox 1712 4266 1786 4316; x_wconf 85' lang='grc' dir='ltr'>ιιι,</span> <span class='ocrx_word' id='word_1_395' title='bbox 1823 4266 1916 4306; x_wconf 89' lang='lat' dir='ltr'><strong>nn.</strong></span> <span class='ocrx_word' id='word_1_396' title='bbox 1951 4254 2045 4307; x_wconf 77' lang='lat'><strong>639</strong></span> <span class='ocrx_word' id='word_1_397' title='bbox 2076 4257 2130 4308; x_wconf 79' lang='lat' dir='ltr'><strong>et</strong></span> <span class='ocrx_word' id='word_1_398' title='bbox 2162 4267 2253 4320; x_wconf 85' lang='lat' dir='ltr'><strong>seq</strong></span> <span class='ocrx_word' id='word_1_399' title='bbox 2299 4294 2308 4304; x_wconf 96' lang='lat'>.</span> 
     </span>
    </p>

    <p class='ocr_par' dir='ltr' id='par_1_8' title="bbox 478 4267 3105 4804">
     <span class='ocr_line' id='line_1_41' title="bbox 539 4267 3095 4391; baseline -0.001 -24"><span class='ocrx_word' id='word_1_400' title='bbox 539 4318 571 4391; x_wconf 77' lang='lat'><strong>.⁸.</strong></span> <span class='ocrx_word' id='word_1_401' title='bbox 610 4319 665 4367; x_wconf 77' lang='lat' dir='ltr'><strong>V.</strong></span> <span class='ocrx_word' id='word_1_402' title='bbox 705 4319 934 4379; x_wconf 55' lang='lat' dir='ltr'><strong>humori,</strong></span> <span class='ocrx_word' id='word_1_403' title='bbox 970 4318 1063 4380; x_wconf 83' lang='lat' dir='ltr'><strong>Op.</strong></span> <span class='ocrx_word' id='word_1_404' title='bbox 1100 4317 1256 4376; x_wconf 73' lang='lat' dir='ltr'><strong>Mer..</strong></span> <span class='ocrx_word' id='word_1_405' title='bbox 1289 4316 1322 4369; x_wconf 79' lang='lat' dir='ltr'><strong>i.</strong></span> <span class='ocrx_word' id='word_1_406' title='bbox 1350 4329 1428 4377; x_wconf 81' lang='grc' dir='ltr'>ιιι,</span> <span class='ocrx_word' id='word_1_407' title='bbox 1463 4329 1557 4369; x_wconf 70' lang='lat' dir='ltr'><strong>nn.</strong></span> <span class='ocrx_word' id='word_1_408' title='bbox 1590 4318 1685 4373; x_wconf 69' lang='lat' dir='ltr'><strong>flu</strong></span> <span class='ocrx_word' id='word_1_409' title='bbox 1722 4320 1775 4370; x_wconf 88' lang='lat' dir='ltr'><strong>et</strong></span> <span class='ocrx_word' id='word_1_410' title='bbox 1806 4328 1958 4381; x_wconf 77' lang='lat' dir='ltr'><strong>seqq.</strong></span> <span class='ocrx_word' id='word_1_411' title='bbox 1992 4317 2239 4369; x_wconf 73' lang='lat' dir='ltr'><strong>Hfflredes</strong></span> <span class='ocrx_word' id='word_1_412' title='bbox 2257 4267 2331 4368; x_wconf 52' lang='lat' dir='ltr'><strong>(ln</strong></span> <span class='ocrx_word' id='word_1_413' title='bbox 2368 4316 2567 4380; x_wconf 75' lang='lat' dir='ltr'><strong>duplici</strong></span> <span class='ocrx_word' id='word_1_414' title='bbox 2603 4318 2732 4367; x_wconf 84' lang='lat' dir='ltr'><strong>sunt</strong></span> <span class='ocrx_word' id='word_1_415' title='bbox 2762 4313 3095 4366; x_wconf 69' lang='lat' dir='ltr'><strong>differentia:</strong></span> 
     </span>
     <span class='ocr_line' id='line_1_42' title="bbox 484 4374 3101 4447; baseline -0 -18"><span class='ocrx_word' id='word_1_416' title='bbox 484 4377 574 4433; x_wconf 81' lang='lat' dir='ltr'><strong>alu</strong></span> <span class='ocrx_word' id='word_1_417' title='bbox 603 4382 733 4433; x_wconf 81' lang='lat' dir='ltr'><strong>sunt</strong></span> <span class='ocrx_word' id='word_1_418' title='bbox 763 4382 1035 4433; x_wconf 57' lang='lat' dir='ltr'><strong>&#39;recessuris‘</strong></span> <span class='ocrx_word' id='word_1_419' title='bbox 1064 4390 1201 4445; x_wconf 83' lang='lat' dir='ltr'><strong>quos</strong></span> <span class='ocrx_word' id='word_1_420' title='bbox 1239 4390 1432 4442; x_wconf 77' lang='lat' dir='ltr'><strong>nempe</strong></span> <span class='ocrx_word' id='word_1_421' title='bbox 1465 4380 1688 4433; x_wconf 75' lang='lat' dir='ltr'><strong>testator</strong></span> <span class='ocrx_word' id='word_1_422' title='bbox 1720 4392 1829 4431; x_wconf 90' lang='lat' dir='ltr'><strong>non</strong></span> <span class='ocrx_word' id='word_1_423' title='bbox 1866 4380 2039 4444; x_wconf 88' lang='lat' dir='ltr'><strong>potest</strong></span> <span class='ocrx_word' id='word_1_424' title='bbox 2070 4380 2492 4447; x_wconf 76' lang='lat' dir='ltr'><strong>praetermittere,</strong></span> <span class='ocrx_word' id='word_1_425' title='bbox 2552 4381 2610 4435; x_wconf 86' lang='lat' dir='ltr'><strong>ut</strong></span> <span class='ocrx_word' id='word_1_426' title='bbox 2643 4379 2775 4429; x_wconf 90' lang='lat' dir='ltr'><strong>sunt</strong></span> <span class='ocrx_word' id='word_1_427' title='bbox 2810 4374 3101 4431; x_wconf 73' lang='lat' dir='ltr'><strong>ascenden·</strong></span> 
     </span>
     <span class='ocr_line' id='line_1_43' title="bbox 481 4438 3101 4512; baseline -0.002 -20"><span class='ocrx_word' id='word_1_428' title='bbox 481 4442 563 4492; x_wconf 89' lang='lat' dir='ltr'><strong>tes</strong></span> <span class='ocrx_word' id='word_1_429' title='bbox 596 4442 646 4491; x_wconf 89' lang='lat' dir='ltr'><strong>et</strong></span> <span class='ocrx_word' id='word_1_430' title='bbox 678 4440 1075 4512; x_wconf 82' lang='lat' dir='ltr'><strong>descendentes.</strong></span> <span class='ocrx_word' id='word_1_431' title='bbox 1114 4441 1213 4492; x_wconf 82' lang='lat' dir='ltr'><strong>Alii</strong></span> <span class='ocrx_word' id='word_1_432' title='bbox 1250 4452 1354 4491; x_wconf 81' lang='lat' dir='ltr'><strong>non</strong></span> <span class='ocrx_word' id='word_1_433' title='bbox 1386 4442 1678 4501; x_wconf 81' lang='lat' dir='ltr'><strong>necessarii,</strong></span> <span class='ocrx_word' id='word_1_434' title='bbox 1716 4442 1812 4505; x_wconf 86' lang='lat' dir='ltr'><strong>qui</strong></span> <span class='ocrx_word' id='word_1_435' title='bbox 1866 4443 2097 4504; x_wconf 79' lang='lat' dir='ltr'><strong>possunt</strong></span> <span class='ocrx_word' id='word_1_436' title='bbox 2148 4442 2511 4505; x_wconf 66' lang='lat' dir='ltr'><strong>praetermitti:</strong></span> <span class='ocrx_word' id='word_1_437' title='bbox 2573 4438 2869 4491; x_wconf 84' lang='lat' dir='ltr'><strong>succedunt</strong></span> <span class='ocrx_word' id='word_1_438' title='bbox 2918 4440 3101 4489; x_wconf 82' lang='lat' dir='ltr'><strong>tamen</strong></span> 
     </span>
     <span class='ocr_line' id='line_1_44' title="bbox 480 4501 3103 4567; baseline -0.002 -13"><span class='ocrx_word' id='word_1_439' title='bbox 480 4501 803 4565; x_wconf 69' lang='lat' dir='ltr'><strong>(haeredibus</strong></span> <span class='ocrx_word' id='word_1_440' title='bbox 838 4503 1150 4557; x_wconf 81' lang='lat' dir='ltr'><strong>necessariis</strong></span> <span class='ocrx_word' id='word_1_441' title='bbox 1182 4502 1577 4567; x_wconf 79' lang='lat' dir='ltr'><strong>deficientibus)</strong></span> <span class='ocrx_word' id='word_1_442' title='bbox 1613 4503 1680 4555; x_wconf 87' lang='lat' dir='ltr'><strong>ab</strong></span> <span class='ocrx_word' id='word_1_443' title='bbox 1716 4504 1990 4564; x_wconf 74' lang='lat' dir='ltr'><strong>intestam,</strong></span> <span class='ocrx_word' id='word_1_444' title='bbox 2026 4506 2086 4555; x_wconf 83' lang='lat' dir='ltr'><strong>ut</strong></span> <span class='ocrx_word' id='word_1_445' title='bbox 2116 4507 2244 4556; x_wconf 78' lang='lat' dir='ltr'><strong>sunt</strong></span> <span class='ocrx_word' id='word_1_446' title='bbox 2276 4503 2488 4565; x_wconf 77' lang='lat' dir='ltr'><strong>iratres,</strong></span> <span class='ocrx_word' id='word_1_447' title='bbox 2546 4503 2815 4565; x_wconf 82' lang='lat' dir='ltr'><strong>ceterique</strong></span> <span class='ocrx_word' id='word_1_448' title='bbox 2865 4509 3103 4552; x_wconf 73' lang='lat' dir='ltr'><strong>consan-</strong></span> 
     </span>
     <span class='ocr_line' id='line_1_45' title="bbox 478 4564 3105 4691; baseline -0.002 -12"><span class='ocrx_word' id='word_1_449' title='bbox 478 4566 705 4679; x_wconf 56' lang='lat' dir='ltr'><strong>tanei</strong></span> <span class='ocrx_word' id='word_1_450' title='bbox 733 4567 1788 4691; x_wconf 55' lang='lat' dir='ltr'><strong>⁶1„sarriana“arsissans</strong></span> <span class='ocrx_word' id='word_1_451' title='bbox 1812 4566 2063 4680; x_wconf 60' lang='lat' dir='ltr'><strong>ritas:</strong></span> <span class='ocrx_word' id='word_1_452' title='bbox 2090 4564 3105 4679; x_wconf 54' lang='lat' dir='ltr'><strong>Je¹rasrn¹aaia¹sa⁵‘ssiteta</strong></span> 
     </span>
     <span class='ocr_line' id='line_1_46' title="bbox 480 4685 3094 4803; baseline -0.002 -62"><span class='ocrx_word' id='word_1_453' title='bbox 480 4689 696 4803; x_wconf 63' lang='lat' dir='ltr'><strong>nonusit</strong></span> <span class='ocrx_word' id='word_1_454' title='bbox 727 4691 781 4801; x_wconf 50' lang='lat' dir='ltr'><strong>aa</strong></span> <span class='ocrx_word' id='word_1_455' title='bbox 802 4689 883 4752; x_wconf 86' lang='lat' dir='ltr'><strong>is;</strong></span> <span class='ocrx_word' id='word_1_456' title='bbox 918 4690 1046 4754; x_wconf 84' lang='lat' dir='ltr'><strong>quia</strong></span> <span class='ocrx_word' id='word_1_457' title='bbox 1079 4691 1265 4741; x_wconf 85' lang='lat' dir='ltr'><strong>vivens</strong></span> <span class='ocrx_word' id='word_1_458' title='bbox 1295 4690 1526 4751; x_wconf 65' lang='lat' dir='ltr'><strong>&#39;pertinet</strong></span> <span class='ocrx_word' id='word_1_459' title='bbox 1560 4688 1628 4740; x_wconf 77' lang='lat' dir='ltr'><strong>ad</strong></span> <span class='ocrx_word' id='word_1_460' title='bbox 1658 4689 1923 4741; x_wconf 84' lang='lat' dir='ltr'><strong>familiam</strong></span> <span class='ocrx_word' id='word_1_461' title='bbox 1959 4689 2158 4752; x_wconf 77' lang='lat' dir='ltr'><strong>mariti,</strong></span> <span class='ocrx_word' id='word_1_462' title='bbox 2198 4692 2252 4743; x_wconf 84' lang='lat' dir='ltr'><strong>et</strong></span> <span class='ocrx_word' id='word_1_463' title='bbox 2282 4689 2405 4743; x_wconf 89' lang='lat' dir='ltr'><strong>ideo</strong></span> <span class='ocrx_word' id='word_1_464' title='bbox 2460 4688 2767 4742; x_wconf 78' lang='lat' dir='ltr'><strong>necessario</strong></span> <span class='ocrx_word' id='word_1_465' title='bbox 2798 4688 2882 4739; x_wconf 88' lang='lat' dir='ltr'><strong>est</strong></span> <span class='ocrx_word' id='word_1_466' title='bbox 2912 4685 2981 4743; x_wconf 72' lang='lat' dir='ltr'><strong>ab</strong></span> <span class='ocrx_word' id='word_1_467' title='bbox 3020 4696 3094 4737; x_wconf 84' lang='lat' dir='ltr'><strong>eo</strong></span> 
     </span>
     <span class='ocr_line' id='line_1_47' title="bbox 479 4760 813 4804; baseline -0.006 -1"><span class='ocrx_word' id='word_1_468' title='bbox 479 4762 575 4804; x_wconf 77' lang='lat' dir='ltr'><strong>sus</strong></span> <span class='ocrx_word' id='word_1_469' title='bbox 622 4760 724 4804; x_wconf 89' lang='lat' dir='ltr'><strong>nen</strong></span> <span class='ocrx_word' id='word_1_470' title='bbox 766 4761 813 4801; x_wconf 84' lang='lat' dir='ltr'><strong>a.</strong></span> 
     </span>
    </p>
   </div>
  </div>
 </body>
</html>
