3292 5167
561 259 606 327 8
809 310 814 316 .
1322 280 1448 326 mu.
1495 280 1559 325 tt.
1607 281 1802 326 ‘ruse-r
1845 280 1901 325 v.
1948 281 2100 326 mse.
2138 280 2408 327 rumano.

640 382 723 444 5.
766 382 860 445 Ex
900 381 1000 445 his
1043 390 1217 461 patet
1258 384 1451 444 etiam
1513 383 1663 462 quid
1726 385 1809 447 sit
1870 381 2078 446 cultus
2147 383 2275 445 Deo
2340 381 2632 445 debitus:
2669 385 2766 442 est
2806 395 2936 441 com
2983 378 3148 441 lexic

564 462 823 525 illorum
864 471 1141 539 actuum,
1184 460 1411 542 quibus
1454 464 1771 544 infinitam
1814 463 1926 526 Dei
1971 462 2404 526 eaecellentiam
2470 468 2800 537 testamur,
2842 462 2899 522 ei
2975 475 3151 540 mque

549 541 946 623 ‘famulatum
989 538 1367 605 exhibemus,
1411 544 1617 617 Quare
1651 546 1788 608 baec
1832 543 2029 607 cultui
2069 545 2430 606 inhaereant
2468 557 2731 605 necesse
2774 548 2908 603 est:
2955 540 3017 622 1)
3059 550 3149 601 te·

564 624 937 686 stimonium
976 623 1378 686 excellentiae
1423 625 1618 693 illius,
1651 627 1756 705 qui
1791 624 2024 687 colitur
2046 643 2064 700 ;
2099 623 2166 705 2)
2203 623 2542 686 submissio
2587 621 2784 698 illiuS,
2820 621 2926 700 qui
2964 617 3153 682 colit:

564 718 797 783 nempe
839 703 1048 767 cultus
1090 712 1190 766 est
1233 703 1441 767 honor
1476 722 1618 769 cum
1665 705 2116 768 submissione.

647 783 895 864 Duplex
937 792 1146 858 autem
1193 784 1403 847 cultus
1432 782 1895 866 distinguitur:
1924 787 2212 848 internus
2255 797 2442 857 unuS,
2471 782 2577 863 qui
2611 782 2789 845 intus
2835 782 2899 843 iu
2933 780 3147 843 auimo

564 867 919 944 perficitur,
963 867 1058 928 uti
1102 874 1254 928 sunt
1295 874 1472 929 actus
1516 868 1757 929 interni
1804 865 2166 928 devotionis
2202 879 2274 926 ac
2311 861 2523 924 cordis
2565 864 2807 936 orati03
2850 869 3151 924 eat-ternus

566 943 752 1021 alter,
795 947 903 1025 qui
949 947 1207 1009 interno
1243 944 1425 1009 addit
1468 955 1801 1009 externam
1846 946 2134 1026 corporis
2179 943 2648 1018 habitudinem,
2695 952 2766 1005 ut
2809 950 2907 1004 est
2951 956 3151 1020 genu·

566 1025 776 1104 flexi0‚
807 1035 1053 1105 cautus,
1075 1035 1193 1091 etc.
1220 1027 1371 1100 Quae
1395 1026 1626 1089 divisio
1661 1043 1743 1089 ex
1770 1042 1845 1090 eo
1876 1027 2235 1101 deducitur,
2268 1022 2434 1103 quod
2461 1023 2651 1085 homo
2688 1024 2872 1085 sicuti
2906 1027 3155 1084 constat

567 1108 776 1169 anima
823 1115 890 1170 et
922 1123 1188 1188 corpore
1201 1125 1222 1183 3
1252 1111 1335 1171 ita
1369 1109 1583 1171 auimo
1613 1114 1679 1170 et
1706 1122 1972 1187 corpore
2002 1104 2203 1169 Deum
2231 1120 2414 1166 suum
2451 1102 2663 1182 colere
2706 1110 2965 1166 tenetur
3005 1100 3153 1182 (B).

1134 1400 2044 1481 nnsPUTATlo
2101 1345 2620 1478 Pullum

1330 1651 1440 1717 DE
1486 1649 1956 1717 RELIGIONIS
2002 1618 2373 1720 Acrlims

1468 1997 1801 2067 CAPUT
1839 1998 2272 2068 ῬΗΙΜΗΜ

1292 2150 1388 2207 DE
1443 2150 1860 2209 DEVOTIONE
1909 2150 1998 2208 ET
2054 2149 2434 2208 ORATIONE.

654 2346 744 2408 θ.
792 2346 863 2425 Q.
916 2347 974 2413 1.
1027 2347 1179 2427 Quis
1224 2358 1312 2414 est
1357 2323 1641 2415 devotio?

655 2454 725 2519 R.
776 2453 827 2519 A
875 2454 1071 2521 verbo
1117 2455 1407 2522 devovere
1452 2455 1874 2523 devotionem
1924 2454 2194 2524 deduxit
2240 2456 2563 2542 Angelus:
2612 2456 2809 2524 devoti
2870 2457 3167 2523 dicuntur

566 2559 676 2644 qui
722 2559 952 2647 seipsos
997 2562 1261 2646 quodam
1311 2562 1490 2629 modo
1537 2566 1664 2631 Deo
1711 2570 2022 2658 devovent,
2072 2575 2137 2630 ut
2186 2563 2241 2630 ei
2283 2583 2348 2631 se
2392 2565 2663 2631 totaliter
2705 2564 2969 2630 subdant
3003 2559 3051 2630 ¹.

661 2667 987 2734 Definitur
1033 2675 1254 2737 autem
1301 2669 1601 2739 devotio:
1651 2671 1939 2764 voluntas
1976 2683 2262 2758 prompte
2294 2663 2568 2760 faciendi
2602 2690 2979 2757 quoecunque
3016 2689 3168 2759 per-

568 2775 724 2842 tinet
769 2777 854 2843 ad
896 2779 1011 2845 Dei
1056 2778 1453 2866 famulatum.
1505 2778 1795 2846 Dicitur:
1829 2816 1920 2827 -
1954 2779 2020 2865 1)
2068 2780 2374 2862 voluntas,
2409 2779 2559 2865 quia
2600 2797 2731 2847 non
2779 2780 2987 2865 magis
3025 2779 3171 2867 ipsa

566 2883 831 2951 volendi
883 2884 1157 2953 facultas
1204 2885 1576 2970 indicatur,
1627 2903 1826 2972 quam
1900 2886 2195 2972 ejusdem
2258 2894 2443 2955 actus
2492 2893 2558 2954 et
2606 2886 2992 2956 exercitium
3009 2913 3029 2970 ;
3076 2923 3174 2935 —-

571 2989 641 3073 2)
684 3001 1008 3078 prompte;
1055 3008 1131 3059 ea
1178 2993 1353 3060 enim
1402 2998 1505 3061 est
1552 2991 1810 3061 indoles
1858 2993 2134 3061 sincerae
2185 2993 2576 3077 devotionis,
2624 3000 2699 3061 ut
2747 2994 3033 3062 animum
3076 2993 3174 3061 ia-

570 3096 698 3163 ciat
725 3098 1005 3168 alacrem
1042 3106 1108 3166 et
1142 3100 1520 3186 expeditum
1556 3101 1622 3168 in
1660 3100 1989 3184 omnibuS,
2026 3118 2175 3185 quae
2211 3100 2471 3169 suntad
2511 3103 2743 3184 Deum,
2762 3101 2946 3187 Juxta
2972 3100 3176 3169 illud:

559 3217 865 3290 paratum
911 3225 1021 3273 cor
1064 3227 1311 3286 meum,
1358 3211 1558 3292 Deus,
1600 3220 1901 3295 paratum
1945 3226 2053 3275 cor
2095 3226 2300 3274 meum
2345 3211 2395 3290 ²3
2441 3246 2532 3259 —-·
2578 3209 2646 3293 3)
2686 3207 2956 3294 faciendi
3001 3215 3174 3290 etc.;

572 3328 720 3377 nam
760 3314 1046 3398 probatio
1080 3315 1318 3381 amoris
1362 3314 1660 3380 eoehibitio
1706 3325 1791 3381 est
1839 3314 2059 3401 operis.
2107 3315 2202 3381 Ex
2249 3314 2350 3382 his
2386 3313 2761 3400 deduci-tur:

731 3420 801 3501 a)
852 3419 1034 3487 Licet
1082 3438 1232 3488 vera
1282 3419 1547 3488 devotio
1597 3422 1989 3507 plerumque
2038 3419 2411 3507 adjunctam
2471 3421 2706 3490 habeat
2777 3421 3173 3511 interiorem

576 3523 903 3608 quandam
950 3527 1151 3594 animi
1200 3528 1496 3597 laetitiam
1513 3553 1531 3609 ;
1584 3535 1970 3595 nontamen
2021 3529 2295 3597 effectus
2343 3529 2597 3598 iste·ad
2643 3529 3013 3598 devotionis
3048 3547 3175 3597 na-

573 3637 790 3699 turam
836 3632 925 3700 ita
977 3634 1285 3720 pertinet,
1336 3640 1409 3702 ut
1459 3634 1604 3702 sine
1645 3634 1753 3701 illa
1802 3632 2063 3703 devotio
2113 3641 2287 3703 stare
2335 3644 2643 3722 nequeat.
2693 3636 2907 3704 Animi
2945 3655 3180 3722 prom-

574 3737 833 3822 ptitudo
899 3740 1098 3807 etiam
1170 3758 1319 3808 cum
1390 3727 1667 3808 summa'
1717 3759 2035 3809 sensuum
2099 3742 2399 3810 ariditate
2469 3743 2808 3827 consistit,
2864 3749 2938 3810 ut
2987 3751 3182 3829 patet

576 3847 880 3931 exemplo
932 3847 1145 3934 ipsius
1192 3847 1460 3930 Christi,
1497 3849 1606 3934 qui
1640 3850 1820 3942 ccepit
1856 3868 2088 3936 pavere
2115 3859 2169 3915 et
2201 3849 2426 3917 toedere
2458 3856 2509 3916 ³.
2544 3850 2655 3917 Sic
2691 3850 2916 3936 plures
2942 3851 3182 3920 Sancti

573 3952 641 4017 in
691 3969 945 4020 summa
1007 3952 1309 4022 ariditate
1378 3954 1692 4037 fuerunt,
1763 3954 1852 4021 ita
1924 3955 2063 4022 Deo
2139 3956 2610 4040 permittente,
2657 3956 2757 4024 vel
2806 3955 2887 4024 ad
2935 3975 3055 4026 eos
3106 3958 3183 4027 in

576 4058 945 4129 humilitate
994 4060 1504 4144 conservandos,
1552 4061 1654 4129 vel
1702 4060 1782 4129 ad
1830 4062 2132 4148 ipsorum
2181 4063 2380 4130 fidem
2430 4061 2836 4132 firmandam.

754 4170 816 4252 b)
865 4172 1101 4237 Errant
1147 4168 1258 4255 qui
1309 4168 1740 4252 contendunt,
1793 4168 2213 4238 devotionem
2253 4171 2584 4256 pertinere
2621 4179 2874 4239 tantum
2909 4170 2992 4239 ad
3031 4189 3191 4241 mo—

577 4274 845 4358 nachos,
896 4275 1219 4343 moniales
1268 4283 1333 4342 et
1380 4275 1887 4359 ecclesiasticos»,
1939 4277 2125 4361 quasi
2174 4276 2633 4362 promptitudo
2672 4277 2738 4345 in
2795 4278 2911 4346 Dei
2963 4279 3193 4347 famu-

636 4531 659 4570 ⁸
694 4478 1241 4581 Marc.qx1v.’nevotio
1270 4530 1326 4580 in
1358 4529 1687 4592 simplicibus
1720 4531 1773 4583 et
1804 4530 2115 4582 mulieribus
2151 4532 2318 4595 magis
2354 4530 2628 4584 abundare
2678 4533 2872 4596 solet3·
2900 4535 3037 4598 quia
3087 4537 3199 4599 qui

574 4592 793 4644 scientia
824 4594 877 4644 et
906 4594 1115 4654 iugenio
1148 4591 1404 4656 praeditus
1434 4594 1531 4650 est,
1566 4594 1724 4642 nimis
1755 4593 2030 4644 confidens
2067 4593 2135 4644 da
2168 4604 2225 4644 se
2270 4594 2407 4655 ipso,
2448 4604 2559 4644 uon
2609 4596 2844 4647 totaliter
2893 4607 2952 4647 se
2989 4596 3203 4649 subdit

576 4654 703 4705 Dec.
740 4655 791 4706 Si
823 4659 991 4705 tamen
1020 4656 1282 4707 scientiam
1316 4657 1364 4704 et
1393 4665 1762 4718 quamcumque
1793 4657 1953 4705 aliam
1983 4656 2347 4719 perfectionem
2379 4658 2530 4707 homo
2577 4657 2800 4720 perfecte
2849 4658 3065 4719 subdat,
3122 4673 3204 4712 ea:

578 4715 671 4767 hoc
700 4719 807 4780 ipso
838 4718 1031 4770 devotio
1063 4720 1356 4779 auoeretur,
1393 4718 1467 4768 ait
1498 4718 1798 4779 angelicus,
1833 4721 1881 4776 2,
1922 4719 1971 4776 2,
2008 4729 2065 4780 q,
2095 4720 2176 4779 82,
2212 4729 2262 4768 a.
2291 4720 2339 4768 3.
