3292 5167
497 220 621 324 ¹:32
1510 279 1624 324 tin.
1674 276 1738 324 ιι.
1789 279 1998 325 macr.
2049 282 2105 325 v.

499 378 768 454 tessarii,
811 381 919 458 qui
965 393 1180 440 curam
1227 378 1391 441 lianc
1434 378 1551 441 sibi
1602 382 1960 458 suscipiunt
2007 380 2379 444 insinuandi
2426 382 2561 444 suis
2604 380 3083 461 poenitentibus

499 461 615 521 boc
662 469 786 521 tam
831 460 1044 537 magni
1090 460 1396 520 momenti
1446 462 1829 523 exercitium
1873 462 2183 523 orationis
2244 461 2589 537 mentalis,
2634 463 2769 524 sive
2812 462 3086 523 medita·

500 541 711 613 tionis,
752 540 894 602 sine
935 554 1061 618 quo
1104 539 1290 602 valde
1348 538 1607 602 difficile
1651 550 1748 603 est
1790 541 2070 603 animam
2136 557 2318 620 posse
2382 558 2795 620 perseverare
2849 543 2912 603 in
2965 541 3084 605 Dei

496 619 796 694 amicitia,
838 626 904 681 et
946 619 1341 697 impossibile
1384 629 1482 681 est
1527 622 1589 681 in
1637 622 1804 682 viam
1845 619 2258 701 perfectionis
2303 637 2370 684 se
2415 623 2799 685 immittere!
2847 620 2913 684 Si
2960 621 3083 684 ali-

495 715 615 777 qua
662 702 932 763 attentio
978 700 1041 760 in
1091 700 1206 761 bac
1271 716 1339 762 re
1397 698 1859 778 adhiberetur,
1921 710 2075 781 quot
2129 705 2364 764 animae
2425 703 2805 766 viderentur
2848 704 2917 764 in
2964 703 3083 764 Bei

496 795 776 841 amorem
823 780 1121 841 accendit
1169 779 1292 842 Sed
1340 780 1457 841 boc
1500 784 1641 859 quis
1689 797 1816 843 non
1862 793 2204 861 operatur,
2251 798 2331 844 ne
2373 781 2493 843 sibi
2541 784 2785 863 aliquid
2831 783 3082 845 incom-

497 860 664 921 modi
712 862 1049 938 suscipiat3
1094 860 1259 922 alius
1307 877 1386 922 ne
1431 861 1730 924 stimulus
1772 878 1904 925 suae
1937 863 2353 941 exprobantis
2390 866 2803 925 conscientiae
2840 863 3086 925 sentiat

500 940 563 1000 in
610 940 940 1003 suadendo
984 941 1128 1002 aliis
1174 942 1406 1003 bonum
1451 942 1619 1020 quod
1668 944 1803 1020 ipse
1861 943 2149 1022 negligit.
2219 941 2475 1005 Summa
2543 944 2680 1007 baec
2734 952 2860 1018 est,
2906 942 3083 1022 quod

499 1035 669 1082 curae
715 1021 834 1081 boc
879 1037 1005 1082 non
1053 1031 1168 1095 est,
1217 1024 1363 1100 quia
1409 1036 1631 1099 parum
1679 1023 1974 1100 diligitur
2016 1023 2199 1086 Jesus
2242 1021 2554 1086 Christus,

597 1126 618 1155 ι
664 1100 755 1163 Ob
802 1102 852 1163 si
901 1101 1163 1165 Parocbi
1202 1112 1266 1163 et
1308 1102 1684 1165 confessarii
1731 1103 2001 1165 multum
2047 1103 2398 1181 diligerent
2425 1103 2637 1167 Jesum
2670 1102 3016 1179 Christum,
3045 1118 3082 1165 a

499 1189 653 1258 quot
696 1182 1023 1244 efficerent
1066 1191 1138 1245 ut
1179 1191 1542 1253 amaretur,
1587 1193 1652 1245 et
1694 1200 1805 1245 eos
1849 1182 1926 1245 ab
1971 1184 2229 1246 inferno
2274 1183 2659 1247 liberarentl
2697 1184 2899 1263 lgitur
2928 1200 3085 1245 exo-

503 1261 740 1323 randus
789 1263 1092 1324 Dominus
1136 1270 1235 1325 est
1280 1273 1389 1337 ut,
1438 1265 1489 1325 si
1540 1263 1695 1325 velit
1737 1267 1937 1326 amari
1984 1265 2063 1326 ab
2107 1263 2484 1341 animabus,
2529 1264 2720 1328 faciet
2763 1282 2833 1326 se
2877 1265 3083 1325 amari

500 1358 533 1402 a
580 1342 1040 1405 sacerdotibus.
1078 1368 1100 1397 ι
1159 1343 1348 1404 Homo
1392 1344 1529 1421 Ap„
1582 1352 1658 1405 tr.
1702 1361 1813 1414 vu,
1859 1360 1919 1405 n.
1964 1344 2058 1406 44.
2300 1398 2307 1407 .

586 1420 778 1482 182.
824 1425 893 1500 c)
921 1422 1137 1495 Quoad
1173 1424 1516 1486 meditandi
1551 1425 1813 1495 modum,
1843 1434 2061 1486 monet
2094 1425 2329 1502 saepius
2359 1423 2655 1487 laudatus
2683 1422 2893 1502 Stapf:
2939 1447 2962 1476 ι
2994 1421 3090 1484 Ne

502 1502 651 1562 dum
695 1519 951 1565 oramus
997 1520 1178 1566 mens
1226 1515 1441 1566 nostra
1491 1513 1617 1566 tam
1665 1497 1852 1566 facile
1896 1504 2236 1575 dilabatur,
2268 1505 2443 1566 illam
2484 1512 2614 1566 tum
2648 1504 2723 1566 ad
2763 1503 3089 1566 orandum

503 1584 740 1659 praevie
785 1584 1131 1662 disponere
1159 1633 1174 1659 ,
1224 1592 1355 1646 tum
1397 1584 1560 1647 forte
1604 1595 1981 1663 evagantem
2030 1587 2257 1647 iterato
2321 1594 2387 1647 et
2429 1584 2781 1664 tranquille
2825 1582 3089 1645 recolli·

504 1678 654 1739 gere
700 1673 969 1741 oportet.
1019 1664 1263 1727 Pariter
1306 1674 1613 1743 quantum
1665 1666 1802 1727 fieri
1851 1674 2081 1743 potest,
2126 1674 2374 1744 tempus
2419 1673 2482 1726 et
2527 1664 2703 1727 locus
2747 1675 2938 1742 atque
2988 1672 3084 1724 to·

505 1743 629 1803 tius
674 1745 1049 1825 compositio
1114 1746 1200 1807 ita
1268 1746 1661 1808 instituenda
1704 1755 1902 1820 sunt,
1955 1754 2026 1807 ut
2067 1746 2322 1808 devotio
2390 1755 2603 1807 nostra
2665 1745 2907 1806 exinde
2951 1759 3085 1805 non

504 1825 815 1899 turbetur,
855 1826 967 1887 sed
1029 1824 1320 1887 foveatur
1368 1829 1575 1904 potius
1580 1873 1698 1888 ......
1745 1826 2105 1887 Praesertim
2158 1826 2449 1887 bomines
2494 1824 2706 1887 minus
2751 1824 2909 1887 culti
2964 1839 3088 1902 per

504 1901 701 1965 libros
748 1904 1182 1984 formulasque
1227 1922 1379 1968 vere
1422 1908 1558 1985 pias
1601 1915 1667 1968 et
1709 1909 1917 1985 captui
1964 1922 2077 1968 suo
2141 1907 2599 1967 convenientes
2665 1906 2932 1967 multum
2976 1905 3081 1982 J'u·

500 1993 764 2058 vantur;
808 1986 959 2063 quid
1006 1987 1176 2047 enim
1227 1987 1403 2062 tales,
1452 1988 1808 2064 praesertim
1846 1987 2161 2065 juniores,
2209 1986 2326 2048 sub
2372 1985 2593 2047 divino
2635 1987 2841 2047 officio
2873 1984 3075 2056 medi·

505 2066 623 2126 tari
673 2065 905 2139 solent,
956 2068 1078 2127 nisi
1118 2065 1280 2128 liber
1312 2066 1544 2145 aliquis
1577 2067 1833 2129 illorum
1883 2077 2011 2128 tum
2058 2065 2277 2129 oculos
2313 2074 2447 2128 tum
2480 2068 2899 2143 cogitationes
2936 2062 3091 2126 reli·

503 2145 679 2220 giose
722 2158 1058 2224 occupatas
1108 2155 1369 2209 teneant
1410 2160 1600 2225 atque
1645 2149 1930 2209 animum
1974 2162 2227 2208 sursum
2270 2147 2599 2208 evehant?
2642 2146 2823 2208 Unde
2860 2144 3088 2207 Pastor

504 2225 635 2286 suis
683 2226 1025 2304 insigniter
1073 2226 1256 2305 plane
1303 2230 1621 2301 consulit,
1667 2228 1817 2290 dum
1882 2229 1948 2288 in
2015 2227 2472 2288 communitate
2538 2226 2735 2288 libros
2792 2223 3088 2304 divulgat

509 2304 811 2383 religioso
848 2308 1076 2385 spiritu
1125 2307 1402 2385 repletos
1445 2318 1510 2370 et
1544 2309 1812 2371 solidam
1860 2309 2160 2385 pietatem
2205 2305 2541 2368 stillantes.
2587 2330 2608 2360 ι
2692 2336 2713 2343 ‘

663 2386 737 2461 d)
779 2385 993 2459 Quoad
1039 2388 1379 2466 agendum,
1426 2389 1683 2452 lectione
1723 2395 2005 2468 peracta,
2078 2388 2215 2448 liaec
2264 2395 2593 2449 notamus:
2638 2388 2741 2465 qui
2792 2383 2955 2447 libro
3000 2384 3083 2447 ad

505 2464 942 2547 meditandum
992 2472 1213 2541 utitur,
1277 2468 1378 2529 vel
1426 2486 1494 2531 se
1547 2477 1746 2531 totum
1804 2478 2104 2530 exerceat
2158 2467 2221 2527 in
2283 2467 2528 2529 actibus
2589 2468 2939 2529 voluntatis
2974 2465 3091 2527 eli·

505 2545 772 2621 ciendis,
820 2549 985 2613 idest
1028 2551 1432 2624 humilitatis,
1482 2552 1839 2626 gratiarum
1885 2547 2177 2621 actioniS,
2220 2549 2652 2621 contritionis»,
2711 2546 2881 2621 fidei,
2924 2545 3088 2624 spei,

508 2625 860 2704 charitatiS,
909 2640 1063 2704 etc.;
1109 2629 1209 2690 vel
1254 2630 1582 2692 incumbat
1626 2629 2066 2709 petitionibus,
2109 2626 2338 2705 quibus
2373 2631 2727 2706 praesertim
2766 2626 2872 2688 Dei
2907 2642 3086 2687 amo-

465 2720 637 2767 ·rem
687 2718 751 2769 et
797 2711 1342 2787 perseverantiam
1389 2710 1646 2771 finalem
1693 2709 2032 2788 efflagitet3
2094 2707 2198 2769 vel
2262 2707 2542 2786 denique
2608 2711 2673 2768 in
2743 2707 3091 2785 propositis

508 2789 893 2865 peragendis
939 2798 1318 2869 occupetur:
1363 2792 1509 2868 quia
1557 2799 1626 2853 ut
1668 2789 2004 2852 meditatio
2048 2789 2132 2849 sit
2179 2788 2536 2861 fructuosa,
2580 2803 2840 2848 necesse
2875 2796 2973 2848 est
3016 2794 3096 2849 ut

507 2868 719 2947 anima
767 2879 1004 2933 statuat
1046 2871 1410 2933 executioni
1459 2870 1767 2933 mandare
1812 2886 1953 2948 quae
1990 2871 2055 2930 in
2091 2870 2221 2946 ipsa
2256 2868 2675 2931 meditatione
2707 2867 3091 2945 exequenda

507 2949 835 3026 cognovit:
871 2952 1077 3025 Nemo,
1107 2952 1318 3029 inquit
1346 2949 1651 3027 Salesius,
1677 2949 1855 3013 debet
1887 2951 2195 3028 imponere
2220 2948 2401 3027 finem
2435 2948 2711 3011 orationi
2738 2946 3094 3026 (mentali),

501 3027 636 3089 nisi
674 3030 855 3106 prius
895 3033 1213 3110 peculiare
1243 3032 1497 3109 aliquod
1523 3033 1915 3111 propositam
1947 3030 2387 3109 efformaverit,
2417 3036 2572 3108 pata
2599 3028 2877 3107 defectas
2908 3044 3096 3107 quos·

506 3107 652 3168 dam
694 3113 1082 3184 emendandi,
1125 3113 1455 3181 exercendi
1496 3113 1798 3175 virtatem
1839 3110 2162 3189 aliquam,
2204 3110 2273 3172 in
2315 3126 2438 3188 qua
2481 3125 2690 3189 nempe
2732 3127 2793 3171 se
2847 3109 3102 3171 noverit

508 3185 862 3253 debitorem.
899 3226 976 3239 -—
1031 3194 1090 3254 V.
1126 3191 1467 3269 Da-Ponte,
1503 3192 1583 3254 De
1618 3200 1758 3254 arte
1793 3191 2153 3253 meditandi.
2189 3222 2267 3235 —
2299 3190 2477 3252 Delia
2518 3191 2805 3253 maniera
2834 3189 3100 3267 pratica

506 3268 573 3329 di
616 3272 936 3348 meditare,
982 3271 1199 3336 lstruz.
1246 3276 1506 3352 pratica.
1550 3274 1810 3348 Torino,
1847 3271 2025 3336 1840.
2070 3305 2147 3316 —
2189 3264 2481 3334 Maniera
2524 3272 2591 3333 di
2631 3271 2741 3350 far
2788 3270 2852 3332 la
2897 3269 3093 3331 Medi·

510 3350 761 3413 tazione
807 3370 921 3413 eon
967 3354 1323 3434 i'ayqianta
1357 3354 1423 3415 di
1466 3355 1508 3416 4
1545 3353 1956 3415 nieditazioni
2010 3351 2266 3413 secondo
2330 3358 2541 3431 questo
2603 3352 2858 3431 metodo.
2900 3348 3097 3427 Vige-

507 3443 691 3489 vano.
719 3466 798 3477 -
841 3433 1172 3509 Belleccio,
1216 3434 1452 3495 Facilis
1497 3433 1815 3495 methodus
1857 3434 1984 3495 rite
2025 3432 2393 3493 meditandi.
2421 3464 2497 3481 —-
2530 3430 2862 3494 Emer-cilia
2904 3430 3098 3508 spiri-

511 3510 719 3571 tualia
761 3531 808 3574 s.
852 3530 908 3591 p.
956 3513 1194 3593 [qnatii
1234 3515 1305 3577 de
1348 3514 1573 3593 Loyola
1616 3531 1758 3575 cum
1799 3515 2078 3575 versione
2123 3512 2389 3574 literali.
2434 3510 2669 3586 Romae,
2708 3511 2863 3573 1854
2893 3510 3102 3589 (Opus

507 3587 893 3731 adtrssirabile
940 3598 1224 3673 omnino,
1253 3593 1434 3657 Sedis
1479 3595 1861 3674 Apostolicae
1898 3593 2143 3673 judicio
2172 3599 2237 3654 et
2271 3594 2557 3656 omnium
2591 3589 2883 3657 ‚utilitate
2926 3606 3095 3657 com·

554 3686 625 3731 ro
674 3682 844 3737 atum
880 3722 896 3737 .

511 3685 549 3747 p
599 3752 793 3813 ¹83.
838 3674 1129 3828 gluaeres:
1175 3755 1323 3834 quid
1364 3750 1544 3817 circa
1585 3753 1964 3816 tentationes
2009 3753 2076 3814 in
2117 3751 2564 3815 meditatione?

591 3837 661 3898 R.
707 3835 860 3896 Tres
904 3844 1053 3899 sunt
1099 3839 1435 3915 praecipuae
1484 3835 1892 3909 tentationes,
1936 3832 2164 3911 quibus
2224 3832 2474 3894 daemon
2521 3830 2684 3893 solet
2726 3830 3098 3895 meditatio-

512 3919 613 3980 nis
658 3914 892 3977 bonum
939 3916 1337 3995 perturbare,
1384 3930 1645 3993 nempe:
1754 3956 1762 3962 -
2940 3958 2970 4002 ⁴.

674 3997 726 4058 t.
769 3996 1164 4059 Ariditates:
1208 3996 1314 4058 ubi
1362 3995 1595 4059 desunt
1637 3997 1703 4059 in
1750 3993 2169 4055 meditatione
2213 3992 2686 4055 consolationes
2730 3988 3101 4065 sensibiles,

513 4080 723 4142 anima
771 4076 1005 4139 dicitur
1051 4078 1116 4138 in
1164 4076 1466 4139 ariditate
1511 4076 1834 4138 constitui.
1878 4073 1993 4135 Hic
2039 4082 2270 4152 praesto
2334 4075 2418 4134 sit
2476 4071 2909 4133 confessarius
2954 4071 3095 4132 ani·

513 4173 680 4221 mam
724 4157 1179 4219 confortando:
1227 4157 1290 4234 1)
1334 4159 1392 4218 ei
1439 4154 1705 4219 suadeat
1749 4154 2114 4216 ariditatem
2162 4152 2411 4215 facilius
2460 4156 2573 4212 nos
2625 4151 2983 4230 perducere
3016 4149 3101 4213 ad

512 4240 816 4300 virtutem
863 4236 1127 4299 solidam
1152 4256 1171 4313 3
1215 4253 1383 4309 nam,
1434 4237 1523 4299 ait
1566 4253 1613 4298 s.
1660 4236 1963 4315 ignatiuS,
2006 4233 2170 4296 nihil
2214 4233 2427 4312 aptius
2470 4239 2567 4294 est
2611 4232 2693 4293 ad
2734 4231 3098 4293 ewercitan·

512 4318 658 4380 dam
701 4318 904 4396 iynem
946 4319 1180 4381 amoris
1221 4318 1439 4392 divini,
1481 4332 1670 4396 quam
1715 4316 1955 4395 liquam
2003 4313 2264 4385 Cruois;
2310 4313 2373 4385 Ξ)
2417 4313 2619 4392 ipsam
2667 4315 2982 4384 hortetur,
3028 4318 3103 4374 ut

513 4414 581 4459 se
626 4399 949 4459 examinet
992 4402 1132 4461 siue
1168 4400 1516 4461 anxietate:
1575 4399 1624 4459 si
1672 4395 1825 4475 quid
1872 4394 1969 4457 cul
2023 4410 2076 4455 ae
2123 4394 2429 4468 inveniat,
2473 4396 2727 4454 sincere
2771 4390 2991 4453 doleat
3035 4400 3103 4453 et

514 4477 1031 4540 emendationem
1077 4482 1425 4558 promittat,
1465 4492 1655 4540 secus
1700 4479 1940 4556 gratias
2038 4489 2112 4535 eo
2159 4481 2453 4553 peragat,
2503 4483 2567 4535 et
2610 4487 2678 4534 se
2722 4469 2818 4533 illi
2869 4470 3102 4534 humil·

515 4557 667 4619 lime
712 4557 1042 4636 subjiciat:
1084 4560 1149 4637 3)
1192 4559 1403 4620 eidem
1447 4574 1750 4637 expresse
1798 4556 2053 4629 'ubeat‚
2106 4568 2188 4615 ne
2252 4552 2395 4615 ideo
2460 4552 2663 4616 ullum
2735 4551 3103 4614 devotionis

516 4637 893 4701 exercitium
937 4638 1218 4700 omittat:
1263 4640 1410 4715 imo,
1439 4639 1488 4699 si
1529 4652 1774 4698 commo
1824 4651 1861 4698 e
1891 4639 2122 4715 potest,
2151 4631 2405 4714 aliquod
2446 4630 2855 4712 superaddat,
2888 4634 3105 4694 sciens

516 4735 708 4798 opera
752 4720 819 4780 in
866 4716 973 4780 tali
1023 4717 1218 4781 toedio
1263 4718 1390 4779 Deo
1433 4732 1574 4779 esse
1617 4716 1897 4797 gratiora
1942 4723 2006 4778 et
2047 4714 2248 4793 magis
2292 4715 2641 4777 meritoria.
2685 4711 2850 4785 Quot
2899 4712 3103 4775 aridi-
