3292 5167
516 259 648 326 490
869 257 878 274 '
1184 278 1297 324 Lm.
1347 280 1410 324 ιι.
1461 279 1679 334 macr.
1720 276 1825 324 vii.
1874 279 2026 324 nisi).
2076 278 2140 323 ii.
2189 279 2318 325 cai».
2366 278 2407 324 1.

512 354 865 455 declaravit
913 383 980 450 S.
1029 381 1309 451 concilii
1362 383 1803 470 congregatio
1853 375 1892 451 δ’
1928 390 2057 452 oct.
2116 383 2441 465 i744;--
2472 382 2541 469 2)
2577 381 2786 454 dictas
2858 355 3117 470 poenas,

512 495 759 578 praeter
806 487 1585 574 excommunicationem,
1620 508 1770 558 non
1821 489 2089 572 incurri,
2142 489 2268 558 nisi
2316 496 2475 598 post
2521 485 2925 559 sententiam
2976 490 3125 558 -sai-

512 605 648 668 tem
695 596 1201 666 declaratoriam
1249 595 1566 666 criminis.
1619 596 2241 667 Excommunicatio
2291 603 2518 666 autem*
2562 575 2691 665 iata
2739 597 2807 665 in
2873 614 3123 684 provo-

389 721 398 730 ·
511 712 736 777 cantes
786 712 851 774 et
897 712 1317 791 acceptantes
1389 704 1683 773 duellum
1735 705 2105 774 incurritur
2173 706 2362 774 etiam
2401 693 2620 794 puy‘na
2684 726 2813 773 non
2879 716 3109 789 sectata,

510 815 824 911 excitato
860 812 1182 881 Pontifice
1205 838 1224 895 3
1251 850 1340 862 —-
1367 813 1435 899 3)
1470 811 1593 881 nisi
1631 793 1927 881 duellum
1961 812 2048 881 sit
2084 813 2447 882 notorium·
2470 820 2582 881 aut
2619 800 2990 881 ‘deductum
3037 810 3122 879 ad

512 922 729 1012 forum
781 919 1295 1003 contentiosum,
1346 920 1515 988 bene
1551 926 1834 1005 possunt
1881 918 2194 1012 Episcopi
2247 920 2589 990 absolvere
2623 920 2705 989 ab
2740 937 3122 989 excommu-

510 1028 847 1108 nicatione
896 1045 976 1095 ex
1025 1026 1240 1114 capite
1286 1027 1496 1094 Liceat
1539 1026 1632 1113 (in
1672 1025 2113 1114 Tridentino).
2154 1027 2730 1114 Regulares·vero‚
2779 1034 2963 1095 extra
3012 1046 3124 1095 ur-

511 1136 664 1238 begn
712 1142 776 1204 et
824 1135 992 1203 intra
1047 1133 1318 1216 ltaliam,
1357 1152 1487 1202 non
1524 1141 1807 1221 possunt
1856 1134 1914 1202 vi
1965 1135 2460 1222 privilegiorum
2510 1136 2862 1204 absolvere
2880 1161 2899 1217 3
2958 1152 3123 1222 pos-

510 1250 666 1313 sunt
712 1250 928 1312 tamen
980 1242 1042 1309 in
1094 1242 1258 1309 urhe
1306 1244 1552 1324 Romae,
1604 1247 1671 1310 et
1718 1221 1901 1310 &xtra
1938 1240 2190 1311 ltaliam
2225 1260 2303 1312 ex
2339 1244 2621 1312 Decreto
2656 1243 2722 1311 S.
2752 1245 2830 1311 C.
2872 1245 3117 1331 Congr.

519 1351 601 1418 16
649 1368 806 1418 nov.
856 1351 1025 1417 1602
1073 1347 1426 1417 mandante
1476 1348 1818 1418 Clemente
1868 1352 2042 1436 Papa
2089 1351 2235 1419 Vni
2286 1351 2383 1434 (J)
2436 1356 2485 1418 ¹.
3064 1369 3071 1377 ·

600 1452 789 1525 Ἀθ.
843 1461 914 1542 Q.
966 1460 1025 1524 7.
1081 1457 1245 1539 Quid
1287 1469 1374 1524 est
1419 1457 1692 1541 abortus,
1741 1468 1795 1524 et
1841 1445 2024 1543 quale
2063 1464 2432 1546 peccatum?

601 1570 668 1637 R.
717 1565 817 1634 Ad
871 1567 941 1633 i:
990 1567 1282 1635 Abortus
1332 1565 1675 1634 definitur:
1724 1569 1936 1654 ejectio
1980 1570 2163 1653 foetus
2212 1567 2539 1635 immaturi
2596 1565 2718 1652 (id.
2763 1572 2865 1634 est
2937 1583 3115 1634 non-

510 1675 665 1742 dum
715 1674 796 1741 ad
843 1672 1104 1742 vitalem
1169 1673 1571 1743 nativitatem
1634 1674 1820 1761 apti),
1897 1693 2095 1760 quem
2159 1674 2406 1742 'mulier
2475 1672 2539 1741 in
2616 1679 2807 1743 utero
2881 1678 3117 1758 gestat.

507 1781 647 1850 Etsi
696 1779 895 1848 soetus
943 1797 1024 1847 ex
1059 1779 1391 1848 communi
1428 1782 1792 1866 Doctorum
1828 1788 1892 1848 et
1917 1780 2343 1866 antiquorum
2379 1779 2804 1867 physicorum
2839 1786 3117 1848 senten-

509 1889 599 1956 tia
646 1905 798 1956 cum
845 1886 1220 1970 Aristotele,
1272 1905 1347 1955 ac
1396 1888 1579 1973 praxi
1630 1890 1697 1955 S.
1749 1887 2290 1972 Poenitentiariae,
2339 1887 2599 1956 dicatur
2644 1886 2919 1955 animari
2968 1903 3119 1972 spa-—

510 1995 603 2062 tio
652 1996 739 2061 40
787 1993 1042 2063 dierum
1092 1993 1146 2061 si
1197 1995 1553 2076 masculus,
1606 1996 1695 2062 80
1741 1995 1796 2062 si
1836 1994 2140 2077 foemina;
2178 1993 2377 2063 hodie
2410 2000 2630 2062 tamen
2680 1993 2941 2075 medici,
2994 2011 3115 2078 pro

509 2107 692 2171 certo
743 2099 987 2170 habent
1037 2120 1117 2170 ex
1166 2102 1531 2172 innumeris
1580 2104 2056 2183 experimentis
2105 2104 2359 2186 foetum,
2425 2102 2604 2173 nulla
2670 2102 2836 2170 facta
2912 2118 3115 2170 sexus

399 2248 405 2254 -
511 2208 962 2291 distinctione,
1015 2208 1284 2295 abipsa
1334 2210 1775 2295 conceptione
1844 2211 2142 2294 animari,
2214 2211 2437 2279 statim
2509 2228 2584 2278 ac
2656 2226 2896 2294 nempe
2968 2207 3115 2294 ipse

512 2316 743 2403 incipit
792 2315 1060 2385 formari
1109 2312 1173 2381 ²:
1225 2316 1407 2403 quod
1454 2317 1723 2403 quidem
1773 2337 1905 2387 non
1955 2319 2166 2392 multo
2216 2336 2250 2385 a
2286 2318 2522 2404 cupula
2572 2317 2926 2402 compieta,
2965 2317 3117 2406 eve·-

509 2423 653 2493 nire
703 2430 998 2492 censent.
1047 2423 1166 2491 Hic
1216 2424 1433 2494 obiter
1500 2426 1885 2509 notandum,
1956 2427 2039 2495 ab
2111 2424 2501 2494 Innocentio
2568 2427 2655 2493 XI
2729 2423 3107 2492 damnatam

447 2601 451 2606 ,
508 2531 710 2600 fuisse
761 2531 930 2599 hanc
976 2546 1042 2598 n.
1092 2532 1176 2598 35
1226 2531 1788 2618 propositionem:
1858 2532 2110 2602 Videtur
2169 2533 2490 2621 probabile
2559 2551 2802 2600 omnem
2870 2533 3109 2618 foetttm,

442 2682 452 2692 -
505 2637 786 2723 quandiu
834 2638 908 2738 ¹⁰⁷².
947 2651 1118 2704 utero
1165 2649 1272 2720 est,
1320 2658 1533 2706 carere
1579 2641 1800 2706 anima
1844 2639 2169 2707 rationali.
2393 2707 2399 2712 ,

594 2748 667 2813 R.
716 2744 811 2812 Ad
861 2747 931 2812 2:
1009 2745 1400 2832 Quicunque
1471 2747 1802 2816 malitiose
1851 2749 1914 2816 in
1964 2765 2036 2816 se
2108 2745 2209 2816 vel
2281 2745 2346 2814 in
2395 2746 2606 2815 altero
2654 2745 2880 2814 directe
2922 2746 3114 2812 abor-

506 2864 639 2920 tum
678 2864 1000 2939 procurat,
1051 2852 1336 2938 graviter
1385 2861 1634 2940 peccat,
1664 2853 1801 2923 sive
1849 2854 2048 2923 foetus
2097 2852 2424 2922 animatus
2459 2854 2545 2923 sit
2580 2854 2722 2922 sive
2772 2835 2926 2920 non'.
2962 2856 3113 2920 Ete-

515 2960 650 3028 nim
700 2961 765 3028 in
818 2961 1032 3047 primo
1083 2979 1241 3029 casu
1289 2968 1390 3030 est
1452 2981 1701 3030 verum·
1753 2961 2209 3043 homicidium,
2258 2962 2324 3028 in
2395 2960 2690 3030 secundo
2764 2959 2976 3029 tendit
3044 2959 3111 3028 in

514 3066 967 3153 homicidium,
1018 3074 1083 3137 et
1129 3075 1231 3138 est
1279 3076 1509 3156 contra
1559 3043 1870 3138 naturam⁶
1910 3069 2403 3156 generationi33
2454 3087 2603 3137 cum
2653 3061 3115 3169 proximeim-

516 3175 735 3260 pedia‘t
784 3177 983 3244 vitam
1029 3176 1351 3245 hominis:
1403 3177 1743 3246 Homicidii
1785 3178 2098 3263 festinatio
2134 3190 2221 3245 est
2247 3177 2574 3267 prohibere
2617 3178 2815 3260 nasci,
2862 3193 2974 3244 nec
3019 3193 3114 3243 re·

510 3284 632 3367 fert
678 3296 898 3351 natam
941 3284 1082 3370 quis
1127 3286 1356 3373 eripiat
1399 3286 1703 3370 animam,
1751 3299 1863 3354 aut
1907 3298 2259 3354 nascentem
2288 3286 2623 3353 disturbet:
2657 3286 2836 3352 homo
2887 3284 3115 3369 estqui

505 3401 594 3456 est
637 3392 925 3475 futurus;
969 3391 1156 3459 etiam
1201 3394 1445 3477 fractus
1491 3394 1763 3461 hominis
1799 3396 1941 3481 jam
1989 3396 2056 3462 in
2103 3393 2334 3461 semine
2399 3405 2513 3477 est,
2583 3391 2673 3459 ait
2757 3390 3112 3460 Tertullia-

509 3514 634 3564 nus
686 3493 740 3563 3.
792 3497 1035 3565 Stricte
1085 3504 1302 3567 tamen
1353 3498 1786 3568 homicidium
1836 3489 1966 3568 no'n
2016 3505 2355 3586 est·3‚nam
2396 3499 2595 3568 soetus
2632 3498 2939 3566 inanimis
2975 3515 3111 3565 non

508 3609 609 3671 est
658 3602 988 3688 complete
1022 3609 1087 3671 et
1120 3603 1512 3691 simpliciter
1547 3606 1775 3676 homo.
1807 3608 2115 3675 Ceterum
2150 3625 2228 3675 ex
2254 3603 2703 3675 communiori
2737 3608 2803 3671 et
2837 3601 3111 3671 omnino

519 3707 802 3790 tenenda
850 3709 1180 3777 sententia
1228 3708 1277 3793 ⁴,
1328 3730 1459 3779 non
1509 3711 1664 3781 licet
1735 3713 1948 3796 matri,
2007 3714 2306 3800 quamvis
2364 3696 2603 3781 morbo
2661 3716 2960 3779 extremo
3022 3710 3113 3776 la·

506 3816 768 3885 boranti
819 3816 1110 3884 remedia
1158 3833 1423 3886 sumere
1470 3818 1721 3888 directe
1769 3820 1852 3888 ad
1899 3819 2367 3907 expellendum
2413 3819 2667 3900 foetum,
2718 3819 2843 3887 etsi
2895 3817 3110 3885 inani*-

507 3939 723 4004 mem3
774 3922 926 4008 quia
971 3922 1220 3991 directe
1268 3924 1541 3993 abortus
1590 3933 2096 4011 procuraretur:
2148 3934 2214 3994 et
2263 3927 2317 3994 si
2342 3926 2675 4012 ,illicitum
2720 3931 2823 3992 est
2856 3923 3113 3992 directe

563 4097 584 4136 ¹
627 4098 682 4149 V.
720 4097 950 4159 immori,
992 4099 1078 4159 Op.
1119 4099 1271 4159 Mor„
1305 4100 1341 4151 1.
1379 4110 1455 4160 iii,
1491 4112 1581 4154 nn.
1618 4102 1707 4154 401
1740 4105 1794 4154 et
1826 4104 1946 4167 6383
1981 4104 2017 4156 1.
2054 4115 2153 4166 vii,
2189 4115 2241 4155 n.
2269 4103 2576 4166 2203etHo.
2607 4105 2727 4166 Ap„
2755 4102 2821 4153 tr.
2843 4111 2959 4160 vm·
2984 4110 3040 4150 1¹-
3065 4102 3114 4151 2-

546 4160 589 4230 ⁵5¹
621 4160 847 4233 Quando
880 4163 1054 4226 agitur
1086 4161 1151 4214 de
1185 4166 1354 4225 poenis
1387 4170 1440 4215 et
1470 4164 1875 4228 irregularitate,
1909 4177 1994 4218 res
2028 4165 2377 4230 dijudicanda
2409 4167 2660 4228 estjuxta
2684 4164 2897 4227 praxim
2921 4164 2972 4213 S·
2996 4162 3115 4213 Poe·

503 4224 837 4293 nitentiariae‚
874 4235 979 4273 non
1013 4224 1156 4287 quod
1190 4236 1255 4277 ea
1288 4226 1472 4287 opinio
1522 4238 1651 4279 vera
1686 4229 2043 4289 existimetur,
2079 4228 2170 4280 sed
2206 4230 2265 4280 ut
2297 4226 2496 4292 aliquid
2532 4228 2659 4280 certi
2682 4239 2745 4277 ac
2769 4224 3116 4277 determinati

503 4295 556 4356 in
590 4285 708 4335 foro
739 4289 958 4357 externo
993 4286 1268 4339 habeatur.
1306 4289 1374 4340 At
1405 4288 1559 4340 hodie
1595 4301 1704 4341 nori
1738 4292 1828 4351 ita,
1867 4291 1910 4342 si
1943 4291 2010 4341 de
2045 4293 2261 4353 peccato
2300 4289 2589 4354 quaeritur:
2628 4288 2719 4341 sed
2746 4288 2890 4338 illico
2910 4297 2975 4339 ac
3000 4298 3113 4337 me·

502 4347 604 4396 rito
638 4347 963 4418 homicidam
998 4347 1226 4399 dicimus
1257 4350 1345 4407 (ex
1378 4351 1622 4402 doctrina
1656 4354 1971 4416 peritorum)
2003 4354 2093 4418 qui
2130 4354 2384 4403 abortum
2435 4354 2586 4403 curat
2644 4363 2678 4401 a
2731 4350 3112 4414 conceptione,

503 4407 847 4470 homicidam,
883 4411 1125 4472 inquam,
1161 4413 1511 4475 petati-ocem,
1546 4415 1638 4477 qui
1673 4417 1726 4465 et
1757 4426 1954 4528 corpus
1988 4422 2041 4466 et
2074 4417 2311 4465 animam
2349 4415 2537 4477 perdit.

566 4469 588 4509 ⁸
623 4472 853 4534 apotoy„
888 4483 934 4521 c.
970 4484 1039 4522 ix.
1075 4499 1140 4511 -
1182 4474 1233 4523 V.
1273 4475 1502 4538 Liguori,
1539 4481 1628 4538 υρ.
1664 4477 1821 4536 Mor„
1878 4515 1890 4526 .
1922 4489 2002 4536 iii,
2038 4488 2091 4528 n.
2127 4478 2257 4540 3643
2288 4501 2349 4514 -
2388 4474 2665 4538 Ferraris;
2705 4476 2765 4526 V.
2806 4473 3024 4524 Abortu.

565 4530 588 4570 ⁴
621 4533 714 4582 Est
747 4534 934 4583 contra
963 4533 1015 4583 d.
1054 4534 1405 4598 Antoninum,
1437 4540 1528 4601 qui
1564 4538 1906 4601 probabiliter
1939 4540 2024 4590 cui
2098 4539 2239 4591 iures
2265 4537 2509 4590 moderni
2556 4535 2856 4597 adhaerent,
2892 4535 3027 4588 aitzs
3060 4535 3119 4585 Si

502 4596 833 4667 puerperium
863 4595 1091 4668 nondam
1119 4602 1196 4648 est
1224 4601 1531 4655 animatum.
1562 4605 1735 4662 posset
1764 4605 1884 4652 tanc
1914 4606 1965 4652 et
1996 4600 2055 4651 de
2087 4604 2193 4654 eret
2223 4602 2496 4660 (medicine)
2530 4601 2686 4652 tatem
2718 4600 2847 4650 dare
3025 4599 3116 4648 'ai-

503 4669 628 4707 nam
646 4670 670 4716 ,·
701 4670 822 4719 qma
853 4658 968 4729 ticet
999 4661 1268 4720 impediret
1297 4663 1668 4713 animationem
1700 4665 1820 4715 tatis
1848 4663 2033 4725 saetam·
2063 4675 2168 4714 non
2200 4667 2373 4715 tamen
2401 4666 2529 4715 esset
2577 4675 2735 4713 caasa
2786 4672 2902 4712 mor
2932 4658 2943 4670 ‘
3066 4660 3124 4710 i·

503 4720 650 4783 enjus
679 4720 918 4779 hominis,
950 4722 1000 4769 et
1031 4720 1125 4770 hoc
1154 4721 1343 4772 bonum
1372 4726 1619 4786 sequitur,
1654 4726 1779 4788 quia
1809 4727 1995 4778 liberat
2027 4730 2250 4778 matrem
2286 4737 2323 4777 a
2354 4729 2537 4778 morte.
