3292 5167
1265 331 1345 376 nn
1383 322 1636 379 *smorm
1694 376 1717 389 ,
1850 326 1855 333 ’
2614 323 2742 388 105

211 434 564 504 amatam,
603 435 701 492 est
735 429 1055 493 illicitum:
1095 438 1159 494 et
1200 431 1707 495 &hosmundum
1736 433 1900 510 jara
1942 434 2106 515 (cap.
2145 435 2391 501 Camiri
2425 440 2732 517 Ecclesia,

214 510 272 572 de
301 510 582 587 simonia)
623 508 1011 589 prohibetur,
1055 527 1131 574 ne
1173 528 1286 589 pro
1331 510 1753 576 benedictione
1798 516 2172 594 nuptiarum
2213 519 2458 598 aliquid
2517 524 2731 602 ewiqa·

214 600 294 652 tur
329 588 348 630 ¹
392 588 717 667 (tanquam
773 595 1042 669 pretium
1079 592 1268 670 eJus).

269 667 427 729 115.
473 668 641 743 Quid
686 672 706 735 (
718 671 1061 734 dicendum
1099 674 1255 751 erit)
1297 673 1357 733 si
1397 671 1655 751 aliquod
1699 674 2033 752 temporale
2074 678 2377 741 tradatur
2410 696 2528 758 pro
2568 682 2742 743 omis-

207 751 339 813 sione
373 750 464 811 rei
502 751 868 829 spiritualis
890 754 922 813 9
1528 811 1539 821 .

267 828 327 890 R.
359 826 419 890 Si
462 831 726 893 omissio
769 831 1041 909 alicujus
1070 842 1249 896 actus
1291 831 1599 911 procedat
1632 849 1664 894 a
1698 841 2009 910 potestate
2053 835 2481 899 ecclesiastica
2528 849 2591 900 et
2629 839 2741 901 flat

209 909 267 970 ob
302 911 578 986 pretium,
636 913 764 973 erit
821 913 1113 988 simonia,
1157 915 1249 975 uti
1293 915 1346 974 si
1411 911 1626 974 audita
1669 916 1799 991 jam
1857 910 2295 990 Confessione,
2342 920 2600 982 omittas
2658 920 2737 983 ob
2786 942 2797 953 ·

208 991 492 1067 pecuniam
536 991 904 1067 absolvere3
948 992 1050 1053 vel
1087 994 1138 1055 si
1179 992 1452 1071 accipias
1497 996 1830 1070 pecuniam
1879 1010 1991 1071 pro
2027 1011 2152 1056 non
2198 997 2589 1060 absolvendo
2631 997 2739 1062 ali·

205 1085 352 1149 quem
391 1085 421 1132 a
467 1086 774 1147 censura3
815 1074 960 1152 quia
1007 1082 1072 1134 et
1115 1088 1243 1135 non
1290 1072 1644 1147 absolvere,
1688 1082 1756 1134 et
1800 1072 2062 1150 ligatum
2106 1076 2420 1152 detinere,
2443 1094 2586 1141 cum
2629 1082 2738 1142 im·

207 1160 373 1229 portet
409 1154 795 1214 exercitium
842 1154 1193 1232 spiritualis
1224 1153 1695 1232 jurisdictionis
1738 1152 2208 1231 ecclesiasticae,
2253 1165 2352 1219 est
2382 1162 2589 1238 pretio
2636 1160 2733 1221 iu·

205 1230 503 1291 vendibile.
555 1230 932 1294 Correctio...
973 1242 1069 1295 est
1108 1233 1480 1312 spiritualis.
1509 1241 1795 1301 actas,·...
1832 1236 1993 1296 unde
2035 1235 2364 1298 simoniam
2404 1240 2740 1303 committit

201 1312 289 1388 qui
315 1312 634 1389 pecaniam
675 1315 926 1393 accipit,
966 1321 1042 1376 ut
1095 1321 1418 1393 peccatum
1479 1315 1639 1392 quod
1695 1320 1945 1377 tenetur
1994 1317 2273 1379 revelare
2328 1327 2445 1381 aut
2479 1320 2730 1398 punire,

201 1407 297 1453 noa
329 1391 551 1454 revelet
587 1409 699 1457 nec
735 1396 986 1472 puniat,
1026 1396 1123 1455 *ait
1166 1413 1215 1456 s.
1256 1395 1528 1456 Thomas
1585 1392 1636 1453 ².
1704 1393 1875 1455 Idem
1920 1396 2282 1472 dicendum,
2340 1400 2390 1460 si
2437 1400 2516 1461 ob
2563 1410 2732 1463 tuam

200 1473 566 1534 omissionem
598 1474 981 1552 culpabilem
1022 1474 1186 1536 alter
1215 1474 1547 1554 spirituale
1592 1486 2039 1553 consequatur,
2071 1485 2222 1538 tunc
2255 1479 2428 1542 enim
2473 1482 2732 1542 omissio

203 1550 343 1612 illius
381 1562 557 1615 actus
606 1553 833 1615 ultimo
904 1554 1335 1617 resolveretur
1400 1556 1462 1615 in
1528 1563 1738 1616 actum
1785 1556 2027 1634 ipsum;
2072 1567 2241 1620 esset
2302 1560 2354 1620 si
2404 1564 2545 1638 quis
2589 1561 2733 1623 ideo

200 1642 588 1711 consequatur
633 1635 1019 1696 Beneficium
1067 1634 1591 1709 ecclesiasticum,
1636 1638 1780 1714 quia
1850 1648 1918 1698 tu
1961 1639 2227 1716 pecunia
2271 1648 2482 1704 motus
2525 1657 2733 1704 cessas

199 1722 382 1774 contra
427 1716 634 1792 ipsum
681 1718 979 1795 prosequi
1011 1715 1247 1794 justam
1292 1717 1781 1778 accusationem.
1924 1773 1929 1777 .

261 1790 312 1852 Si
351 1809 499 1855 vero
547 1797 805 1857 omissio
852 1813 978 1858 non
1023 1797 1106 1857 sit
1162 1798 1535 1858 exercitium
1577 1796 2049 1873 jurisdictionis
2093 1799 2463 1876 spiritualis,
2523 1816 2733 1879 neque

201 1870 400 1934 intuitu
443 1877 537 1936 rei
584 1876 940 1955 spiritualis
986 1878 1193 1954 pretio
1223 1879 1604 1947 aestimetur,
1636 1878 1922 1953 quamvis
1965 1879 2050 1939 sit
2086 1878 2220 1940 haec
2251 1881 2512 1942 omissio
2556 1893 2731 1944 actus

200 1954 540 2030 spiritualis,
581 1965 654 2018 ut
696 1965 864 2018 esset
926 1959 1183 2019 omissio
1229 1955 1479 2027 orandi,
1549 1955 1742 2017 dandi
1788 1957 2279 2038 eleemosynam,
2342 1960 2731 2038 celebrandi,

199 2033 436 2112 aliquem
479 2035 846 2112 ordinandi,
891 2038 1044 2099 item
1088 2036 1564 2099 Confessionem
1621 2036 1925 2098 audiendi
1971 2040 2037 2100 in
2081 2039 2354 2117 simplici
2412 2043 2730 2103 contessa-

204 2115 292 2189 rio,
326 2123 462 2193 etc„
497 2133 624 2177 non
668 2119 796 2179 erit
830 2120 1098 2197 simonia
1146 2134 1258 2197 pro
1298 2117 1404 2177 illa
1443 2117 1599 2178 dare
1631 2116 1738 2178 vel
1781 2120 2072 2195 accipere
2102 2121 2412 2198 pretium;
2441 2122 2559 2184 etsi
2595 2139 2731 2200 pos-

203 2194 267 2254 sit
301 2211 434 2256 esse
481 2206 669 2276 turpe
716 2196 978 2260 lucrum.
1011 2197 1194 2277 Ratio
1230 2200 1371 2276 quia
1414 2197 1559 2259 talis
1602 2198 1861 2259 omissio
1893 2214 2020 2258 non
2064 2210 2161 2262 est
2190 2211 2365 2262 actus
2402 2206 2740 2280 potestatis-

201 2271 419 2337 Ordinis
460 2278 558 2338 vel
601 2277 1075 2356 jurisdictionis
1108 2277 1480 2357 spiritualis,
1510 2275 1619 2337 sed
1667 2276 1862 2339 solius
1891 2279 2178 2355 arbitrii3
2221 2282 2527 2357 cessando
2556 2287 2729 2346 enim

202 2368 227 2413 a
262 2354 353 2416 tali
406 2373 615 2435 opere,
663 2374 790 2421 non
837 2370 1175 2421 exercetur
1217 2359 1385 2420 ullus
1427 2366 1602 2419 actus
1646 2357 2018 2436 spiritualis.

262 2434 432 2507 Quid:
476 2441 535 2498 si
575 2441 863 2502 omittens
900 2447 1191 2501 teneatur
1233 2457 1311 2500 em
1351 2437 1552 2500 debito
1594 2440 1697 2499 sui
1758 2438 1942 2517 officii
1982 2439 2067 2500 ad
2127 2444 2338 2501 actam
2379 2458 2500 2504 non
2551 2443 2730 2505 omit·

206 2517 461 2578 tendum?
505 2516 696 2580 Croix
740 2528 804 2581 et
846 2518 1083 2581 Suarez
1126 2521 1334 2581 adbuc
1377 2527 1644 2580 censent
1687 2534 1814 2579 non
1871 2518 2094 2581 adesse
2138 2521 2471 2582 simoniam
2524 2524 2589 2584 in
2633 2539 2729 2598 e0,

201 2598 282 2670 qni
322 2596 494 2658 illum
542 2608 807 2678 propter
851 2602 1186 2678 pecuniam
1219 2601 1478 2674 omittit,
1519 2600 1610 2661 uti
1658 2600 1710 2660 si
1748 2598 2088 2673 ParocbuS,
2126 2600 2232 2678 qui
2279 2615 2357 2661 ex
2400 2601 2606 2663 officio
2639 2613 2726 2664 te·

203 2686 354 2737 netur
391 2677 642 2741 Missam
690 2681 930 2755 dicere,
971 2679 1208 2741 subditi
1243 2678 1723 2759 confessionem
1770 2679 2014 2753 audire,
2045 2680 2570 2743 denuntiationes
2603 2682 2728 2745 Ma·

203 2757 440 2818 trimonii
488 2775 704 2836 agere,
753 2770 819 2823 et
859 2777 929 2822 ea
979 2771 1237 2840 propter
1284 2764 1555 2838 pretium
1604 2761 1886 2835 omittat3
1936 2776 2077 2821 nam
2119 2761 2253 2821 haeo
2295 2763 2556 2823 omissio
2602 2780 2726 2824 non

202 2845 274 2895 est
307 2852 483 2900 verus
509 2839 987 2917 jnrlsdictionis
1016 2850 1214 2903 actus.
1258 2840 1364 2901 sed
1414 2851 1509 2902 est
1542 2855 1669 2900 non
1718 2857 1867 2901 usus
1892 2838 2382 2917 jnrisdictionis,
2426 2858 2537 2904 seu
2576 2846 2727 2903 sim-

202 2912 309 2990 plex
348 2932 516 2981 actus
559 2921 745 2982 malae
788 2921 1151 2987 voluntatis.
1196 2915 1430 2984 Verut'n
1479 2936 1591 2981 nos
1636 2923 2028 2983 contrarium
2062 2929 2356 2983 tenemus
2415 2939 2559 2984 cum
2603 2922 2732 2984 Sal·

201 3000 656 3062 moticensibus
700 3009 765 3063 et
806 3001 982 3076 aliis3
1020 3017 1164 3065 nam
1214 3010 1364 3063 tunc
1401 3002 1471 3062 fit
1512 3003 1691 3079 quasi
1722 3000 2010 3062 venditio
2051 3001 2236 3078 juris,
2279 3003 2446 3078 quod
2496 3007 2725 3071 tertius

203 3073 352 3140 babet
389 3079 466 3141 ad
512 3078 695 3143 illum
739 3090 950 3145 actum
992 3081 1402 3161 exigendum,
1449 3088 1515 3144 et
1557 3082 1675 3142 hoc
1714 3081 1818 3159 J'us
1861 3081 2193 3160 spirituale
2236 3090 2336 3145 est
2378 3081 2426 3145 3.

263 3248 432 3316 146.
483 3254 557 3331 Q.
609 3252 669 3319 3.
724 3253 886 3333 Quid
927 3254 1045 3320 sibi
1088 3254 1222 3320 vult
1264 3273 1393 3319 vox
1440 3254 1556 3320 illa
1604 3249 1816 3337 pretio
1873 3251 2216 3335 temporali
2264 3253 2333 3317 in
2380 3252 2692 3319 simonia?
2773 3326 2784 3339 ,

263 3357 320 3421 R.
360 3360 494 3426 Vox
543 3358 653 3425 illa
691 3359 894 3446 pretio
940 3340 1267 3446 temporali
1310 3361 1373 3427 in
1423 3377 1495 3427 re
1543 3356 1901 3426 simoniaca
1945 3356 2187 3425 indicat
2234 3377 2473 3425 munus
2523 3357 2729 3442 quod-

202 3477 412 3547 cunque
482 3469 864 3552 temporale,
920 3467 1116 3553 quod
1147 3486 1197 3535 s.
1251 3467 1533 3535 Thomas
1581 3470 1844 3532 revocat
1892 3463 1975 3531 ad
2019 3485 2243 3532 manus
2292 3486 2333 3533 a
2375 3464 2728 3544 marim-ad

200 3586 379 3637 munitis
417 3593 458 3640 a
505 3575 722 3659 linqua
736 3599 763 3654 ;
808 3575 888 3642 ad
933 3596 1161 3642 munus
1206 3577 1283 3642 ab
1312 3575 1614 3659 obsequio.

338 3682 388 3746 l.
431 3685 665 3749 Munus
708 3702 751 3747 a
793 3702 989 3748 manu
1034 3689 1135 3750 est
1206 3683 1526 3768 pecunia,
1555 3700 1674 3750 seu
1723 3683 1970 3750 bonum
2048 3680 2492 3766 quodcunque
2556 3688 2724 3748 tem-

203 3786 380 3865 porale
425 3790 634 3873 pretio
685 3789 1096 3872 aestimabile,
1151 3789 1328 3876 quod
1402 3789 1586 3874 quasi
1637 3807 1834 3857 manu
1897 3786 2214 3856 tribuitur
2270 3790 2333 3853 ⁴:
2384 3789 2480 3856 sic
2549 3792 2726 3855 esset

202 3906 392 3960 munus
437 3913 469 3961 a
512 3914 710 3963 manu
752 3896 816 3964 in
851 3915 974 3979 me,
1012 3898 1066 3965 si
1106 3897 1328 3964 darem
1365 3897 1655 3982 aliquam
1705 3913 1846 3964 rem
1879 3895 2288 3980 spiritualem
2327 3911 2478 3961 cum
2512 3901 2722 3978 pacm,

203 4005 255 4061 ut
290 3998 430 4071 alter
473 4004 763 4071 remittat
809 4004 966 4071 mihi
1017 4003 1348 4084 debitum;
1400 4003 1500 4070 vel
1550 4003 1748 4070 etiam
1798 4008 1872 4070 ut
1942 4008 2239 4068 mutuam
2286 4017 2428 4067 eam
2478 4018 2723 4086 suppe-

204 4104 325 4174 ditet
363 4110 422 4176 ιιι
467 4110 762 4179 futurum
780 4137 799 4193 3
870 4111 1233 4197 spiritualia
1301 4112 1476 4178 enim
1525 4111 1727 4195 gratis
1776 4115 1840 4177 et
1889 4108 2031 4176 sine
2081 4107 2216 4175 ullo
2288 4114 2595 4191 respectu
2643 4107 2724 4174 ad

249 4391 337 4444 ¹ln
364 4397 407 4455 4,
438 4397 557 4447 dist.
590 4399 674 4454 23,
708 4405 760 4457 q.
795 4395 843 4454 3,
878 4404 926 4443 a.
956 4396 1004 4443 2.

249 4453 268 4491 ἱ
293 4458 337 4505 ln
367 4459 409 4519 t,
438 4459 559 4509 dist.
589 4461 669 4510 25,
705 4469 758 4519 q.
793 4456 845 4512 3,
878 4466 927 4505 a.
959 4458 1008 4514 2,
1043 4464 1096 4515 q.
1133 4453 1211 4503 ss.

249 4518 268 4556 ⁸
300 4520 339 4568 V.
367 4522 583 4583 Liguori,
621 4521 709 4581 Op.
741 4518 897 4574 Mor„
931 4517 968 4566 l.
1000 4528 1079 4574 ιιι,
1113 4527 1164 4565 ιι.
1197 4520 1276 4568 97.
1695 4573 1706 4582 ,
2195 4572 2205 4582 ,
2675 4576 2684 4585 ·

248 4578 452 4633 ⁴Totum
486 4579 744 4647 quidquid
779 4578 1020 4630 homines
1054 4578 1251 4630 babent
1281 4579 1335 4629 ln
1370 4579 1526 4647 terra,
1561 4583 1746 4645 omma
1784 4583 2015 4635 quorum
2064 4571 2263 4645 dommi
2299 4575 2443 4648 sunt,
2500 4586 2720 4645 pec-ama

205 4646 396 4704 vocatum
426 4657 631 4703 servus,
667 4654 781 4700 vas,
817 4653 957 4703 ager,
992 4640 1171 4701 arbor,
1211 4651 1387 4703 pacm,
1418 4635 1677 4701 quidquid
1714 4637 1902 4685 tiorum
1939 4636 2036 4695 est,
2073 4647 2295 4707 pecunia
2328 4635 2548 4696 dicitur3
2599 4635 2718 4686 ideo

203 4711 336 4755 amrin
365 4709 575 4768 pecunia
608 4707 801 4755 vocata
831 4704 931 4762 est,
975 4703 1102 4766 quia
1135 4705 1430 4767 antiquitus
1462 4698 1605 4762 quod
1658 4696 1950 4757 habebant,
1995 4697 2052 4748 in
2102 4696 2383 4761 pecoribus
2432 4694 2716 4749 habebant.

205 4761 262 4813 lla
284 4768 326 4819 in
340 4780 444 4820 ean.
483 4772 663 4821 Totam
695 4778 733 4829 1,
765 4778 819 4830 q.
851 4766 899 4817 3.
