3292 5167
1287 224 1742 274 snnourtoivss
2673 204 2805 273 419

219 320 316 387 uti
362 323 663 403 pretium,
714 332 862 387 tnnc
904 340 1045 388 cum
1095 328 1351 390 noverit
1395 328 1602 408 ipsum
1647 327 2005 391 liberaliter
2049 329 2322 392 donasse
2379 327 2594 392 datum
2642 327 2800 390 reti-

224 418 384 467 nere
427 411 664 484 potest,
707 404 816 466 sed
873 405 1226 486 culpandus
1268 406 1349 469 ob
1391 425 1569 472 suam
1615 408 1847 471 malam
1913 409 2391 474 conscientiam.
2455 440 2533 454 —·
2602 406 2661 470 V.
2704 407 2801 470 Li·

222 486 432 562 gnori,
472 481 639 564 opus
679 484 862 562 Hor„
904 484 944 548 l.
988 502 1085 562 111,
1127 501 1187 549 n.
1233 488 1367 551 ⁷6¹.

311 563 529 626 0928.
571 565 901 627 flentes
943 564 1357 629 Pictanus
1421 567 1667 631 Montes
1730 568 1992 633 Pietatis
2034 567 2294 632 definiri
2340 576 2633 647 possunt:
2689 584 2795 629 eu·

222 646 429 713 mutas
469 647 904 725 pecuniariam
946 647 1027 709 ad
1055 647 1120 710 ia
1161 647 1476 726 collectas,
1518 657 1593 713 at
1633 665 1958 728 pauperes,
1999 650 2148 712 dato
2206 648 2484 727 pignore,
2537 663 2618 709 ea>
2663 647 2797 710 illis

224 735 440 794 mutuo
481 728 688 807 pratis
731 726 1056 806 accipiant
1091 728 1175 790 aa
1218 735 1475 809 tempas,
1530 746 1665 809 quoe
1707 730 1830 793 sibi
1870 737 2021 793 sant
2079 729 2474 799 necessaria,-
2522 735 2591 789 et
2655 727 2799 791 ideo

222 808 483 892 pietatis
526 806 652 870 dici
700 806 929 881 solent,
964 822 1104 870 cum
1152 810 1326 888 pium
1370 812 1455 872 sit
1490 826 1837 889 pauperum
1870 810 2235 873 necessitati
2276 807 2637 887 providere.
2674 807 2833 885 Ali„

225 888 502 971 quando,
546 891 989 953 consentiente
1035 896 1242 951 tamen
1290 887 1350 952 S.
1394 888 1579 967 Sede,
1620 890 1875 969 aliquod
1921 891 2274 953 auctarium
2312 889 2622 965 exigitur:
2689 887 2802 950 sed

228 987 354 1034 non
402 970 465 1030 vi
503 970 704 1031 mutui
749 966 826 1030 ad
871 966 1335 1045 ditescendnm,
1371 969 1533 1034 bene
1576 986 1728 1033 vero
1774 972 2023 1034 ratione
2066 982 2489 1049 expensarum
2521 965 2596 1029 ad
2633 967 2802 1030 alen-

228 1051 339 1115 dos
383 1049 714 1111 ministros
756 1046 1007 1128 aliaque
1048 1065 1243 1113 onera
1289 1052 1697 1126 sustinenda3
1741 1062 1803 1113 et
1852 1050 1994 1113 ideo
2039 1053 2091 1112 si
2136 1050 2317 1112 Mons
2360 1050 2444 1110 sit
2487 1046 2679 1109 valde
2711 1048 2805 1110 di·
2872 1070 2876 1075 ·

228 1148 355 1208 veS,
420 1126 583 1191 niliil
643 1136 739 1190 est
803 1128 1304 1207 percipiendum.
1350 1130 1437 1193 ita
1482 1129 1542 1193 S.
1586 1130 1648 1195 C.
1692 1131 1756 1194 C.
1801 1148 1997 1211 penes
2054 1130 2469 1193 Benedictum
2514 1126 2671 1204 xlv,
2721 1127 2806 1191 De
2862 1188 2875 1217 ,

234 1211 399 1293 Syn„
444 1208 482 1271 1.
527 1225 587 1286 x,
629 1224 676 1270 c.
708 1208 779 1282 53
824 1210 889 1270 it.
937 1208 1298 1290 Notiflcatio
1340 1227 1505 1273 cxix.
1546 1243 1627 1258 -
1695 1211 1754 1273 V.
1802 1212 2054 1291 Liguori
2085 1258 2102 1288 ,
2149 1210 2317 1290 Opas
2361 1209 2518 1273 Mor.
2548 1255 2564 1282 ,
2614 1208 2655 1269 l.
2707 1224 2806 1287 ιιι,

228 1309 289 1355 n.
334 1291 484 1364 7653
527 1322 603 1336 —
646 1288 968 1362 Ferraris3
1009 1289 1078 1353 V.
1123 1290 1360 1355 Montes
1405 1293 1696 1369 Pietatis,
1742 1292 2071 1362 Mutuum
2136 1324 2215 1338 ·—
2257 1287 2567 1351 Analecta
2614 1286 2804 1351 Juris

217 1370 560 1513 pontific-ig,
603 1385 772 1431 anno
821 1369 1008 1445 18593
1050 1404 1127 1416 —-
1172 1370 1412 1449 Lucidi,
1459 1373 1543 1435 De
1598 1371 1964 1436 Visitatione
2011 1370 2101 1434 Ss.
2147 1370 2478 1444 timinam,
2514 1376 2554 1429 t.
2591 1385 2663 1446 11,
2692 1369 2805 1432 ubi

292 1469 407 1516 ura
454 1468 486 1512 a
580 1464 733 1512 rem.

228 1470 266 1532 p
302 1531 548 1595 Montes
593 1529 870 1593 Perusiae
914 1529 1118 1608 primo
1161 1531 1360 1609 (anno
1406 1532 1588 1611 1450)
1632 1542 1899 1601 erectos,
1963 1546 2154 1611 opera
2209 1529 2590 1591 franciscani
2639 1529 2799 1592 Bar·

225 1610 425 1681 naboe,
468 1609 841 1689 approbavit
882 1609 1311 1675 Lateranense
1354 1612 1406 1676 V
1448 1613 1565 1675 sub
1608 1611 1817 1675 Leone
1851 1612 1905 1675 X
1946 1610 2201 1692 (ἰδίης
2244 1619 2308 1671 et
2342 1608 2804 1674 'tridentinum

227 1708 336 1756 eos
379 1693 832 1771 Episcoporum
876 1705 1047 1751 curae
1091 1708 1161 1752 ac
1204 1694 1557 1756 visitationi
1602 1695 1934 1755 commisit.
1985 1690 2215 1754 Dicunt
2255 1690 2450 1768 aliqui
2503 1691 2799 1768 pauperi·

225 1773 342 1836 bus
380 1782 626 1836 tantum
670 1787 747 1833 ex
793 1769 925 1833 illis
970 1778 1255 1835 mutuum
1311 1774 1447 1835 dari
1486 1789 1692 1853 posse,
1734 1790 1875 1836 cum
1915 1772 2059 1836 ideo
2106 1779 2351 1835 tantum
2390 1776 2521 1831 sint
2566 1773 2804 1834 consti·

230 1856 381 1928 tuti;
424 1860 575 1915 sunt
617 1852 978 1931 tamen-qui
1026 1852 1190 1914 hanc
1225 1862 1470 1932 ponunt
1512 1858 1972 1933 exceptionem,
2018 1857 2136 1915 nisi
2187 1851 2371 1913 Mons
2399 1850 2559 1912 adeo
2604 1850 2800 1914 abun·

229 1933 389 1997 dans
432 1936 535 2009 sit,
581 1942 648 1994 ut
692 1933 828 1995 sine
875 1948 1221 2012 pauperum
1266 1933 1497 1997 damno
1533 1936 1769 1997 ceteris
1810 1938 2007 1996 etiam
2051 1931 2353 1996 satisfieri
2410 1932 2629 2009 possit.
2689 1931 2810 1994 No·

231 2015 494 2078 tandum
539 2021 788 2075 autem:
834 2018 886 2074 si
922 2023 1208 2075 mutuum
1255 2029 1382 2075 non
1432 2016 1806 2077 restituatur
1863 2030 1976 2077 suo
2042 2021 2360 2093 tempore,
2405 2012 2636 2089 pignus
2681 2009 2803 2074 sub

231 2096 412 2158 hasta
459 2093 790 2170 vendatur,
833 2108 903 2154 ac
947 2103 1202 2156 retento
1246 2096 1471 2173 pretio,
1501 2094 1667 2174 quod
1705 2095 1899 2157 Monti
1939 2092 2229 2169 debetur,
2265 2091 2585 2169 reliquum
2621 2094 2811 2155 resti·

232 2184 445 2239 tuatut·
488 2174 748 2236 domino
795 2174 1080 2252 pignoris
1123 2174 1202 2252 (si
1253 2174 1360 2235 ille
1407 2177 1685 2237 inveniri
1733 2174 2021 2255 poterit),
2078 2173 2175 2236 vel
2235 2171 2653 2251 pauperibus,
2703 2170 2806 2234 vel

234 2256 419 2320 cedat
459 2255 669 2318 eidem
712 2254 903 2316 etiam
948 2253 1141 2315 Monti
1186 2255 1237 2315 si
1288 2270 1523 2333 pauper
1567 2257 1670 2318 sit.
1703 2289 1775 2301 —
1832 2254 1890 2317 V.
1936 2254 2411 2323 Tridentinum‚
2454 2267 2606 2313 sess.
2648 2268 2809 2329 xxti,

232 2353 288 2398 c.
323 2335 366 2399 8
405 2337 476 2398 de
518 2334 587 2396 R.
630 2366 710 2380 -
750 2333 958 2395 Audin
984 2382 1001 2412 ,
1052 2330 1263 2396 Storia
1294 2334 1362 2397 dt
1404 2335 1591 2398 Leone
1632 2335 1723 2413 X,
1768 2335 1893 2398 vol.
1935 2352 2016 2398 ιιι
2061 2334 2097 2397 Ι
2134 2333 2336 2398 Monta·
2376 2333 2441 2395 di
2483 2332 2684 2394 Pieta.
2733 2364 2811 2378 —

229 2418 393 2479 Acta
436 2416 604 2495 apud
648 2411 707 2475 S.
753 2411 994 2490 Sedem,
1042 2423 1081 2476 t.
1127 2431 1215 2491 tv,
1260 2431 1395 2494 pag.
1440 2416 1536 2478 27.

323 2522 345 2551 ι
389 2497 670 2558 Avviene
713 2492 832 2573 (ait
874 2494 978 2557 hic
1019 2493 1416 2572 Frassinetti,
1464 2496 1826 2574 compendio
1869 2510 2016 2570 ecc„
2062 2503 2206 2558 nota
2252 2494 2357 2573 74)
2402 2492 2518 2554 che
2579 2491 2806 2555 alcuno

230 2576 479 2640 avendo
546 2591 627 2638 un
684 2574 934 2653 peculio
978 2575 1092 2637 che
1138 2591 1264 2637 non
1310 2592 1374 2638 sa
1420 2578 1759 2655 negoziare
1802 2575 2175 2652 altrimenti,
2218 2573 2294 2636 ed
2354 2572 2561 2636 anche
2608 2571 2805 2635 insuf-

233 2657 493 2720 ficiente
548 2656 605 2719 al
663 2657 949 2733 negozio‚
985 2655 1034 2716 s’
1063 2655 1374 2719 industria
1420 2672 1452 2719 a
1498 2659 1717 2719 vivere
1761 2671 1876 2718 con
1928 2655 2150 2734 piccoii
2196 2654 2536 2731 imprestiti
2581 2654 2700 2715 elle
2745 2653 2803 2716 ra

232 2737 291 2798 ai
338 2738 604 2817 poveri,
637 2737 693 2829 ⁴i
758 2734 929 2814 quali
991 2734 1548 2814 frequentemente
1614 2753 1770 2798 sono
1835 2735 2141 2815 obbligati
2208 2751 2240 2797 a
2298 2733 2698 2796 domandarli
2745 2733 2803 2796 al

230 2816 441 2880 Monte
485 2816 547 2879 di
595 2816 786 2878 Pieta.
831 2814 1059 2877 Riceve
1101 2816 1225 2895 egli
1275 2818 1290 2880 i
1340 2819 1526 2896 pegni
1574 2819 1693 2879 che
1740 2816 2149 2879 riceverebbe
2182 2815 2222 2876 ii
2259 2814 2472 2877 Monte
2507 2831 2542 2876 e
2572 2816 2625 2875 si
2665 2829 2809 2877 con·

232 2904 406 2960 tenta
452 2898 513 2960 di
561 2913 645 2960 un
694 2895 869 2958 lucro
915 2896 1162 2959 minore
1206 2897 1269 2959 di
1314 2899 1528 2977 quello
1571 2900 1690 2960 che
1734 2902 1906 2976 esiga
1954 2897 1996 2960 ii
2034 2896 2245 2958 Monte
2286 2904 2509 2957 stesso.
2556 2894 2671 2958 Per
2720 2892 2803 2958 tal

231 2978 421 3040 modo
465 2977 590 3057 egli
637 2981 671 3039 e
719 2974 1061 3056 preterit03
1105 2993 1140 3038 e
1184 2978 1201 3038 i
1250 2980 1465 3057 poveri
1531 2981 1755 3042 invece
1798 2979 1861 3040 di
1907 2992 2143 3041 averne
2188 2975 2421 3049 danno,
2468 2990 2547 3036 ne
2594 2975 2809 3038 hanno

228 3073 385 3120 vero
422 3058 774 3137 vantaggio.
819 3055 874 3118 ΙΙ
917 3056 1263 3136 confessore
1292 3057 1580 3137 potrebbe
1605 3059 1844 3122 vietare
1875 3059 2076 3138 questi
2104 3056 2445 3135 impr-ostiti
2473 3054 2539 3117 al
2568 3072 2677 3116 sao
2702 3071 2802 3133 pe·

228 3138 520 3202 nitente?
562 3136 962 3201 Osservando
1006 3139 1128 3199 che
1172 3137 1233 3199 'il
1286 3152 1397 3200 suo
1441 3142 1771 3221 penitente
1831 3155 1949 3200 con
1997 3137 2079 3201 tal
2126 3153 2337 3198 mezzo
2386 3137 2460 3197 ha
2507 3135 2694 3197 modo
2739 3134 2804 3198 di

227 3230 415 3298 poter
477 3219 734 3294 vivere,
796 3219 916 3279 che
962 3218 977 3278 i
1030 3218 1242 3296 poveri
1313 3234 1391 3280 ne
1464 3220 1677 3282 hanno
1723 3222 2025 3298 piuttosto
2070 3216 2559 3290 alleviamento,
2601 3231 2635 3278 e
2687 3215 2805 3278 che

230 3297 477 3362 d'altra
525 3308 723 3378 parte,
766 3312 943 3359 come
975 3296 1114 3361 dice
1160 3297 1204 3360 it
1250 3297 1482 3377 Lessio,
1512 3302 1610 3361 cto
1639 3300 1759 3361 cine
1790 3302 1825 3361 e
1864 3297 2050 3361 lecito
2080 3296 2137 3360 al
2174 3296 2383 3360 Monte
2426 3295 2567 3357 dev’
2593 3311 2807 3359 essere
2926 3300 2930 3304 *

232 3378 426 3443 lecito
473 3396 581 3459 per
625 3382 691 3441 se
736 3380 939 3441 anche
982 3377 1040 3439 ai
1087 3379 1336 3458 privato
1369 3429 1386 3459 ‚
1428 3396 1555 3444 non
1601 3396 1754 3460 pare
1808 3380 1925 3441 che
1971 3379 2015 3441 il
2059 3377 2423 3440 confessore
2470 3392 2649 3456 possa
2695 3392 2803 3439 ue·

228 3476 386 3539 gare
420 3458 858 3523 l'assoluzione
889 3475 920 3520 a
953 3458 1056 3521 chi
1091 3460 1343 3523 vivesse
1372 3462 1436 3524 di
1477 3462 1583 3523 tali
1625 3463 1893 3540 prestiti.
1922 3493 2001 3505 —
2047 3457 2121 3521 Se
2161 3459 2262 3538 poi
2306 3456 2425 3521 tali
2466 3456 2811 3536 imprestiti

223 3540 476 3620 privati
516 3538 747 3620 sossero
788 3537 1053 3620 proibiti
1122 3539 1296 3602 dalla
1361 3542 1526 3623 leqye
1586 3542 1788 3617 civile,
1843 3537 2132 3619 potrebbe
2181 3538 2229 3600 ic
2270 3537 2615 3617 consessore
2656 3538 2809 3599 aare

232 3621 681 3684 l'assoluzione
722 3619 1116 3701 aqualmente
1140 3624 1170 3686 9
1204 3618 1283 3683 Se
1321 3621 1361 3683 il
1401 3623 1731 3704 penitente
1765 3628 2089 3701 reputasse
2121 3619 2177 3681 la
2216 3617 2397 3697 legge
2434 3628 2808 3697 puramente

229 3700 505 3782 penate,
554 3717 590 3762 o
636 3702 698 3762 in
765 3700 1132 3780 qualunque
1193 3701 1356 3764 altro
1419 3704 1604 3766 modo
1651 3705 1701 3765 si
1752 3702 2051 3765 trovasse'
2100 3701 2161 3761 in
2231 3699 2436 3761 buona
2498 3698 2660 3773 fede,
2709 3714 2800 3759 sa·

228 3781 433 3845 rebbe
478 3781 550 3843 da
600 3780 996 3855 lasciarvelo,
1036 3780 1384 3844 dovendosi
1419 3783 1769 3863 prevedere
1798 3784 1917 3845 che
1948 3782 2108 3844 assai
2147 3778 2588 3842 difficilmente
2618 3780 2668 3840 si
2708 3793 2809 3856 po·

230 3861 462 3926 trebbe
508 3862 889 3940 persuadere
937 3863 998 3922 in
1048 3863 1388 3937 contrario,
1431 3881 1466 3926 e
1511 3864 1627 3926 che
1672 3864 1877 3926 anche
1922 3863 2030 3942 piu
2073 3859 2514 3923 difficilmente
2544 3859 2596 3920 si
2630 3858 2806 3920 adat·

236 3941 502 4007 terebbe
535 3942 594 4003 di
631 3944 997 4006 rinunziare
1027 3956 1058 4002 a
1089 3940 1233 4020 quel
1269 3956 1480 4006 mezzo
1525 3944 1586 4006 di
1635 3960 1743 4007 sua
1791 3945 2198 4006 sussistenza.
2244 3965 2266 3994 ι
2318 3938 2634 4001 Hactenus
2680 3936 2809 4000 ille.

298 4022 407 4085 -Ex
454 4021 795 4086 Benedicto
831 4021 966 4085 xtv
1010 4021 1128 4101 ipsi
1176 4022 1366 4085 Monti
1419 4040 1542 4086 non
1590 4024 1985 4102 permittitur
2027 4022 2168 4084 sine
2211 4021 2395 4083 venia
2430 4017 2811 4097 Apostolicae

229 4102 422 4165 Sedis
466 4102 704 4184 aliquid
753 4103 849 4165 vel
897 4102 1227 4165 minimum
1288 4102 1451 4166 ultra
1498 4113 1733 4167 sortem
1796 4106 2091 4181 exigere3
2133 4116 2352 4164 verum
2406 4099 2483 4161 ad
2530 4098 2806 4160 cohone-

230 4183 538 4246 standum
585 4185 827 4247 lucrum
874 4185 925 4245 si
971 4180 1391 4259 moderatum,
1437 4193 1639 4264 potest
1687 4184 1874 4246 hodie
1944 4182 2219 4263 proferri
2289 4178 2511 4242 titulus
2572 4177 2730 4258 legis
2773 4194 2806 4240 a

231 4263 297 4327 S.
341 4263 506 4327 Sede
548 4281 677 4326 non
735 4262 1145 4343 improbatus.

323 4342 539 4404 624.
584 4344 935 4406 Paetum
977 4342 1061 4403 in
1105 4346 1435 4404 mutuos
1481 4349 1631 4406 tunc
1675 4350 1920 4422 pactum
1958 4341 2024 4404 in
2055 4348 2272 4404 mutuo
2302 4348 2400 4403 est
2431 4338 2813 4415 usurarium,

234 4439 382 4487 cum
429 4433 526 4487 est
569 4434 773 4505 pretio
818 4422 1222 4490 aestimabile:
1256 4438 1402 4485 nim
1437 4431 1588 4485 tunc
1616 4439 1780 4485 onus
1811 4433 1876 4484 et
1905 4437 2245 4500 gravamen
2296 4422 2615 4499 importat.
2648 4418 2812 4481 Hinc

234 4506 576 4568 usurarius
617 4515 716 4569 est
758 4506 862 4584 qui
909 4514 1148 4568 mutua.
1187 4502 1393 4579 alteri,
1434 4512 1505 4567 ut
1547 4502 1666 4566 sibi
1714 4504 2155 4582 patrocinetur
2187 4501 2283 4565 vel
2329 4516 2506 4564 suam
2552 4499 2811 4562 domum

230 4584 430 4659 locet;
473 4588 616 4664 quia
666 4588 981 4647 mutuario
1024 4601 1185 4651 onus
1230 4585 1621 4664 imponitur,
1665 4583 1833 4664 quod
1878 4599 1912 4645 a
1962 4592 2191 4646 natura
2259 4582 2463 4645 mutui
2512 4597 2639 4643 non
2687 4586 2807 4655 est,

240 4674 309 4729 et
350 4666 515 4745 quod
566 4666 700 4746 ipse
744 4666 834 4728 nti
879 4665 1276 4746 supponitur,
1322 4681 1449 4728 non
1494 4663 1686 4728 debet
1730 4673 2058 4745 praestare.
2100 4663 2233 4728 Non
2273 4674 2368 4726 est
2400 4677 2548 4727 vero
2593 4676 2811 4737 usura-
