3292 5167
1192 189 1645 235 toxos-arionita
2583 169 2711 237 193

178 293 554 377 principaliter
598 302 863 371 propter
905 289 1329 370 stipendium:
1396 306 1523 354 non
1594 303 1810 356 tamen
1874 299 2173 372 tanquam
2232 294 2555 374 pretium,
2598 294 2708 357 sed

176 389 420 453 tanquam
462 371 934 453 eleemosynam
978 372 1054 434 ad
1089 374 1623 436 sustentationem
1671 372 2132 452 approbatam
2181 373 2467 453 alioquin
2540 383 2710 437 esset

179 456 393 518 simonia
436 453 750 516 mentalis.
794 452 1046 515 Etenim
1095 461 1247 515 tunc
1291 462 1538 517 tantum
1585 454 2010 515 committitur
2054 455 2350 531 simonia,
2385 471 2530 517 cum
2564 463 2712 517 tem·

186 534 348 617 porale
387 533 689 611 accipitur
731 549 847 613 pro
888 532 1243 613 spirituali3
1294 549 1418 596 non
1483 549 1639 596 vero
1704 535 1962 612 quando
2027 535 2341 614 accipitur
2407 545 2712 614 tanquam

186 614 509 695 stipendium
539 613 620 674 ad
656 617 1187 677 sustentationem
1220 616 1499 677 ministri
1536 615 1874 676 secundam
1900 614 2366 677 ordinationem
2398 615 2712 692 Ecclesioe,

186 694 723 760 «tconsaetadinem
763 694 1198 774 approbatam,
1243 704 1311 756 ut
1353 698 1442 756 ait
1486 693 1543 755 d.
1588 695 1898 757 Thomas:
1942 695 2110 773 quod
2143 711 2367 758 verum
2413 708 2531 773 est,
2574 698 2714 759 sive

191 775 565 856 principaliter
608 775 744 836 sive
787 776 1169 838 secundario
1213 775 1567 852 accipiatur
1610 771 1695 852 (2,
1739 776 1796 848 2,
1840 792 1898 854 q.
1952 775 2083 849 too,
2133 794 2184 836 a.
2236 775 2322 854 3).

236 855 402 915 291.
446 852 563 916 Sed
605 854 840 935 (dices)
885 855 1282 919 Innocentius
1325 854 1417 920 XI
1470 857 1799 918 damnavit
1840 858 2000 918 hanc
2044 857 2160 919 sab
2205 875 2264 917 n.
2311 855 2389 919 46
2427 858 2707 937 proposi·

190 938 518 1013 cumana
540 934 946 998 asserebatur
979 936 1226 1000 licitum
1250 945 1348 998 est
1383 938 1538 998 dare
1573 937 1921 1014 temporale
1949 954 2060 1013 pro
2084 937 2434 1016 spirituali,
2459 939 2711 1000 etiamsi

189 1018 472 1095 temporale
514 1017 604 1077 sit
648 1016 998 1095 principale
1043 1019 1351 1080 motivum
1396 1017 1588 1079 dandi
1637 1017 1993 1095 spirituale.

234 1095 286 1158 R.
324 1095 403 1157 lbi
451 1097 717 1158 nomine
774 1098 993 1160 motivi
1057 1096 1445 1175 intelligitur
1493 1102 1765 1177 pretium
1817 1100 2014 1173 ipsius
2060 1098 2152 1158 rei
2206 1096 2603 1177 spiritualiS,
2648 1107 2718 1160 ut

185 1187 315 1239 notat
350 1176 495 1256 Viva
524 1224 540 1251 ‚
584 1186 651 1239 et
705 1187 877 1255 patet
917 1194 997 1239 ex
1039 1188 1360 1240 contextu.
1407 1176 1474 1238 ln
1521 1195 1669 1240 casu
1715 1187 1926 1239 autem
1992 1188 2209 1239 nostro
2278 1179 2393 1239 boc
2455 1179 2719 1239 nomine

182 1274 272 1319 non
296 1256 972 1336 intelligitur'pretium
997 1260 1114 1333 rei,
1149 1258 1259 1320 sed
1292 1259 1680 1337 stipendium
1718 1273 2009 1337 personae
2037 1258 2101 1318 in
2142 1259 2414 1337 gratiam
2448 1257 2717 1320 alterius

177 1338 531 1402 elaborantis.
576 1337 662 1399 Ut
688 1337 926 1401 clarius
959 1338 1023 1400 id
1061 1338 1485 1417 intelligatur,
1525 1338 1970 1402 animadverte
1996 1337 2339 1416 dupliciter
2375 1344 2578 1417 accipi
2628 1338 2715 1399 la-

178 1417 659 1480 crivocabulum:
691 1418 791 1479 vel
826 1428 894 1481 ut
925 1419 1071 1481 finis
1105 1423 1338 1499 operte,
1370 1418 1471 1480 vel
1512 1428 1579 1482 ut
1610 1420 1757 1480 finis
1782 1420 2131 1497 operantis.
2158 1416 2311 1479 Cum
2346 1416 2593 1480 lucrum
2630 1419 2720 1480 in·

179 1499 412 1562 tenditur
436 1507 506 1559 iet
527 1499 681 1577 finis
701 1499 924 1577 operis,
953 1498 1112 1562 adeo
1138 1509 1205 1562 ut
1229 1515 1388 1579 opus
1421 1503 1626 1578 ipsum
1660 1498 1994 1578 spirituale
2023 1498 2398 1560 intendatur
2427 1497 2586 1561 tradi
2617 1497 2719 1560 vel

177 1581 349 1657 accipi,
375 1586 546 1640 certe
576 1582 1004 1642 committitur
1028 1585 1334 1643 simonia:
1358 1578 1714 1642 Simoniam
1742 1578 2097 1653 committit,
2119 1581 2327 1657 inquit
2355 1578 2719 1659 AngelicuS,

177 1662 255 1739 qni
284 1659 633 1737 hujusmodi
672 1667 886 1722 actum
927 1660 1184 1724 vendere
1229 1661 1538 1737 intendit,
1590 1678 1801 1740 nempe
1844 1661 1903 1721 si
1945 1658 2428 1722 distributiones
2487 1661 2722 1738 recipit

177 1741 317 1819 qnasi
346 1740 521 1819 finem
562 1740 674 1801 sui
714 1742 913 1819 operis
946 1741 1396 1820 principaliter
1437 1742 1749 1804 intentum
1778 1738 2028 1818 (Quodl.
2064 1739 2122 1814 8,
2168 1758 2225 1818 q.
2255 1740 2313 1815 6,
2343 1756 2397 1800 a.
2439 1740 2561 1816 ii).
2596 1739 2722 1802 Ali·
2813 1757 2818 1766 ’

177 1830 250 1882 ter
280 1820 606 1883 dicendum
653 1820 908 1901 quando
956 1821 1202 1885 lucrum
1249 1822 1608 1885 intenditur
1654 1831 1727 1883 ut
1765 1821 2287 1900 finis-operanti&
2324 1819 2572 1883 scilicet
2617 1838 2718 1883 ra·

178 1901 313 1962 tione
344 1902 739 1980 operationis
785 1917 1075 1980 personae
1123 1903 1471 1964 laborantis
1518 1905 1584 1964 in
1629 1905 1903 1980 gratiam
1935 1903 2241 1975 alterius;
2283 1911 2434 1962 tuuc
2471 1902 2720 1964 lucrum

182 1982 429 2059 accipitur
470 1997 611 2060 pro,
660 1982 982 2060 stipendio
1026 1984 1552 2056 sustentationis,
1609 1995 1675 2045 et
1745 1985 2015 2045 simonia
2067 1997 2195 2043 non
2241 1990 2382 2041 est:
2427 1983 2521 2044 sic
2569 1979 2721 2044 licet

184 2060 361 2123 eodem
392 2077 587 2124 sensu
638 2065 973 2141 pecuniam
1019 2063 1276 2125 tradere
1320 2063 1705 2141 pauperibus
1775 2064 1851 2125 ad
1914 2061 2172 2124 modum
2240 2062 2595 2139 stipendii,
2656 2071 2725 2124 ut

183 2151 330 2203 orent
361 2159 458 2219 pro
504 2142 722 2205 nobis,
764 2142 980 2222 Neque
1023 2144 1273 2220 obstat,
1317 2144 1483 2221 quod
1562 2143 1704 2205 talis
1768 2158 1972 2222 neque
2038 2142 2454 2203 concionaret
2516 2158 2723 2220 neque

184 2231 405 2296 caneret,
450 2233 577 2284 etc.
630 2223 772 2285 sine
820 2223 1024 2298 lucro;
1070 2224 1130 2284 id
1178 2227 1351 2287 enim
1400 2240 1524 2284 nou
1571 2224 1799 2302 probat
1842 2221 2008 2302 quod
2058 2228 2250 2301 ponat
2295 2222 2723 2299 impretiabile

179 2301 269 2363 snb
291 2306 473 2381 pretio
504 2348 522 2375 ‚
572 2303 689 2365 sed
735 2303 940 2365 solum
987 2303 1235 2366 lucrum
1279 2321 1420 2367 esse
1464 2303 1925 2378 conditionem,
1968 2304 2108 2367 sine
2157 2318 2277 2381 qua
2328 2318 2452 2363 non
2503 2319 2720 2381 opera·

178 2391 349 2457 retur,
406 2384 763 2446 deficiente
823 2400 1053 2464 nempe
1097 2400 1382 2464 congrua
1430 2383 1538 2445 illa
1579 2386 2065 2447 sustentatione.
2101 2417 2178 2429 —
2215 2381 2473 2460 Lignori
2500 2431 2518 2459 ‚
2562 2381 2726 2462 Opus

70 2543 77 2556 .
176 2459 313 2537 Hor„
354 2463 389 2524 l.
431 2481 530 2538 111,
580 2480 646 2526 n.
696 2463 794 2526 55.

231 2541 323 2615 Qui
365 2553 580 2608 tamen
631 2560 808 2607 sacra
855 2555 1171 2623 peragunt
1203 2544 1564 2606 ministeria
1604 2541 2050 2622 principaliter
2089 2543 2167 2605 ob
2215 2543 2726 2606 emolumentum

176 2624 503 2704 temporale,
572 2640 709 2686 tion
755 2631 1022 2702 possunt
1064 2634 1192 2688 tam
1246 2624 1431 2688 facile
1479 2626 1767 2687 excusari
1808 2641 1839 2685 a
1883 2633 2137 2703 peccato
2182 2623 2409 2687 saltem
2445 2624 2728 2699 veniali,

172 2718 279 2766 eam
313 2707 390 2767 sit
431 2705 837 2767 inordinatio
883 2704 1219 2784 spirituale
1265 2706 1547 2783 dirigere
1592 2706 1671 2768 ad
1721 2705 2094 2784 temporale.

224 2781 413 2845 2⁰2.
456 2784 525 2859 Q.
572 2785 637 2847 3.
687 2784 848 2859 Quid
888 2786 960 2848 de
993 2785 1102 2848 illo
1138 2786 1246 2865 qui
1273 2785 1386 2847 dat
1413 2786 1852 2865 eleemosynam
1884 2785 2180 2864 pauperi,
2198 2791 2273 2846 ut
2304 2800 2418 2863 pro
2447 2800 2510 2845 se
2543 2788 2730 2847 oret?

227 2862 282 2926 tt.
322 2865 429 2927 Hic
460 2867 867 2928 simoniacus
914 2882 1040 2928 non
1086 2875 1217 2941 est;
1263 2868 1390 2928 imo
1435 2866 1732 2927 ordinem
1763 2874 2053 2945 sequitur
2110 2865 2350 2926 divinae
2383 2864 2731 2926 Providen-

178 2944 256 3006 tiae
288 2963 419 3026 quae
461 2946 631 3021 vult,
692 2954 760 3009 ut
803 2944 1113 3010 faciamus
1160 2947 1344 3009 nobis
1387 2948 1623 3008 amicos
1658 2945 1735 3008 de
1779 2945 2028 3008 divitiis
2085 2945 2266 3024 (Luc.
2314 2946 2471 3024 xvi).
2515 2944 2730 3024 Neque

178 3023 410 3090 intendit
452 3031 551 3091 sic
599 3029 930 3089 orationes
973 3043 1227 3102 emere;
1264 3027 1375 3089 sed
1424 3035 1670 3089 tantum
1700 3044 1811 3106 per
1844 3025 2204 3108 qratui'tam
2238 3022 2733 3106 beneficientiam

171 3121 462 3185 pauperum
504 3109 759 3172 animos
799 3123 1136 3185 provocare
1169 3108 1265 3170 ad·
1294 3107 1425 3184 hoc,
1468 3108 1629 3187 quod
1656 3124 1771 3187 pro
1813 3125 1878 3169 eo
1922 3106 2156 3188 qratia,
2184 3112 2248 3168 et
2287 3123 2366 3169 em
2409 3107 2731 3170 charitate

177 3195 330 3264 orent,
370 3198 437 3251 ut
479 3194 576 3251 ait
622 3188 1004 3266 Angelicus:
1048 3205 1277 3267 nempe
1315 3189 1421 3250 dat
1466 3189 1847 3267 simpliciter
1880 3187 1956 3249 ad
1992 3186 2409 3250 alliciendum
2444 3203 2515 3249 ac
2548 3188 2729 3265 quasi

176 3269 381 3331 ratione
420 3268 740 3349 stipendii
786 3268 872 3344 (2,
915 3268 978 3343 2,
1016 3283 1072 3347 q.
1120 3268 1257 3344 too,
1306 3285 1359 3330 a.
1406 3269 1485 3343 33
1528 3277 1592 3330 et
1638 3272 1703 3329 iu
1747 3268 1784 3329 4
1812 3317 1828 3344 ,
1871 3266 1930 3329 d.
1966 3267 2064 3344 25,
2111 3283 2166 3345 q.
2214 3266 2271 3342 3,
2316 3286 2369 3331 a.
2413 3268 2501 3347 Ξ).
2548 3266 2732 3330 Unde

178 3361 270 3408 non
309 3350 615 3426 obstaret,
661 3351 715 3411 si
759 3350 925 3427 quiS,
968 3348 1166 3411 semel
1213 3348 1577 3412 voluntarie
1621 3358 1946 3428 acceptata
1985 3349 2268 3428 optione,
2312 3348 2390 3411 ad
2438 3365 2548 3412 sua
2589 3365 2729 3427 pro·

174 3428 321 3490 missa
350 3429 723 3508 praestanda
761 3429 1129 3508 juramento
1174 3446 1240 3492 se
1286 3429 1739 3506 adstringeret,
1805 3445 1860 3489 v.
1906 3446 1984 3508 g.,
2051 3428 2128 3489 ad
2167 3428 2418 3491 Missam
2465 3430 2731 3493 audien·

174 3506 300 3583 ilani,
339 3510 413 3572 ad
458 3510 828 3583 orandum3
874 3525 1016 3571 cum
1062 3512 1237 3571 enim
1281 3525 1383 3571 res
1430 3509 1601 3570 licita
1651 3512 1754 3586 sit,
1792 3514 2027 3588 poterit
2058 3509 2432 3587 juramento
2468 3511 2733 3573 firmari.

174 3584 270 3650 Boc
305 3607 494 3655 sensu
536 3591 702 3654 licet
744 3589 936 3653 alicui
985 3591 1363 3668 promittere
1407 3589 1647 3652 donum
1695 3591 1760 3652 in
1807 3589 2214 3668 spiritualem
2289 3593 2428 3671 ejus
2499 3591 2734 3654 utilita-

175 3676 288 3745 tem,
326 3688 378 3733 v.
420 3690 503 3751 g.,
547 3674 607 3734 si
654 3670 909 3733 Missam
951 3670 1189 3747 audiat,
1230 3672 1282 3732 si
1329 3669 1737 3732 Sacramenta
1789 3673 2115 3749 suscipiat,
2160 3673 2212 3732 si
2272 3671 2736 3733 Monasterium

175 3749 561 3828 ingrediatur,
608 3753 760 3832 quia
808 3753 944 3814 liaec
986 3759 1083 3813 est
1138 3750 1411 3829 simplex
1454 3750 1719 3813 donatio
1764 3750 1881 3814 sub
1926 3751 2324 3826 conditione,
2367 3769 2509 3832 quae
2553 3751 2735 3813 danti

176 3830 305 3892 niliil
344 3835 608 3911 proiicit
637 3878 656 3909 ,
698 3839 765 3894 et
807 3830 1054 3894 nullum
1096 3832 1438 3911 accipienti
1488 3830 1668 3892 addit
1711 3846 1908 3905 onus;
1956 3847 2165 3912 neque
2210 3835 2386 3894 enim
2454 3832 2733 3893 adstrin-

177 3909 309 3985 gitur
346 3914 419 3976 ad
466 3930 544 3976 ea
593 3911 914 3986 facienda,
961 3911 1072 3974 sed
1120 3914 1295 3993 optio
1334 3911 1427 3973 illi
1475 3910 1682 3974 datur.
1721 3910 1787 3973 Si
1818 3927 2000 3973 secus
2039 3920 2227 3987 esset,
2262 3913 2362 3974 vel
2399 3914 2538 3990 ipse
2574 3912 2737 3972 Deus

180 3989 518 4058 simoniacus
564 4003 689 4068 est,
730 3993 840 4071 qui
882 3995 1078 4054 etiam
1137 3989 1489 4071 temporale
1535 3993 1870 4070 praemium
1904 4007 2364 4071 nonnunquam
2399 3992 2561 4053 bene
2594 4006 2732 4068 ope·

183 4073 421 4137 rantibus
464 4076 823 4156 promittit.
867 4072 947 4134 At
988 4082 1158 4134 esset
1201 4073 1498 4149 simonia,
1528 4075 1579 4135 si
1626 4074 1819 4135 alicui
1865 4073 2251 4150 simpliciter
2291 4073 2735 4149 imponeretur

181 4148 456 4231 obligatio,
501 4153 612 4217 vel
659 4150 945 4215 conditio
989 4163 1160 4213 esset
1203 4152 1281 4214 de
1326 4154 1696 4232 praestando
1731 4153 1971 4233 aliquid
2013 4160 2078 4213 in
2111 4153 2455 4214 utilitatem
2490 4149 2702 4213 dantis
2718 4169 2737 4226 3

182 4229 386 4297 adesset
424 4236 611 4297 enim
656 4232 947 4313 quaedam
993 4234 1425 4296 commutatio.
1470 4232 1565 4295 Ex
1608 4234 1797 4296 dictis
1836 4232 2200 4312 colligitur:

302 4314 351 4375 ¹.
388 4313 767 4378 simoniaca
811 4329 938 4376 non
982 4321 1133 4376 sunt
1176 4314 1383 4392 legata
1428 4323 1537 4376 aut
1573 4315 2006 4392 eleemosyna>
2043 4330 2158 4392 pro
2188 4311 2522 4375 Missurum
2568 4310 2734 4375 cele·

180 4386 459 4471 hratione;
503 4395 662 4476 quia
706 4395 789 4457 iis
834 4393 1395 4474 nequeimplicite
1443 4409 1653 4473 neque
1696 4408 1774 4455 ex
1824 4392 1999 4455 licite
2044 4392 2408 4456 intenditur
2452 4409 2735 4455 commu·

180 4472 276 4533 tari
310 4473 652 4555 spirituale
694 4489 838 4539 cum
876 4476 1264 4553 ‘temporali;
1308 4473 1418 4538 sed
1463 4489 1609 4553 quoe
1657 4481 1751 4537 tra
1805 4483 2001 4536 untur
2032 4521 2049 4550 ,
2093 4483 2245 4537 sunt
2286 4473 2365 4537 ad
2411 4476 2742 4536 ministro-

178 4563 293 4614 rum
330 4557 867 4621 sustentationem
913 4569 991 4617 ex
1034 4554 1268 4618 Christi
1303 4564 1648 4635 praecepto,
1691 4556 1799 4635 qui
1846 4555 1983 4618 vult
2012 4564 2080 4618 ut
2135 4554 2467 4634 operarius
2510 4554 2744 4617 habeat
2859 4601 2866 4608 .

176 4635 505 4701 mercedem
548 4651 774 4701 suam:
819 4651 946 4698 non
976 4643 1190 4699 autem
1220 4643 1371 4699 sunt
1400 4651 1515 4715 pro
1550 4637 1706 4716 ipsis
1742 4635 2043 4717 operibus
2074 4635 2542 4716 spiritualibus
2575 4634 2738 4695 Hinc
