3292 5167
1432 295 1509 342 ΒΕ
1545 254 1686 344 Fine
1740 348 1741 351 ,
1922 316 1931 335 x
2716 278 2848 344 649

244 393 330 464 sti
378 395 672 466 vicarius
712 396 1248 483 J‘urisdictionem
1296 398 1538 469 habeat
1583 398 2327 485 prohibendifidelibus
2364 398 2725 469 lectionem
2766 418 2843 470 ac

246 504 686 572 retentionem
753 505 1074 572 librorum
1123 513 1354 573 contra
1430 507 1867 592 Religionem,
1916 513 2029 573 aut
2103 508 2316 575 bonos
2392 525 2666 591 mores,
2737 514 2852 575 aut

243 610 560 679 Ecclesiae
594 610 1038 696 disciplinam,
1068 612 1231 703 adeo
1275 620 1345 679 ut
1379 631 1495 682 eos
1531 613 1965 681 nihilominus
2002 611 2319 697 legentes,
2378 616 2669 699 graviter
2706 632 2854 700 pec-

247 723 398 786 cent
446 735 669 786 coram
719 719 1124 788 Domino'et
1173 719 1488 789 Ecclesia.

422 826 618 895 Prob.
657 829 714 894 1.
752 829 1116 913 Scriptura.-
1167 845 1361 896 nemo
1399 846 1639 914 negare
1674 826 1942 895 audebit
1975 845 2091 912 per
2122 844 2196 894 ea
2225 827 2592 912 Scripturae
2619 828 2849 895 verba:

243 935 437 1000 Pasce
486 954 684 1021 cynos
729 954 919 1019 meae,
961 954 1152 1023 pasce
1198 956 1337 1003 oves
1405 955 1614 1002 meas:
1675 920 1913 1022 pdscite
1979 936 2089 1018 qui
2131 935 2202 1001 in
2245 935 2415 1001 vobis
2457 945 2564 1016 est,
2608 918 2857 1021 yreyeviz

244 1039 365 1106 Dei
380 1065 403 1118 ‚·
449 1041 741 1109 attendite
786 1041 956 1108 vobis
1000 1053 1058 1109 et
1102 1042 1392 1109 universo
1438 1043 1633 1127 φερέ,
1683 1043 1750 1107 in
1796 1060 1915 1124 quo
1962 1062 2071 1108 vos
2117 1041 2387 1133 Spiritus
2436 1043 2702 1113 Sanctus
2740 1062 2852 1129 po·

244 1145 372 1212 suit
415 1151 751 1235 Episcopos
795 1168 1008 1234 repere
1055 1148 1398 1215 Ecclesiam
1445 1149 1560 1214 Dei
1608 1146 1661 1229 ¹,
1696 1147 2005 1215 omnibus
2055 1147 2373 1215 Ecclesiae
2425 1146 2747 1229 Praelatis,
2786 1152 2853 1215 et

247 1255 624 1337 praesertim
672 1274 905 1324 eorum
954 1255 1151 1341 capiti
1203 1259 1497 1323 Romano
1546 1252 1873 1335 Pontifici,
1915 1252 2132 1320 datam
2182 1252 2389 1320 fuisse
2440 1256 2848 1337 potestatem

246 1356 650 1430 decernendi
698 1363 778 1431 de
829 1363 977 1431 fidei
1029 1370 1092 1431 et
1142 1379 1404 1430 morum
1441 1362 1685 1443 cansiS,
1736 1368 1801 1429 et
1851 1362 2021 1430 bona
2060 1378 2300 1446 pascua
2336 1361 2568 1428 ovibus
2608 1361 2849 1428 Christi

248 1469 659 1555 designandi,
714 1472 979 1545 easdem
1029 1470 1313 1553 arcendo
1364 1488 1398 1536 a
1448 1464 1799 1539 contrariis
1849 1475 1914 1537 et
1964 1469 2197 1537 noxiis

391 1581 485 1669 Χ2.
544 1581 938 1647 Traditione:
991 1587 1194 1649 testes
1246 1580 1424 1648 inter
1469 1579 1863 1646 innumeros
1935 1577 2350 1664 appellamus
2400 1596 2487 1645 ss‚
2538 1577 2851 1662 Augusti-

261 1704 422 1753 num
471 1694 537 1755 et
587 1688 1003 1773 Cyprianum.
1055 1687 1318 1767 Primus
1392 1672 1646 1754 morem
1710 1685 2133 1771 ‘praecavendi
2186 1704 2219 1753 a
2269 1686 2453 1753 libris
2527 1684 2737 1766 malis,
2788 1691 2854 1752 et

251 1784 370 1862 eos
423 1794 884 1862 concremandi
938 1795 1017 1862 ab
1067 1794 1405 1880 Apostolis
1454 1793 1832 1861 dimanasse
1903 1792 2316 1860 demonstrat
2363 1788 2412 1859 ².
2463 1791 2644 1859 Alter
2690 1809 2848 1859 vero

251 1900 374 1966 ait:
415 1900 480 1967 Si
524 1901 772 1985 quando
818 1902 974 1967 tatia
1023 1900 1115 1977 (id
1166 1906 1266 1968 est
1315 1907 1543 1967 contra
1593 1900 1808 1967 bonos
1880 1900 2130 1985 mores)
2213 1898 2605 1984 quorundam
2681 1899 2855 1963 calu-

252 2004 501 2072 mniosa
548 2009 886 2073 temeritate
931 2008 1284 2094 conscripta
1328 2017 1491 2088 sunt,
1538 2006 1662 2089 leqi
1708 2005 1877 2092 apud
1921 2025 2035 2071 nos
2080 2025 2207 2070 non
2252 2006 2533 2091 patimur
2630 2058 2643 2071 .

430 2113 490 2179 3.
542 2114 1029 2180 consuetudine:
1081 2114 1245 2180 hanc
1288 2119 1673 2199 perpetuam
1726 2112 1790 2179 in
1842 2112 2132 2180 Ecclesia
2170 2112 2373 2179 fuisse
2416 2112 2851 2179 consuetudi-

253 2237 411 2288 nem
445 2218 903 2290 demonstrant
937 2221 1305 2289 indubitata
1339 2220 1637 2317 historiae
1678 2226 2141 2301 monumenta3
2179 2221 2258 2287 ab
2297 2220 2433 2304 ipsa
2474 2219 2648 2287 enim
2681 2221 2855 2305 Apo-

257 2326 590 2417 stolorum
641 2335 836 2395 aetate
882 2330 1128 2395 multi...
1167 2350 1248 2395 ezr.
1292 2330 1397 2411 eis,
1447 2328 1556 2412 qui
1597 2329 1854 2413 fuerant
1901 2327 2149 2393 curiosa
2194 2328 2427 2407 sectati,
2465 2328 2855 2393 contulerunt

256 2434 450 2501 libros
482 2448 538 2503 et
567 2437 1030 2505 combusserunt
1061 2456 1273 2503 coram
1311 2437 1595 2502 omnibus
1628 2436 1680 2502 ὅ.
1716 2436 1788 2501 In
1839 2433 2137 2503 Concilio
2182 2434 2452 2501 Nicaeno
2500 2451 2672 2500 anno
2722 2435 2853 2500 325

253 2542 492 2610 Patres
551 2542 948 2610 damnarunt
996 2549 1060 2611 et
1108 2542 1597 2611 comburendos
1648 2559 1796 2610 esse
1845 2541 2279 2633 decreverunt
2329 2540 2534 2609 libros
2583 2540 2735 2606 Arii.
2781 2542 2848 2608 In

254 2648 599 2732 Ephesino
650 2666 820 2716 anno
871 2651 991 2717 431
1049 2649 1350 2717 damnata
1399 2654 1553 2717 sunt
1602 2648 1846 2734 scripta
1880 2646 2187 2715 Nestorii.
2228 2649 2293 2713 ln
2331 2645 2848 2714 Chalcedonensi

254 2774 430 2823 anno
479 2758 599 2822 451
656 2757 900 2842 scripta
941 2757 1343 2842 Eutychetis.
1394 2757 1458 2822 S.
1510 2759 1643 2824 Leo
1693 2758 1776 2823 M.
1826 2759 2048 2823 Romae
2085 2754 2450 2822 combussit
2487 2754 2690 2822 libros
2725 2757 2854 2821 Ma·

253 2862 687 2933 nichaeorum.
735 2863 917 2931 Idem
966 2864 1262 2932 fecerunt
1311 2864 1717 2948 Symmacus,
1772 2862 2177 2944 Hormisdas‚
2214 2852 2521 2929 Nicolaus
2559 2863 2601 2940 l,
2655 2862 2850 2929 Nico-

254 2971 400 3038 laus
448 2973 525 3053 ll,
575 2973 708 3039 Leo
780 2973 839 3039 X
885 2977 949 3039 et
998 2972 1104 3038 alii
1177 2972 1526 3039 innumeri.
1578 2974 1938 3057 Postquam
2012 2988 2167 3037 vero
2243 2969 2498 3036 inventa
2574 2975 2675 3036 est
2746 2987 2853 3036 ars

254 3079 657 3164 typografica
703 3077 750 3161 ⁵,
801 3098 950 3147 cum
989 3081 1338 3147 noxiorum
1374 3080 1698 3147 librorum
1747 3078 2066 3147 colluvies
2102 3078 2167 3144 in
2203 3077 2597 3144 immensum
2631 3094 2852 3144 excre-

256 3193 495 3267 sceret,
549 3185 918 3255 Concilium
967 3189 1410 3254 Lateranense
1459 3187 1583 3254 sub
1636 3188 1859 3253 Leone
1901 3186 1960 3252 X
1992 3202 2163 3251 anno
2208 3186 2377 3250 1515
2427 3183 2734 3265 decrevit,
2772 3202 2879 3279 ne·

257 3292 573 3379 deinceps
621 3294 796 3362 ullus
847 3300 1074 3380 posset
1126 3294 1292 3362 liber
1326 3294 1496 3380 typis
1533 3294 1598 3360 in
1634 3293 1849 3361 lucem
1896 3292 2021 3371 edi,
2068 3293 2190 3359 nisi
2228 3290 2662 3376 probantibus
2694 3291 2851 3375 Epi-

255 3401 484 3487 scopis
518 3409 630 3468 ant
663 3401 811 3469 fidei
849 3402 1324 3487 quaesitoribus
1363 3399 1412 3469 ⁶.
1442 3404 1515 3469 In
1547 3408 2078 3483 transgressores
2110 3416 2262 3466 vero
2292 3400 2567 3483 (praeter
2592 3415 2852 3466 excom-

255 3508 804 3593 municationem)
838 3509 1350 3599 suspensionem
1384 3509 1464 3576 ab
1499 3506 1815 3576 exercitio
1857 3507 2040 3587 artis,
2096 3505 2519 3601 amissionem
2555 3505 2851 3573 omnium

323 3757 345 3796 ¹
380 3759 457 3809 10.
489 3769 621 3818 xxm
653 3769 692 3815 l,
731 3758 865 3807 Petr.
902 3767 966 3818 v3
1001 3758 1112 3808 Act.
1148 3767 1238 3807 xx.

319 3819 347 3862 2
380 3822 435 3871 L.
468 3832 524 3871 iv
556 3821 627 3871 De
658 3820 831 3881 Rape„
866 3831 914 3872 c.
946 3820 1025 3870 24.
1561 3854 1580 3871 s
1833 3818 1856 3856 ⁸
1890 3818 1987 3880 Ep.
2023 3828 2129 3867 xm
2162 3816 2232 3867 ad
2266 3814 2467 3867 cornel.

318 3882 342 3923 ⁴
377 3884 489 3933 Act.
521 3894 634 3934 xix.
672 3881 908 3941 Quorum
943 3880 1203 3932 librorum
1237 3880 1389 3931 valor
1419 3893 1485 3932 ex
1511 3879 1735 3931 eruditis
1767 3878 2055 3942 superabat
2091 3879 2325 3943 valorem
2352 3878 2530 3937 15‚000
2551 3876 2853 3926 scutorum.

321 3945 346 3987 ⁸
372 3945 569 3996 Versus
602 3954 804 3994 annum
839 3945 961 4006 1455
986 3944 1128 3994 hanc
1160 3945 1326 3994 artem
1363 3944 1702 4006 Guttemnerg
1733 3943 1954 4001 invenit,
1991 3943 2118 3992 Fust
2153 3939 2398 4003 protexit,
2435 3937 2700 4010 Schoeffer
2741 3951 2848 3999 per-

255 4009 399 4069 fecit,
432 4018 620 4057 omnes
651 4006 959 4063 mogontini.
994 4006 1158 4056 Primi
1193 4006 1260 4055 ab
1293 4006 1307 4056 i
1350 4007 1424 4055 sis
1456 4005 1581 4057 editi
1615 4004 1736 4056 libri
1766 4003 1915 4054 fuere
1947 4004 2277 4053 Psalmorum
2312 4000 2480 4051 Codeae
2507 4001 2558 4051 et
2585 4000 2854 4051 Rationale

257 4067 518 4128 Durandi,
552 4078 697 4118 anno
732 4069 880 4120 1457:
920 4069 1246 4120 Clementinae
1281 4069 1303 4117 1
1340 4070 1427 4120 6οε
1465 4066 1641 4116 Bibbia
1677 4067 1838 4117 Sacra
1871 4066 2013 4117 1462.
2046 4064 2216 4124 Quam
2251 4062 2462 4126 quidem
2485 4063 2649 4113 artem
2676 4073 2704 4111 e
2727 4064 2851 4112 Cer·

260 4134 445 4184 mania
479 4132 532 4180 in
566 4131 776 4183 ltaliam
802 4131 1100 4181 attulerunt
1133 4142 1274 4181 anno
1308 4130 1431 4183 1462
1464 4127 1737 4180 Corradus¹
1766 4127 2106 4190 Sweynheim
2138 4129 2191 4177 et
2223 4124 2491 4176 Arnoidus
2525 4124 2849 4176 Pannaratz.

259 4196 425 4246 Primi
459 4193 599 4253 iibri,
633 4204 771 4256 quos
807 4193 1035 4243 Subiaco
1071 4204 1234 4256 prope
1266 4192 1493 4242 Romam
1525 4189 1822 4251 ediderunt,
1857 4190 1984 4240 sunt
2018 4189 2185 4252 opera
2219 4185 2498 4246 Lactantii,
2527 4196 2671 4237 anno
2696 4187 2852 4248 1465;

259 4258 316 4309 et
349 4269 393 4308 s.
427 4256 778 4317 Augustinus,
816 4256 883 4305 De
919 4256 1134 4306 Ciuitate
1167 4256 1273 4315 Dei,
1310 4265 1454 4304 anno
1487 4252 1628 4304 1467.

323 4320 346 4359 θ
372 4339 390 4361 ι
413 4321 532 4369 Non
548 4317 600 4367 ν’
621 4319 688 4368 tia
721 4316 922 4368 dubhio
954 4317 1050 4370 che
1083 4317 1191 4368 ssno
1219 4317 1306 4367 dai
1341 4314 1498 4379 primi
1531 4313 1691 4365 secoli
1721 4311 1857 4364 della
1890 4311 2098 4372 Chiesa,
2133 4322 2373 4363 coi-resse
2407 4308 2617 4372 obbligo
2641 4308 2706 4359 ad
2730 4307 2859 4371 ogni

260 4383 518 4433 cristiano
549 4379 602 4430 di
634 4380 937 4442 sottoporre
971 4382 985 4429 i
1021 4381 1138 4431 suoi
1174 4379 1339 4429 scritti
1375 4376 1864 4441 all'approvazione
1897 4373 1981 4424 del
2013 4384 2228 4425 sommo
2262 4370 2562 4444 pontefice:
2618 4383 2669 4445 s.
2720 4372 2854 4425 Aao-

260 4446 423 4502 stin0‚
459 4455 503 4493 s.
540 4442 776 4494 Onorato
829 4454 873 4492 s,
909 4443 1174 4503 Giuliano,
1211 4453 1254 4492 s,
1291 4440 1525 4497 cesario,
1551 4438 1736 4502 grandi
1771 4437 2032 4487 luminari
2066 4436 2151 4486 del
2184 4435 2569 4493 Cattolicismo,
2609 4446 2653 4484 st
2689 4434 2851 4483 sotto-

264 4508 460 4557 misero
496 4515 528 4554 a
559 4505 748 4567 questa
778 4478 939 4566 seggo.
976 4504 1159 4555 Nicolo
1191 4503 1243 4553 la
1275 4502 1535 4554 consacro
1569 4503 1624 4573 in
1658 4498 1833 4563 questi
1868 4497 2078 4550 termini
2115 4498 2199 4549 nel
2233 4496 2422 4569 quinto
2448 4495 2531 4547 del
2558 4495 2750 4570 canoni
2774 4507 2856 4544 ro-

261 4568 433 4619 mani:
470 4569 588 4627 eqni
618 4568 797 4617 scritto
829 4568 947 4617 deve
978 4579 1138 4618 essere
1171 4579 1238 4627 ap
1276 4568 1453 4615 rovato
1485 4576 1515 4613 o
1547 4563 1910 4624 disapprovato
1939 4571 2037 4621 per
2068 4562 2272 4611 decreto
2306 4559 2387 4609 det
2420 4559 2640 4609 Romam
2673 4560 2855 4610 Ponte-

258 4632 358 4693 βοὶ.
393 4629 521 4679 Tale
552 4627 598 4679 si
631 4627 687 4678 tu
720 4629 771 4678 la
803 4628 1137 4693 legislazione
1170 4627 1235 4679 de
1257 4630 1309 4679 la
1339 4627 1528 4677 Chiesa
1564 4625 1673 4676 tino
1721 4622 1809 4674 all’
1833 4622 2147 4675 invenzione
2201 4621 2340 4674 della
2390 4623 2631 4694 ⁵¹³³.OE9323
2688 4618 2857 4669 allora

260 4692 574 4804 sol'lantoLsi
607 4690 751 4741 tento
784 4690 835 4741 di
869 4691 1185 4744 sottrarvisi.
1221 4692 1364 4742 Leon
1400 4690 1442 4739 X
1461 4687 1600 4739 volte
1624 4687 1758 4739 tarla.
1781 4685 2024 4736 rivivere.
2060 4705 2078 4727 ι
2105 4684 2303 4744 Audin,
2331 4683 2505 4734 Storna
2529 4685 2583 4735 dt
2606 4684 2769 4733 Leone
2791 4681 2860 4739 X,

209 4764 230 4785 ·
263 4764 369 4804 vc.
407 4765 466 4804 n:
546 4765 580 4803 a
611 4756 831 4816 uampa.
