<?xml version="1.0" encoding="UTF-8"?>
<!DOCTYPE html PUBLIC "-//W3C//DTD XHTML 1.0 Transitional//EN"
    "http://www.w3.org/TR/xhtml1/DTD/xhtml1-transitional.dtd">
<html xmlns="http://www.w3.org/1999/xhtml" xml:lang="en" lang="en">
 <head>
  <title>
</title>
<meta http-equiv="Content-Type" content="text/html;charset=utf-8" />
  <meta name='ocr-system' content='tesseract 3.04.00' />
  <meta name='ocr-capabilities' content='ocr_page ocr_carea ocr_par ocr_line ocrx_word'/>
</head>
<body>
  <div class='ocr_page' id='page_1' title='image "./theologiamorali04scavgoog_0393.png"; bbox 0 0 3292 5167; ppageno 0'>
   <div class='ocr_carea' id='block_1_1' title="bbox 1267 194 2788 287">
    <p class='ocr_par' dir='ltr' id='par_1_1' title="bbox 1267 194 2788 287">
     <span class='ocr_line' id='line_1_1' title="bbox 1267 194 2788 287; baseline 0.005 -8"><span class='ocrx_word' id='word_1_1' title='bbox 1267 194 1725 284; x_wconf 53' lang='lat' dir='ltr'>annoni-iones</span> <span class='ocrx_word' id='word_1_2' title='bbox 1995 246 2006 259; x_wconf 34' lang='grc' dir='ltr'>κ</span> <span class='ocrx_word' id='word_1_3' title='bbox 2658 219 2788 287; x_wconf 81' lang='lat'>383</span> 
     </span>
    </p>
   </div>
   <div class='ocr_carea' id='block_1_2' title="bbox 170 332 2838 4758">
    <p class='ocr_par' dir='ltr' id='par_1_2' title="bbox 199 332 2787 494">
     <span class='ocr_line' id='line_1_2' title="bbox 201 332 2787 416; baseline 0.003 -22"><span class='ocrx_word' id='word_1_4' title='bbox 201 332 241 394; x_wconf 89' lang='grc'>11</span> <span class='ocrx_word' id='word_1_5' title='bbox 287 333 596 412; x_wconf 79' lang='lat' dir='ltr'>suffragio</span> <span class='ocrx_word' id='word_1_6' title='bbox 641 332 703 395; x_wconf 87' lang='lat' dir='ltr'>di</span> <span class='ocrx_word' id='word_1_7' title='bbox 751 332 929 396; x_wconf 87' lang='lat' dir='ltr'>molti</span> <span class='ocrx_word' id='word_1_8' title='bbox 978 335 1210 411; x_wconf 84' lang='lat' dir='ltr'>autori,</span> <span class='ocrx_word' id='word_1_9' title='bbox 1255 335 1604 398; x_wconf 80' lang='lat' dir='ltr'>rifiutando</span> <span class='ocrx_word' id='word_1_10' title='bbox 1651 336 2002 401; x_wconf 82' lang='lat' dir='ltr'>l&#39;intermo</span> <span class='ocrx_word' id='word_1_11' title='bbox 2045 337 2109 400; x_wconf 86' lang='lat' dir='ltr'>di</span> <span class='ocrx_word' id='word_1_12' title='bbox 2157 338 2614 416; x_wconf 85' lang='lat' dir='ltr'>riconoscerle‚</span> <span class='ocrx_word' id='word_1_13' title='bbox 2659 354 2787 403; x_wconf 87' lang='lat' dir='ltr'>non</span> 
     </span>
     <span class='ocr_line' id='line_1_3' title="bbox 199 411 1851 494; baseline 0.004 -20"><span class='ocrx_word' id='word_1_14' title='bbox 199 411 509 492; x_wconf 80' lang='lat' dir='ltr'>potrebbe</span> <span class='ocrx_word' id='word_1_15' title='bbox 554 429 667 493; x_wconf 89' lang='lat' dir='ltr'>per</span> <span class='ocrx_word' id='word_1_16' title='bbox 709 424 934 492; x_wconf 80' lang='lat' dir='ltr'>questo</span> <span class='ocrx_word' id='word_1_17' title='bbox 978 413 1271 494; x_wconf 77' lang='lat' dir='ltr'>negat-gli</span> <span class='ocrx_word' id='word_1_18' title='bbox 1318 416 1335 476; x_wconf 93' lang='lat' dir='ltr'>i</span> <span class='ocrx_word' id='word_1_19' title='bbox 1381 415 1798 480; x_wconf 79' lang='lat' dir='ltr'>sacramenti.</span> <span class='ocrx_word' id='word_1_20' title='bbox 1829 442 1851 472; x_wconf 73' lang='grc' dir='ltr'>ι</span> 
     </span>
    </p>

    <p class='ocr_par' dir='ltr' id='par_1_3' title="bbox 196 492 2789 658">
     <span class='ocr_line' id='line_1_4' title="bbox 288 492 2789 576; baseline 0.003 -21"><span class='ocrx_word' id='word_1_21' title='bbox 288 519 312 547; x_wconf 77' lang='grc' dir='ltr'>ι</span> <span class='ocrx_word' id='word_1_22' title='bbox 355 492 486 555; x_wconf 83' lang='lat' dir='ltr'>Che</span> <span class='ocrx_word' id='word_1_23' title='bbox 530 510 597 556; x_wconf 91' lang='lat' dir='ltr'>se</span> <span class='ocrx_word' id='word_1_24' title='bbox 641 495 695 554; x_wconf 87' lang='lat' dir='ltr'>si</span> <span class='ocrx_word' id='word_1_25' title='bbox 739 509 1064 573; x_wconf 87' lang='lat' dir='ltr'>opponga:</span> <span class='ocrx_word' id='word_1_26' title='bbox 1108 512 1272 557; x_wconf 82' lang='lat' dir='ltr'>come</span> <span class='ocrx_word' id='word_1_27' title='bbox 1314 512 1379 556; x_wconf 86' lang='lat' dir='ltr'>se</span> <span class='ocrx_word' id='word_1_28' title='bbox 1415 497 1479 558; x_wconf 91' lang='lat' dir='ltr'>la</span> <span class='ocrx_word' id='word_1_29' title='bbox 1519 496 1887 576; x_wconf 78' lang='lat' dir='ltr'>passerebbe</span> <span class='ocrx_word' id='word_1_30' title='bbox 1928 496 1997 560; x_wconf 82' lang='lat' dir='ltr'>al</span> <span class='ocrx_word' id='word_1_31' title='bbox 2060 496 2382 561; x_wconf 76' lang='lat' dir='ltr'><strong><em>tribunale</em></strong></span> <span class='ocrx_word' id='word_1_32' title='bbox 2425 500 2493 561; x_wconf 90' lang='lat' dir='ltr'>di</span> <span class='ocrx_word' id='word_1_33' title='bbox 2529 498 2643 563; x_wconf 87' lang='lat' dir='ltr'>Dio</span> <span class='ocrx_word' id='word_1_34' title='bbox 2686 500 2789 563; x_wconf 88' lang='lat' dir='ltr'>nel</span> 
     </span>
     <span class='ocr_line' id='line_1_5' title="bbox 196 574 2504 658; baseline 0.003 -23"><span class='ocrx_word' id='word_1_35' title='bbox 196 590 338 636; x_wconf 82' lang='lat' dir='ltr'>caso</span> <span class='ocrx_word' id='word_1_36' title='bbox 380 574 491 636; x_wconf 81' lang='lat' dir='ltr'>che</span> <span class='ocrx_word' id='word_1_37' title='bbox 532 575 801 637; x_wconf 87' lang='lat' dir='ltr'>davanti</span> <span class='ocrx_word' id='word_1_38' title='bbox 838 592 880 639; x_wconf 91' lang='lat' dir='ltr'>a</span> <span class='ocrx_word' id='word_1_39' title='bbox 922 575 1016 637; x_wconf 89' lang='lat' dir='ltr'>lui</span> <span class='ocrx_word' id='word_1_40' title='bbox 1052 576 1249 656; x_wconf 82' lang='lat' dir='ltr'>quelle</span> <span class='ocrx_word' id='word_1_41' title='bbox 1290 574 1720 658; x_wconf 76' lang='lat' dir='ltr'>obbliqazioni</span> <span class='ocrx_word' id='word_1_42' title='bbox 1763 578 1999 658; x_wconf 77' lang='lat' dir='ltr'>fossero</span> <span class='ocrx_word' id='word_1_43' title='bbox 2039 594 2178 641; x_wconf 89' lang='lat' dir='ltr'>vere</span> <span class='ocrx_word' id='word_1_44' title='bbox 2221 595 2251 639; x_wconf 86' lang='lat' dir='ltr'>e</span> <span class='ocrx_word' id='word_1_45' title='bbox 2294 580 2504 642; x_wconf 77' lang='lat' dir='ltr'>reali?</span> 
     </span>
    </p>

    <p class='ocr_par' dir='ltr' id='par_1_4' title="bbox 197 653 2788 1294">
     <span class='ocr_line' id='line_1_6' title="bbox 273 653 2784 738; baseline 0.004 -23"><span class='ocrx_word' id='word_1_46' title='bbox 273 679 297 708; x_wconf 71' lang='grc' dir='ltr'><strong><em>ι</em></strong></span> <span class='ocrx_word' id='word_1_47' title='bbox 342 653 695 733; x_wconf 86' lang='lat' dir='ltr'>Rispondo:</span> <span class='ocrx_word' id='word_1_48' title='bbox 731 665 950 734; x_wconf 89' lang='lat' dir='ltr'>questa</span> <span class='ocrx_word' id='word_1_49' title='bbox 997 672 1124 718; x_wconf 91' lang='lat' dir='ltr'>non</span> <span class='ocrx_word' id='word_1_50' title='bbox 1168 657 1437 720; x_wconf 85' lang='lat' dir='ltr'>sarebbe</span> <span class='ocrx_word' id='word_1_51' title='bbox 1480 658 1817 738; x_wconf 82' lang='lat' dir='ltr'>objezione</span> <span class='ocrx_word' id='word_1_52' title='bbox 1876 660 1952 721; x_wconf 87' lang='lat' dir='ltr'>da</span> <span class='ocrx_word' id='word_1_53' title='bbox 1988 658 2369 721; x_wconf 86' lang='lat' dir='ltr'>condonarsi</span> <span class='ocrx_word' id='word_1_54' title='bbox 2396 660 2472 721; x_wconf 87' lang='lat' dir='ltr'>ad</span> <span class='ocrx_word' id='word_1_55' title='bbox 2510 676 2594 723; x_wconf 91' lang='lat' dir='ltr'>un</span> <span class='ocrx_word' id='word_1_56' title='bbox 2631 661 2784 724; x_wconf 88' lang='lat' dir='ltr'>Teo-</span> 
     </span>
     <span class='ocr_line' id='line_1_7' title="bbox 198 732 2788 817; baseline 0.004 -23"><span class='ocrx_word' id='word_1_57' title='bbox 198 732 378 813; x_wconf 84' lang='lat' dir='ltr'>logo:</span> <span class='ocrx_word' id='word_1_58' title='bbox 429 750 496 797; x_wconf 88' lang='lat' dir='ltr'>se</span> <span class='ocrx_word' id='word_1_59' title='bbox 541 734 598 799; x_wconf 90' lang='lat' dir='ltr'>la</span> <span class='ocrx_word' id='word_1_60' title='bbox 646 735 1025 815; x_wconf 88' lang='lat' dir='ltr'>passerebbe</span> <span class='ocrx_word' id='word_1_61' title='bbox 1072 736 1459 812; x_wconf 81' lang='lat' dir='ltr'>benissimo,</span> <span class='ocrx_word' id='word_1_62' title='bbox 1511 740 1748 817; x_wconf 80' lang='lat' dir='ltr'>perche</span> <span class='ocrx_word' id='word_1_63' title='bbox 1805 740 1919 802; x_wconf 89' lang='lat' dir='ltr'>Dio</span> <span class='ocrx_word' id='word_1_64' title='bbox 1980 755 2107 800; x_wconf 93' lang='lat' dir='ltr'>non</span> <span class='ocrx_word' id='word_1_65' title='bbox 2152 739 2412 817; x_wconf 78' lang='lat' dir='ltr'>giudica</span> <span class='ocrx_word' id='word_1_66' title='bbox 2464 740 2523 802; x_wconf 84' lang='lat' dir='ltr'>ie</span> <span class='ocrx_word' id='word_1_67' title='bbox 2568 751 2788 804; x_wconf 88' lang='lat' dir='ltr'>nostre</span> 
     </span>
     <span class='ocr_line' id='line_1_8' title="bbox 198 816 2786 893; baseline 0.004 -18"><span class='ocrx_word' id='word_1_68' title='bbox 198 816 559 893; x_wconf 87' lang='lat' dir='ltr'>operazioni</span> <span class='ocrx_word' id='word_1_69' title='bbox 607 817 883 879; x_wconf 86' lang='lat' dir='ltr'>secondo</span> <span class='ocrx_word' id='word_1_70' title='bbox 929 832 1088 878; x_wconf 88' lang='lat' dir='ltr'>sono</span> <span class='ocrx_word' id='word_1_71' title='bbox 1135 818 1197 878; x_wconf 92' lang='lat' dir='ltr'>in</span> <span class='ocrx_word' id='word_1_72' title='bbox 1245 820 1314 878; x_wconf 82' lang='lat' dir='ltr'>se</span> <span class='ocrx_word' id='word_1_73' title='bbox 1377 828 1578 881; x_wconf 85' lang='lat' dir='ltr'>stesse</span> <span class='ocrx_word' id='word_1_74' title='bbox 1655 820 1714 882; x_wconf 82' lang='lat' dir='ltr'>ie</span> <span class='ocrx_word' id='word_1_75' title='bbox 1776 821 1980 882; x_wconf 78' lang='lat' dir='ltr'>verita</span> <span class='ocrx_word' id='word_1_76' title='bbox 2045 819 2314 892; x_wconf 79' lang='lat' dir='ltr'>morati,</span> <span class='ocrx_word' id='word_1_77' title='bbox 2360 835 2457 881; x_wconf 90' lang='lat' dir='ltr'>ma</span> <span class='ocrx_word' id='word_1_78' title='bbox 2505 822 2786 885; x_wconf 88' lang='lat' dir='ltr'>secondo</span> 
     </span>
     <span class='ocr_line' id='line_1_9' title="bbox 197 895 2778 978; baseline 0.003 -22"><span class='ocrx_word' id='word_1_79' title='bbox 197 912 354 957; x_wconf 89' lang='lat' dir='ltr'>sono</span> <span class='ocrx_word' id='word_1_80' title='bbox 396 912 663 975; x_wconf 88' lang='lat' dir='ltr'>apprese</span> <span class='ocrx_word' id='word_1_81' title='bbox 706 896 782 960; x_wconf 90' lang='lat' dir='ltr'>da</span> <span class='ocrx_word' id='word_1_82' title='bbox 834 898 957 959; x_wconf 88' lang='lat' dir='ltr'>noi.</span> <span class='ocrx_word' id='word_1_83' title='bbox 993 895 1073 960; x_wconf 89' lang='lat' dir='ltr'>Se</span> <span class='ocrx_word' id='word_1_84' title='bbox 1108 896 1433 959; x_wconf 89' lang='lat' dir='ltr'>crediamo</span> <span class='ocrx_word' id='word_1_85' title='bbox 1469 900 1589 963; x_wconf 88' lang='lat' dir='ltr'>che</span> <span class='ocrx_word' id='word_1_86' title='bbox 1622 915 1893 978; x_wconf 83' lang='lat' dir='ltr'>possano</span> <span class='ocrx_word' id='word_1_87' title='bbox 1938 897 2203 961; x_wconf 85' lang='lat' dir='ltr'>salvarsi</span> <span class='ocrx_word' id='word_1_88' title='bbox 2239 901 2256 959; x_wconf 92' lang='lat' dir='ltr'>i</span> <span class='ocrx_word' id='word_1_89' title='bbox 2292 899 2599 962; x_wconf 78' lang='lat' dir='ltr'>Moralisti</span> <span class='ocrx_word' id='word_1_90' title='bbox 2657 904 2778 965; x_wconf 85' lang='lat' dir='ltr'>che</span> 
     </span>
     <span class='ocr_line' id='line_1_10' title="bbox 197 977 2778 1059; baseline 0.004 -22"><span class='ocrx_word' id='word_1_91' title='bbox 197 978 554 1055; x_wconf 82' lang='lat' dir='ltr'>insegnano</span> <span class='ocrx_word' id='word_1_92' title='bbox 593 992 631 1039; x_wconf 91' lang='lat' dir='ltr'>e</span> <span class='ocrx_word' id='word_1_93' title='bbox 675 988 1063 1055; x_wconf 83' lang='lat' dir='ltr'>sostengouo</span> <span class='ocrx_word' id='word_1_94' title='bbox 1095 977 1156 1040; x_wconf 81' lang='lat' dir='ltr'>le</span> <span class='ocrx_word' id='word_1_95' title='bbox 1186 978 1361 1040; x_wconf 89' lang='lat' dir='ltr'>varie</span> <span class='ocrx_word' id='word_1_96' title='bbox 1391 981 1681 1059; x_wconf 89' lang='lat' dir='ltr'>opinioni</span> <span class='ocrx_word' id='word_1_97' title='bbox 1716 997 1844 1042; x_wconf 92' lang='lat' dir='ltr'>non</span> <span class='ocrx_word' id='word_1_98' title='bbox 1876 979 2284 1041; x_wconf 87' lang='lat' dir='ltr'>condannate</span> <span class='ocrx_word' id='word_1_99' title='bbox 2317 979 2486 1041; x_wconf 81' lang='lat' dir='ltr'>dalla</span> <span class='ocrx_word' id='word_1_100' title='bbox 2524 980 2778 1058; x_wconf 80' lang='lat' dir='ltr'>chiesa,</span> 
     </span>
     <span class='ocr_line' id='line_1_11' title="bbox 198 1055 2765 1140; baseline -0 -22"><span class='ocrx_word' id='word_1_101' title='bbox 198 1055 536 1119; x_wconf 85' lang='lat' dir='ltr'>dobbiamo</span> <span class='ocrx_word' id='word_1_102' title='bbox 579 1074 699 1137; x_wconf 86' lang='lat' dir='ltr'>pur</span> <span class='ocrx_word' id='word_1_103' title='bbox 741 1057 1007 1120; x_wconf 89' lang='lat' dir='ltr'>credere</span> <span class='ocrx_word' id='word_1_104' title='bbox 1051 1058 1168 1120; x_wconf 83' lang='lat' dir='ltr'>che</span> <span class='ocrx_word' id='word_1_105' title='bbox 1214 1074 1484 1137; x_wconf 81' lang='lat' dir='ltr'>possano</span> <span class='ocrx_word' id='word_1_106' title='bbox 1529 1059 1797 1122; x_wconf 85' lang='lat' dir='ltr'>salvarsi</span> <span class='ocrx_word' id='word_1_107' title='bbox 1847 1060 2061 1121; x_wconf 82' lang='lat' dir='ltr'>coloro</span> <span class='ocrx_word' id='word_1_108' title='bbox 2097 1060 2217 1121; x_wconf 81' lang='lat' dir='ltr'>che</span> <span class='ocrx_word' id='word_1_109' title='bbox 2257 1059 2316 1120; x_wconf 84' lang='lat' dir='ltr'>le</span> <span class='ocrx_word' id='word_1_110' title='bbox 2354 1062 2705 1140; x_wconf 87' lang='lat' dir='ltr'>praticano.</span> <span class='ocrx_word' id='word_1_111' title='bbox 2742 1087 2765 1117; x_wconf 69' lang='grc' dir='ltr'><strong>ι</strong></span> 
     </span>
     <span class='ocr_line' id='line_1_12' title="bbox 198 1137 2785 1220; baseline 0.001 -21"><span class='ocrx_word' id='word_1_112' title='bbox 198 1137 491 1199; x_wconf 78' lang='lat' dir='ltr'>Manuale</span> <span class='ocrx_word' id='word_1_113' title='bbox 528 1140 779 1217; x_wconf 81' lang='lat' dir='ltr'>pratico</span> <span class='ocrx_word' id='word_1_114' title='bbox 821 1138 920 1200; x_wconf 88' lang='lat' dir='ltr'>del</span> <span class='ocrx_word' id='word_1_115' title='bbox 962 1138 1237 1201; x_wconf 88' lang='lat' dir='ltr'>Parroeo</span> <span class='ocrx_word' id='word_1_116' title='bbox 1280 1141 1536 1215; x_wconf 86' lang='lat' dir='ltr'>novello,</span> <span class='ocrx_word' id='word_1_117' title='bbox 1582 1157 1643 1201; x_wconf 92' lang='lat' dir='ltr'>u.</span> <span class='ocrx_word' id='word_1_118' title='bbox 1686 1141 1822 1203; x_wconf 75' lang='lat'>573.</span> <span class='ocrx_word' id='word_1_119' title='bbox 1871 1173 1947 1186; x_wconf 89' lang='lat'>--</span> <span class='ocrx_word' id='word_1_120' title='bbox 1992 1139 2051 1202; x_wconf 88' lang='lat' dir='ltr'>V.</span> <span class='ocrx_word' id='word_1_121' title='bbox 2085 1138 2370 1219; x_wconf 77' lang='lat' dir='ltr'>Lignori,</span> <span class='ocrx_word' id='word_1_122' title='bbox 2406 1139 2571 1220; x_wconf 81' lang='lat' dir='ltr'>Opus</span> <span class='ocrx_word' id='word_1_123' title='bbox 2607 1143 2785 1219; x_wconf 62' lang='lat' dir='ltr'>Mor„</span> 
     </span>
     <span class='ocr_line' id='line_1_13' title="bbox 203 1216 2702 1294; baseline 0.001 -15"><span class='ocrx_word' id='word_1_124' title='bbox 203 1216 241 1279; x_wconf 92' lang='grc'><strong>1.</strong></span> <span class='ocrx_word' id='word_1_125' title='bbox 284 1230 382 1291; x_wconf 80' lang='lat'>111,</span> <span class='ocrx_word' id='word_1_126' title='bbox 429 1234 490 1279; x_wconf 92' lang='lat' dir='ltr'>u.</span> <span class='ocrx_word' id='word_1_127' title='bbox 533 1218 669 1281; x_wconf 83' lang='lat'><strong>603.</strong></span> <span class='ocrx_word' id='word_1_128' title='bbox 713 1252 793 1264; x_wconf 93' lang='lat'><strong>—</strong></span> <span class='ocrx_word' id='word_1_129' title='bbox 821 1217 1131 1294; x_wconf 89' lang='lat' dir='ltr'>Gousset,</span> <span class='ocrx_word' id='word_1_130' title='bbox 1182 1217 1384 1281; x_wconf 84' lang='lat' dir='ltr'>Theol.</span> <span class='ocrx_word' id='word_1_131' title='bbox 1427 1220 1610 1293; x_wconf 63' lang='lat' dir='ltr'>Mor„</span> <span class='ocrx_word' id='word_1_132' title='bbox 1665 1239 1722 1283; x_wconf 91' lang='lat' dir='ltr'>n.</span> <span class='ocrx_word' id='word_1_133' title='bbox 1779 1219 1914 1283; x_wconf 77' lang='lat'>748.</span> <span class='ocrx_word' id='word_1_134' title='bbox 2695 1254 2702 1261; x_wconf 96' lang='lat'><em>-</em></span> 
     </span>
    </p>

    <p class='ocr_par' dir='ltr' id='par_1_5' title="bbox 196 1296 2787 1459">
     <span class='ocr_line' id='line_1_14' title="bbox 272 1296 2787 1381; baseline 0.003 -23"><span class='ocrx_word' id='word_1_135' title='bbox 272 1298 478 1358; x_wconf 70' lang='lat'>553.</span> <span class='ocrx_word' id='word_1_136' title='bbox 525 1297 685 1372; x_wconf 84' lang='lat' dir='ltr'>Ouid</span> <span class='ocrx_word' id='word_1_137' title='bbox 727 1296 959 1378; x_wconf 89' lang='lat' dir='ltr'>(dices)</span> <span class='ocrx_word' id='word_1_138' title='bbox 1002 1301 1061 1360; x_wconf 87' lang='lat' dir='ltr'>si</span> <span class='ocrx_word' id='word_1_139' title='bbox 1101 1298 1526 1378; x_wconf 81' lang='lat' dir='ltr'>confessarius</span> <span class='ocrx_word' id='word_1_140' title='bbox 1581 1317 1622 1363; x_wconf 92' lang='lat' dir='ltr'>a</span> <span class='ocrx_word' id='word_1_141' title='bbox 1662 1303 1998 1381; x_wconf 86' lang='lat' dir='ltr'>poenitente</span> <span class='ocrx_word' id='word_1_142' title='bbox 2039 1307 2299 1379; x_wconf 75' lang='lat' dir='ltr'>royetur</span> <span class='ocrx_word' id='word_1_143' title='bbox 2330 1301 2403 1362; x_wconf 87' lang='lat' dir='ltr'>de</span> <span class='ocrx_word' id='word_1_144' title='bbox 2448 1318 2663 1364; x_wconf 80' lang='lat' dir='ltr'>rerum</span> <span class='ocrx_word' id='word_1_145' title='bbox 2697 1302 2787 1367; x_wconf 87' lang='lat' dir='ltr'>in·</span> 
     </span>
     <span class='ocr_line' id='line_1_15' title="bbox 196 1379 2390 1459; baseline 0.002 -19"><span class='ocrx_word' id='word_1_146' title='bbox 196 1385 525 1441; x_wconf 84' lang='lat' dir='ltr'>ventarum</span> <span class='ocrx_word' id='word_1_147' title='bbox 553 1380 956 1443; x_wconf 76' lang='lat' dir='ltr'>restitutione</span> <span class='ocrx_word' id='word_1_148' title='bbox 998 1380 1242 1443; x_wconf 84' lang='lat' dir='ltr'>domino</span> <span class='ocrx_word' id='word_1_149' title='bbox 1283 1379 1624 1459; x_wconf 79' lang='lat' dir='ltr'>facienda?</span> <span class='ocrx_word' id='word_1_150' title='bbox 2380 1404 2390 1413; x_wconf 95' lang='lat'>·</span> 
     </span>
    </p>

    <p class='ocr_par' dir='ltr' id='par_1_6' title="bbox 195 1457 2784 1862">
     <span class='ocr_line' id='line_1_16' title="bbox 273 1457 2781 1538; baseline 0.001 -17"><span class='ocrx_word' id='word_1_151' title='bbox 273 1457 344 1521; x_wconf 79' lang='lat' dir='ltr'>R.</span> <span class='ocrx_word' id='word_1_152' title='bbox 388 1458 830 1522; x_wconf 77' lang='lat' dir='ltr'>Confessarius</span> <span class='ocrx_word' id='word_1_153' title='bbox 874 1475 1004 1524; x_wconf 89' lang='lat' dir='ltr'>non</span> <span class='ocrx_word' id='word_1_154' title='bbox 1049 1460 1240 1524; x_wconf 92' lang='lat' dir='ltr'>debet</span> <span class='ocrx_word' id='word_1_155' title='bbox 1283 1463 1350 1521; x_wconf 87' lang='lat' dir='ltr'>in</span> <span class='ocrx_word' id='word_1_156' title='bbox 1388 1480 1455 1524; x_wconf 91' lang='lat' dir='ltr'>se</span> <span class='ocrx_word' id='word_1_157' title='bbox 1504 1461 1626 1523; x_wconf 87' lang='lat' dir='ltr'>tale</span> <span class='ocrx_word' id='word_1_158' title='bbox 1672 1477 1833 1523; x_wconf 89' lang='lat' dir='ltr'>onus</span> <span class='ocrx_word' id='word_1_159' title='bbox 1876 1463 2225 1538; x_wconf 79' lang='lat' dir='ltr'>suscipere,</span> <span class='ocrx_word' id='word_1_160' title='bbox 2274 1461 2400 1522; x_wconf 81' lang='lat' dir='ltr'>nisi</span> <span class='ocrx_word' id='word_1_161' title='bbox 2449 1460 2639 1522; x_wconf 80' lang='lat' dir='ltr'>aliter</span> <span class='ocrx_word' id='word_1_162' title='bbox 2684 1477 2781 1524; x_wconf 89' lang='lat' dir='ltr'>re·</span> 
     </span>
     <span class='ocr_line' id='line_1_17' title="bbox 197 1541 2784 1622; baseline 0.002 -22"><span class='ocrx_word' id='word_1_163' title='bbox 197 1548 463 1602; x_wconf 83' lang='lat' dir='ltr'>stituere</span> <span class='ocrx_word' id='word_1_164' title='bbox 508 1545 662 1601; x_wconf 88' lang='lat' dir='ltr'>satis</span> <span class='ocrx_word' id='word_1_165' title='bbox 704 1541 1036 1604; x_wconf 87' lang='lat' dir='ltr'>commode</span> <span class='ocrx_word' id='word_1_166' title='bbox 1096 1542 1236 1603; x_wconf 83' lang='lat' dir='ltr'>fieri</span> <span class='ocrx_word' id='word_1_167' title='bbox 1300 1551 1610 1622; x_wconf 80' lang='lat' dir='ltr'>nequeat:</span> <span class='ocrx_word' id='word_1_168' title='bbox 1675 1550 1738 1603; x_wconf 91' lang='lat' dir='ltr'>et</span> <span class='ocrx_word' id='word_1_169' title='bbox 1786 1554 1937 1604; x_wconf 89' lang='lat' dir='ltr'>tunc</span> <span class='ocrx_word' id='word_1_170' title='bbox 1979 1541 2054 1602; x_wconf 87' lang='lat' dir='ltr'>ad</span> <span class='ocrx_word' id='word_1_171' title='bbox 2102 1557 2354 1603; x_wconf 89' lang='lat' dir='ltr'>omnem</span> <span class='ocrx_word' id='word_1_172' title='bbox 2403 1543 2784 1619; x_wconf 85' lang='lat' dir='ltr'>suspicionis</span> 
     </span>
     <span class='ocr_line' id='line_1_18' title="bbox 196 1619 2783 1701; baseline 0.002 -21"><span class='ocrx_word' id='word_1_173' title='bbox 196 1628 409 1681; x_wconf 84' lang='lat' dir='ltr'>notam</span> <span class='ocrx_word' id='word_1_174' title='bbox 456 1619 909 1698; x_wconf 80' lang='lat' dir='ltr'>effugiendam,</span> <span class='ocrx_word' id='word_1_175' title='bbox 952 1624 1430 1685; x_wconf 87' lang='lat' dir='ltr'>attestationem</span> <span class='ocrx_word' id='word_1_176' title='bbox 1476 1630 1750 1701; x_wconf 63' lang='lat' dir='ltr'>peractae</span> <span class='ocrx_word' id='word_1_177' title='bbox 1784 1623 2213 1684; x_wconf 77' lang='lat' dir='ltr'>restitutionis</span> <span class='ocrx_word' id='word_1_178' title='bbox 2258 1622 2321 1681; x_wconf 91' lang='lat' dir='ltr'>in</span> <span class='ocrx_word' id='word_1_179' title='bbox 2357 1624 2595 1699; x_wconf 89' lang='lat' dir='ltr'>scripto</span> <span class='ocrx_word' id='word_1_180' title='bbox 2640 1636 2783 1684; x_wconf 86' lang='lat' dir='ltr'>exa·</span> 
     </span>
     <span class='ocr_line' id='line_1_19' title="bbox 197 1700 2782 1782; baseline 0.001 -20"><span class='ocrx_word' id='word_1_181' title='bbox 197 1708 397 1762; x_wconf 84' lang='lat' dir='ltr'>ratam</span> <span class='ocrx_word' id='word_1_182' title='bbox 444 1716 476 1762; x_wconf 89' lang='lat' dir='ltr'>a</span> <span class='ocrx_word' id='word_1_183' title='bbox 522 1701 783 1762; x_wconf 86' lang='lat' dir='ltr'>domino</span> <span class='ocrx_word' id='word_1_184' title='bbox 826 1703 961 1780; x_wconf 87' lang='lat' dir='ltr'>ipso</span> <span class='ocrx_word' id='word_1_185' title='bbox 1004 1711 1311 1781; x_wconf 84' lang='lat' dir='ltr'>reportet,</span> <span class='ocrx_word' id='word_1_186' title='bbox 1359 1720 1627 1782; x_wconf 90' lang='lat' dir='ltr'>eamque</span> <span class='ocrx_word' id='word_1_187' title='bbox 1676 1706 2013 1782; x_wconf 78' lang='lat' dir='ltr'>poeuitenti</span> <span class='ocrx_word' id='word_1_188' title='bbox 2081 1711 2264 1764; x_wconf 85' lang='lat' dir='ltr'>caute</span> <span class='ocrx_word' id='word_1_189' title='bbox 2307 1703 2663 1780; x_wconf 83' lang='lat' dir='ltr'>consignet.</span> <span class='ocrx_word' id='word_1_190' title='bbox 2690 1700 2782 1765; x_wconf 86' lang='lat' dir='ltr'>lta</span> 
     </span>
     <span class='ocr_line' id='line_1_20' title="bbox 195 1776 1323 1862; baseline 0.003 -22"><span class='ocrx_word' id='word_1_191' title='bbox 195 1776 488 1858; x_wconf 84' lang='lat' dir='ltr'>Synodus</span> <span class='ocrx_word' id='word_1_192' title='bbox 530 1781 961 1858; x_wconf 86' lang='lat' dir='ltr'>Novariensis,</span> <span class='ocrx_word' id='word_1_193' title='bbox 1003 1798 1143 1862; x_wconf 76' lang='lat' dir='ltr'>paq.</span> <span class='ocrx_word' id='word_1_194' title='bbox 1188 1782 1323 1844; x_wconf 77' lang='lat'><strong>124.</strong></span> 
     </span>
    </p>

    <p class='ocr_par' dir='ltr' id='par_1_7' title="bbox 189 1860 2788 2988">
     <span class='ocr_line' id='line_1_21' title="bbox 270 1860 2783 1942; baseline 0.001 -20"><span class='ocrx_word' id='word_1_195' title='bbox 270 1860 458 1923; x_wconf 89' lang='lat' dir='ltr'>Notat</span> <span class='ocrx_word' id='word_1_196' title='bbox 506 1861 779 1942; x_wconf 76' lang='lat' dir='ltr'>Lyonet:</span> <span class='ocrx_word' id='word_1_197' title='bbox 824 1861 1116 1925; x_wconf 87' lang='lat' dir='ltr'>Inventor</span> <span class='ocrx_word' id='word_1_198' title='bbox 1156 1862 1374 1924; x_wconf 88' lang='lat' dir='ltr'>saltem</span> <span class='ocrx_word' id='word_1_199' title='bbox 1428 1880 1508 1926; x_wconf 62' lang='lat' dir='ltr'>eze</span> <span class='ocrx_word' id='word_1_200' title='bbox 1552 1862 1871 1924; x_wconf 75' lang='lat' dir='ltr'>charitato</span> <span class='ocrx_word' id='word_1_201' title='bbox 1918 1867 2164 1924; x_wconf 84' lang='lat' dir='ltr'>tenetur</span> <span class='ocrx_word' id='word_1_202' title='bbox 2212 1861 2296 1923; x_wconf 92' lang='lat' dir='ltr'>ad</span> <span class='ocrx_word' id='word_1_203' title='bbox 2337 1863 2783 1941; x_wconf 83' lang='lat' dir='ltr'>inquirendum</span> 
     </span>
     <span class='ocr_line' id='line_1_22' title="bbox 191 1940 2779 2023; baseline 0.001 -22"><span class='ocrx_word' id='word_1_204' title='bbox 191 1940 507 2004; x_wconf 85' lang='lat' dir='ltr'>dominum</span> <span class='ocrx_word' id='word_1_205' title='bbox 547 1959 688 2004; x_wconf 88' lang='lat' dir='ltr'>cum</span> <span class='ocrx_word' id='word_1_206' title='bbox 727 1943 1057 2022; x_wconf 76' lang='lat' dir='ltr'>diliqentia</span> <span class='ocrx_word' id='word_1_207' title='bbox 1099 1945 1299 2022; x_wconf 86' lang='lat' dir='ltr'>pretio</span> <span class='ocrx_word' id='word_1_208' title='bbox 1353 1944 1448 2005; x_wconf 91' lang='lat' dir='ltr'>rei</span> <span class='ocrx_word' id='word_1_209' title='bbox 1487 1945 2007 2023; x_wconf 81' lang='lat' dir='ltr'>proportionata;</span> <span class='ocrx_word' id='word_1_210' title='bbox 2054 1941 2205 2018; x_wconf 83' lang='lat' dir='ltr'>quia</span> <span class='ocrx_word' id='word_1_211' title='bbox 2269 1943 2335 2003; x_wconf 92' lang='lat' dir='ltr'>in</span> <span class='ocrx_word' id='word_1_212' title='bbox 2397 1943 2546 2021; x_wconf 81' lang='lat' dir='ltr'>pari</span> <span class='ocrx_word' id='word_1_213' title='bbox 2605 1959 2779 2005; x_wconf 88' lang='lat' dir='ltr'>oeca-</span> 
     </span>
     <span class='ocr_line' id='line_1_23' title="bbox 191 2020 2776 2103; baseline 0.001 -21"><span class='ocrx_word' id='word_1_214' title='bbox 191 2023 362 2084; x_wconf 84' lang='lat' dir='ltr'>sione</span> <span class='ocrx_word' id='word_1_215' title='bbox 407 2023 564 2084; x_wconf 88' lang='lat' dir='ltr'>idem</span> <span class='ocrx_word' id='word_1_216' title='bbox 605 2021 733 2086; x_wconf 85' lang='lat' dir='ltr'>sibi</span> <span class='ocrx_word' id='word_1_217' title='bbox 782 2022 922 2102; x_wconf 81' lang='lat' dir='ltr'>fieri</span> <span class='ocrx_word' id='word_1_218' title='bbox 960 2041 1122 2086; x_wconf 88' lang='lat' dir='ltr'>unus</span> <span class='ocrx_word' id='word_1_219' title='bbox 1168 2024 1387 2103; x_wconf 88' lang='lat' dir='ltr'>uisque</span> <span class='ocrx_word' id='word_1_220' title='bbox 1450 2032 1738 2085; x_wconf 87' lang='lat' dir='ltr'>censetur</span> <span class='ocrx_word' id='word_1_221' title='bbox 1781 2023 1951 2085; x_wconf 90' lang='lat' dir='ltr'>velle.</span> <span class='ocrx_word' id='word_1_222' title='bbox 1999 2020 2189 2083; x_wconf 69' lang='lat' dir='ltr'>Dixi:</span> <span class='ocrx_word' id='word_1_223' title='bbox 2235 2021 2459 2084; x_wconf 88' lang='lat' dir='ltr'>saltem</span> <span class='ocrx_word' id='word_1_224' title='bbox 2509 2038 2590 2084; x_wconf 86' lang='lat' dir='ltr'>ex</span> <span class='ocrx_word' id='word_1_225' title='bbox 2633 2025 2776 2086; x_wconf 86' lang='lat' dir='ltr'>cba-</span> 
     </span>
     <span class='ocr_line' id='line_1_24' title="bbox 192 2100 2782 2182; baseline 0.001 -20"><span class='ocrx_word' id='word_1_226' title='bbox 192 2103 414 2164; x_wconf 86' lang='lat' dir='ltr'>ritate:</span> <span class='ocrx_word' id='word_1_227' title='bbox 460 2104 609 2182; x_wconf 90' lang='lat' dir='ltr'>quia</span> <span class='ocrx_word' id='word_1_228' title='bbox 650 2103 921 2182; x_wconf 78' lang='lat' dir='ltr'>plurimi</span> <span class='ocrx_word' id='word_1_229' title='bbox 970 2103 1126 2167; x_wconf 87' lang='lat' dir='ltr'>Theo</span> <span class='ocrx_word' id='word_1_230' title='bbox 1156 2105 1257 2180; x_wconf 66' lang='grc' dir='ltr'>οφ·</span> <span class='ocrx_word' id='word_1_231' title='bbox 1296 2110 1371 2165; x_wconf 87' lang='lat' dir='ltr'>ut</span> <span class='ocrx_word' id='word_1_232' title='bbox 1410 2105 1590 2166; x_wconf 89' lang='lat' dir='ltr'>valde</span> <span class='ocrx_word' id='word_1_233' title='bbox 1630 2113 1985 2182; x_wconf 74' lang='lat' dir='ltr'>suspectum</span> <span class='ocrx_word' id='word_1_234' title='bbox 2015 2102 2354 2179; x_wconf 66' lang='lat' dir='ltr'>injustitia}</span> <span class='ocrx_word' id='word_1_235' title='bbox 2384 2100 2618 2166; x_wconf 82' lang='lat' dir='ltr'>habent</span> <span class='ocrx_word' id='word_1_236' title='bbox 2645 2121 2782 2165; x_wconf 79' lang='lat' dir='ltr'>euin</span> 
     </span>
     <span class='ocr_line' id='line_1_25' title="bbox 193 2183 2780 2264; baseline 0.002 -21"><span class='ocrx_word' id='word_1_237' title='bbox 193 2183 303 2260; x_wconf 83' lang='lat' dir='ltr'>qui</span> <span class='ocrx_word' id='word_1_238' title='bbox 344 2184 585 2245; x_wconf 83' lang='lat' dir='ltr'>omittit</span> <span class='ocrx_word' id='word_1_239' title='bbox 628 2185 787 2246; x_wconf 87' lang='lat' dir='ltr'>tales</span> <span class='ocrx_word' id='word_1_240' title='bbox 820 2184 1332 2264; x_wconf 82' lang='lat' dir='ltr'>disquisitiones,-</span> <span class='ocrx_word' id='word_1_241' title='bbox 1373 2185 1554 2247; x_wconf 85' lang='lat' dir='ltr'>adest</span> <span class='ocrx_word' id='word_1_242' title='bbox 1592 2185 1755 2245; x_wconf 86' lang='lat' dir='ltr'>enim</span> <span class='ocrx_word' id='word_1_243' title='bbox 1798 2184 2406 2262; x_wconf 83' lang='lat' dir='ltr'>quasi-contractus,</span> <span class='ocrx_word' id='word_1_244' title='bbox 2454 2200 2631 2262; x_wconf 80' lang='lat' dir='ltr'>quem</span> <span class='ocrx_word' id='word_1_245' title='bbox 2680 2202 2780 2247; x_wconf 90' lang='lat' dir='ltr'>vo·</span> 
     </span>
     <span class='ocr_line' id='line_1_26' title="bbox 192 2263 2783 2344; baseline 0.002 -20"><span class='ocrx_word' id='word_1_246' title='bbox 192 2272 343 2325; x_wconf 87' lang='lat' dir='ltr'>cant</span> <span class='ocrx_word' id='word_1_247' title='bbox 384 2266 722 2343; x_wconf 71' lang='lat' dir='ltr'>gestioniS,</span> <span class='ocrx_word' id='word_1_248' title='bbox 763 2266 828 2327; x_wconf 89' lang='lat' dir='ltr'>vi</span> <span class='ocrx_word' id='word_1_249' title='bbox 868 2266 1053 2342; x_wconf 86' lang='lat' dir='ltr'>cujus</span> <span class='ocrx_word' id='word_1_250' title='bbox 1104 2266 1390 2328; x_wconf 88' lang='lat' dir='ltr'>inventor</span> <span class='ocrx_word' id='word_1_251' title='bbox 1431 2283 1497 2327; x_wconf 90' lang='lat' dir='ltr'>eo</span> <span class='ocrx_word' id='word_1_252' title='bbox 1540 2267 1713 2343; x_wconf 85' lang='lat' dir='ltr'>ipso,</span> <span class='ocrx_word' id='word_1_253' title='bbox 1761 2266 1918 2344; x_wconf 80' lang='lat' dir='ltr'>quod</span> <span class='ocrx_word' id='word_1_254' title='bbox 1961 2281 2087 2326; x_wconf 87' lang='lat' dir='ltr'>rem</span> <span class='ocrx_word' id='word_1_255' title='bbox 2131 2263 2558 2341; x_wconf 74' lang='lat' dir='ltr'>apprehendat</span> <span class='ocrx_word' id='word_1_256' title='bbox 2600 2271 2664 2327; x_wconf 90' lang='lat' dir='ltr'>et</span> <span class='ocrx_word' id='word_1_257' title='bbox 2714 2270 2783 2329; x_wconf 87' lang='lat' dir='ltr'>in</span> 
     </span>
     <span class='ocr_line' id='line_1_27' title="bbox 193 2343 2781 2423; baseline 0.001 -19"><span class='ocrx_word' id='word_1_258' title='bbox 193 2345 480 2406; x_wconf 82' lang='lat' dir='ltr'>custodia</span> <span class='ocrx_word' id='word_1_259' title='bbox 520 2346 834 2423; x_wconf 85' lang='lat' dir='ltr'>aecipiat,</span> <span class='ocrx_word' id='word_1_260' title='bbox 876 2347 1146 2423; x_wconf 78' lang='lat' dir='ltr'>suscipit</span> <span class='ocrx_word' id='word_1_261' title='bbox 1187 2346 1254 2408; x_wconf 88' lang='lat' dir='ltr'>in</span> <span class='ocrx_word' id='word_1_262' title='bbox 1295 2364 1356 2407; x_wconf 88' lang='lat' dir='ltr'>se</span> <span class='ocrx_word' id='word_1_263' title='bbox 1400 2345 1580 2408; x_wconf 88' lang='lat' dir='ltr'>illius</span> <span class='ocrx_word' id='word_1_264' title='bbox 1623 2362 1864 2421; x_wconf 77' lang='lat' dir='ltr'>euram,</span> <span class='ocrx_word' id='word_1_265' title='bbox 1898 2362 1973 2407; x_wconf 87' lang='lat' dir='ltr'>ac</span> <span class='ocrx_word' id='word_1_266' title='bbox 2006 2343 2781 2423; x_wconf 66' lang='lat' dir='ltr'>proinde,obliqationem</span> 
     </span>
     <span class='ocr_line' id='line_1_28' title="bbox 192 2424 2782 2504; baseline 0.001 -19"><span class='ocrx_word' id='word_1_267' title='bbox 192 2424 507 2486; x_wconf 85' lang='lat' dir='ltr'>dominum</span> <span class='ocrx_word' id='word_1_268' title='bbox 549 2426 882 2504; x_wconf 85' lang='lat' dir='ltr'>quoerendi,</span> <span class='ocrx_word' id='word_1_269' title='bbox 928 2433 1003 2487; x_wconf 88' lang='lat' dir='ltr'>ut</span> <span class='ocrx_word' id='word_1_270' title='bbox 1043 2427 1167 2504; x_wconf 84' lang='lat' dir='ltr'>ipsi</span> <span class='ocrx_word' id='word_1_271' title='bbox 1206 2443 1341 2487; x_wconf 88' lang='lat' dir='ltr'>eam</span> <span class='ocrx_word' id='word_1_272' title='bbox 1375 2426 1615 2487; x_wconf 88' lang='lat' dir='ltr'>reddat.</span> <span class='ocrx_word' id='word_1_273' title='bbox 1650 2426 1718 2487; x_wconf 84' lang='lat' dir='ltr'>Si</span> <span class='ocrx_word' id='word_1_274' title='bbox 1754 2425 1869 2487; x_wconf 83' lang='lat' dir='ltr'>has</span> <span class='ocrx_word' id='word_1_275' title='bbox 1904 2425 2372 2503; x_wconf 78' lang='lat' dir='ltr'>disquisitiones</span> <span class='ocrx_word' id='word_1_276' title='bbox 2400 2425 2615 2502; x_wconf 82' lang='lat' dir='ltr'>facere</span> <span class='ocrx_word' id='word_1_277' title='bbox 2650 2427 2782 2487; x_wconf 88' lang='lat' dir='ltr'>nol·</span> 
     </span>
     <span class='ocr_line' id='line_1_29' title="bbox 196 2503 2788 2584; baseline 0.002 -20"><span class='ocrx_word' id='word_1_278' title='bbox 196 2503 309 2579; x_wconf 84' lang='lat' dir='ltr'>let,</span> <span class='ocrx_word' id='word_1_279' title='bbox 353 2522 452 2567; x_wconf 88' lang='lat' dir='ltr'>res</span> <span class='ocrx_word' id='word_1_280' title='bbox 497 2523 619 2568; x_wconf 89' lang='lat' dir='ltr'>non</span> <span class='ocrx_word' id='word_1_281' title='bbox 657 2513 802 2568; x_wconf 90' lang='lat' dir='ltr'>erat</span> <span class='ocrx_word' id='word_1_282' title='bbox 841 2523 880 2568; x_wconf 89' lang='lat' dir='ltr'>a</span> <span class='ocrx_word' id='word_1_283' title='bbox 926 2505 1375 2584; x_wconf 71' lang='lat' dir='ltr'>prehendenda.</span> <span class='ocrx_word' id='word_1_284' title='bbox 1421 2506 1549 2568; x_wconf 87' lang='lat' dir='ltr'>Hoc</span> <span class='ocrx_word' id='word_1_285' title='bbox 1583 2507 1746 2567; x_wconf 87' lang='lat' dir='ltr'>satis</span> <span class='ocrx_word' id='word_1_286' title='bbox 1775 2506 2017 2567; x_wconf 88' lang='lat' dir='ltr'>rationi</span> <span class='ocrx_word' id='word_1_287' title='bbox 2039 2513 2528 2567; x_wconf 86' lang='lat' dir='ltr'>consentaneum</span> <span class='ocrx_word' id='word_1_288' title='bbox 2569 2513 2682 2577; x_wconf 88' lang='lat' dir='ltr'>est,</span> <span class='ocrx_word' id='word_1_289' title='bbox 2722 2512 2788 2568; x_wconf 86' lang='lat' dir='ltr'>et</span> 
     </span>
     <span class='ocr_line' id='line_1_30' title="bbox 192 2586 2779 2667; baseline 0 -21"><span class='ocrx_word' id='word_1_290' title='bbox 192 2586 312 2646; x_wconf 84' lang='lat' dir='ltr'>imo</span> <span class='ocrx_word' id='word_1_291' title='bbox 353 2586 532 2649; x_wconf 88' lang='lat' dir='ltr'>ultra</span> <span class='ocrx_word' id='word_1_292' title='bbox 573 2603 745 2648; x_wconf 87' lang='lat' dir='ltr'>omne</span> <span class='ocrx_word' id='word_1_293' title='bbox 787 2587 871 2648; x_wconf 90' lang='lat' dir='ltr'>du</span> <span class='ocrx_word' id='word_1_294' title='bbox 918 2587 1064 2660; x_wconf 87' lang='lat' dir='ltr'>ium,</span> <span class='ocrx_word' id='word_1_295' title='bbox 1095 2587 1149 2648; x_wconf 79' lang='lat' dir='ltr'>si</span> <span class='ocrx_word' id='word_1_296' title='bbox 1191 2587 1663 2667; x_wconf 78' lang='lat' dir='ltr'>disquisitiones</span> <span class='ocrx_word' id='word_1_297' title='bbox 1707 2587 2039 2648; x_wconf 87' lang='lat' dir='ltr'>omittendo</span> <span class='ocrx_word' id='word_1_298' title='bbox 2082 2602 2212 2646; x_wconf 84' lang='lat' dir='ltr'>rem</span> <span class='ocrx_word' id='word_1_299' title='bbox 2255 2592 2516 2648; x_wconf 76' lang='lat' dir='ltr'>inventu</span> <span class='ocrx_word' id='word_1_300' title='bbox 2559 2586 2779 2664; x_wconf 80' lang='lat' dir='ltr'>diffiei-</span> 
     </span>
     <span class='ocr_line' id='line_1_31' title="bbox 196 2664 2782 2744; baseline 0.001 -18"><span class='ocrx_word' id='word_1_301' title='bbox 196 2664 411 2727; x_wconf 85' lang='lat' dir='ltr'>liorem</span> <span class='ocrx_word' id='word_1_302' title='bbox 454 2667 697 2742; x_wconf 86' lang='lat' dir='ltr'>reddat,</span> <span class='ocrx_word' id='word_1_303' title='bbox 737 2674 811 2729; x_wconf 88' lang='lat' dir='ltr'>ut</span> <span class='ocrx_word' id='word_1_304' title='bbox 849 2667 1172 2729; x_wconf 88' lang='lat' dir='ltr'>ordinarie</span> <span class='ocrx_word' id='word_1_305' title='bbox 1214 2668 1471 2734; x_wconf 78' lang='lat' dir='ltr'>accidit,</span> <span class='ocrx_word' id='word_1_306' title='bbox 1512 2684 1654 2727; x_wconf 87' lang='lat' dir='ltr'>eum</span> <span class='ocrx_word' id='word_1_307' title='bbox 1697 2668 1983 2729; x_wconf 87' lang='lat' dir='ltr'>inventor</span> <span class='ocrx_word' id='word_1_308' title='bbox 2025 2682 2155 2726; x_wconf 89' lang='lat' dir='ltr'>rem</span> <span class='ocrx_word' id='word_1_309' title='bbox 2198 2665 2666 2744; x_wconf 83' lang='lat' dir='ltr'>apprehendens</span> <span class='ocrx_word' id='word_1_310' title='bbox 2716 2666 2782 2728; x_wconf 89' lang='lat' dir='ltr'>in</span> 
     </span>
     <span class='ocr_line' id='line_1_32' title="bbox 189 2745 2773 2824; baseline 0 -17"><span class='ocrx_word' id='word_1_311' title='bbox 189 2762 383 2808; x_wconf 82' lang='lat' dir='ltr'>eausa</span> <span class='ocrx_word' id='word_1_312' title='bbox 425 2749 532 2821; x_wconf 86' lang='lat' dir='ltr'>sit,</span> <span class='ocrx_word' id='word_1_313' title='bbox 573 2764 689 2808; x_wconf 85' lang='lat' dir='ltr'>cur</span> <span class='ocrx_word' id='word_1_314' title='bbox 728 2746 1021 2810; x_wconf 85' lang='lat' dir='ltr'>dominus</span> <span class='ocrx_word' id='word_1_315' title='bbox 1062 2751 1468 2810; x_wconf 87' lang='lat' dir='ltr'>communiter</span> <span class='ocrx_word' id='word_1_316' title='bbox 1509 2747 1847 2809; x_wconf 84' lang='lat' dir='ltr'>recordans</span> <span class='ocrx_word' id='word_1_317' title='bbox 1884 2746 2005 2809; x_wconf 84' lang='lat' dir='ltr'>loci</span> <span class='ocrx_word' id='word_1_318' title='bbox 2048 2747 2115 2806; x_wconf 91' lang='lat' dir='ltr'>in</span> <span class='ocrx_word' id='word_1_319' title='bbox 2163 2763 2280 2823; x_wconf 86' lang='lat' dir='ltr'>quo</span> <span class='ocrx_word' id='word_1_320' title='bbox 2308 2762 2444 2807; x_wconf 89' lang='lat' dir='ltr'>eam</span> <span class='ocrx_word' id='word_1_321' title='bbox 2472 2745 2773 2824; x_wconf 82' lang='lat' dir='ltr'>perdidit,</span> 
     </span>
     <span class='ocr_line' id='line_1_33' title="bbox 191 2825 2780 2911; baseline 0.001 -23"><span class='ocrx_word' id='word_1_322' title='bbox 191 2843 323 2888; x_wconf 84' lang='lat' dir='ltr'>eam</span> <span class='ocrx_word' id='word_1_323' title='bbox 363 2826 616 2906; x_wconf 77' lang='lat' dir='ltr'>frustra</span> <span class='ocrx_word' id='word_1_324' title='bbox 652 2828 762 2890; x_wconf 86' lang='lat' dir='ltr'>hoc</span> <span class='ocrx_word' id='word_1_325' title='bbox 790 2827 935 2889; x_wconf 71' lang='lat' dir='ltr'>loco</span> <span class='ocrx_word' id='word_1_326' title='bbox 979 2834 1237 2907; x_wconf 85' lang='lat' dir='ltr'>quoerat,</span> <span class='ocrx_word' id='word_1_327' title='bbox 1280 2829 1374 2890; x_wconf 88' lang='lat' dir='ltr'>vel</span> <span class='ocrx_word' id='word_1_328' title='bbox 1415 2846 1515 2891; x_wconf 85' lang='lat' dir='ltr'>res</span> <span class='ocrx_word' id='word_1_329' title='bbox 1559 2828 1797 2890; x_wconf 88' lang='lat' dir='ltr'>amissa</span> <span class='ocrx_word' id='word_1_330' title='bbox 1841 2845 1962 2911; x_wconf 67' lang='lat' dir='ltr'>nen</span> <span class='ocrx_word' id='word_1_331' title='bbox 2006 2827 2371 2889; x_wconf 86' lang='lat' dir='ltr'>inveniatur</span> <span class='ocrx_word' id='word_1_332' title='bbox 2412 2825 2494 2889; x_wconf 80' lang='lat' dir='ltr'>ab</span> <span class='ocrx_word' id='word_1_333' title='bbox 2537 2838 2639 2902; x_wconf 63' lang='lat' dir='ltr'>eo:</span> <span class='ocrx_word' id='word_1_334' title='bbox 2668 2828 2780 2905; x_wconf 87' lang='lat' dir='ltr'>qui</span> 
     </span>
     <span class='ocr_line' id='line_1_34' title="bbox 190 2907 1364 2988; baseline 0.001 -19"><span class='ocrx_word' id='word_1_335' title='bbox 190 2907 503 2969; x_wconf 85' lang='lat' dir='ltr'>dominum</span> <span class='ocrx_word' id='word_1_336' title='bbox 543 2908 882 2986; x_wconf 60' lang='lat' dir='ltr'>diligenter</span> <span class='ocrx_word' id='word_1_337' title='bbox 914 2908 1364 2988; x_wconf 78' lang='lat' dir='ltr'>inquisivisset.</span> 
     </span>
    </p>

    <p class='ocr_par' dir='ltr' id='par_1_8' title="bbox 190 2985 2781 3467">
     <span class='ocr_line' id='line_1_35' title="bbox 267 2985 2780 3065; baseline -0 -17"><span class='ocrx_word' id='word_1_338' title='bbox 267 2988 471 3048; x_wconf 69' lang='lat'><strong>5511.</strong></span> <span class='ocrx_word' id='word_1_339' title='bbox 517 2988 1052 3049; x_wconf 64' lang='lat' dir='ltr'>Theman-uss</span> <span class='ocrx_word' id='word_1_340' title='bbox 1101 2990 1217 3051; x_wconf 89' lang='lat' dir='ltr'>bac</span> <span class='ocrx_word' id='word_1_341' title='bbox 1282 2989 1360 3053; x_wconf 89' lang='lat' dir='ltr'>de</span> <span class='ocrx_word' id='word_1_342' title='bbox 1425 3004 1495 3049; x_wconf 90' lang='lat' dir='ltr'>re</span> <span class='ocrx_word' id='word_1_343' title='bbox 1561 2987 1755 3050; x_wconf 84' lang='lat' dir='ltr'>habet</span> <span class='ocrx_word' id='word_1_344' title='bbox 1821 2985 2127 3051; x_wconf 79' lang='lat' dir='ltr'>Manuale</span> <span class='ocrx_word' id='word_1_345' title='bbox 2175 2985 2417 3065; x_wconf 70' lang='lat' dir='ltr'>forense</span> <span class='ocrx_word' id='word_1_346' title='bbox 2482 2985 2635 3065; x_wconf 83' lang='lat' dir='ltr'>(vol.</span> <span class='ocrx_word' id='word_1_347' title='bbox 2680 3004 2780 3063; x_wconf 78' lang='lat' dir='ltr'>iv,</span> 
     </span>
     <span class='ocr_line' id='line_1_36' title="bbox 196 3066 2780 3147; baseline 0 -18"><span class='ocrx_word' id='word_1_348' title='bbox 196 3084 329 3147; x_wconf 84' lang='lat' dir='ltr'>pag.</span> <span class='ocrx_word' id='word_1_349' title='bbox 373 3068 512 3147; x_wconf 77' lang='lat'>23):</span> <span class='ocrx_word' id='word_1_350' title='bbox 566 3094 588 3122; x_wconf 79' lang='grc' dir='ltr'>ι</span> <span class='ocrx_word' id='word_1_351' title='bbox 633 3069 938 3131; x_wconf 86' lang='lat' dir='ltr'>Abbiamo</span> <span class='ocrx_word' id='word_1_352' title='bbox 983 3069 1158 3131; x_wconf 87' lang='lat' dir='ltr'>detto</span> <span class='ocrx_word' id='word_1_353' title='bbox 1202 3071 1318 3131; x_wconf 90' lang='lat' dir='ltr'>cbe</span> <span class='ocrx_word' id='word_1_354' title='bbox 1366 3066 1409 3131; x_wconf 88' lang='lat' dir='ltr'>il</span> <span class='ocrx_word' id='word_1_355' title='bbox 1463 3077 1674 3131; x_wconf 88' lang='lat' dir='ltr'>tesoro</span> <span class='ocrx_word' id='word_1_356' title='bbox 1721 3075 1972 3130; x_wconf 83' lang='lat' dir='ltr'>trovato</span> <span class='ocrx_word' id='word_1_357' title='bbox 2016 3068 2221 3128; x_wconf 80' lang='lat' dir='ltr'>anche</span> <span class='ocrx_word' id='word_1_358' title='bbox 2277 3083 2395 3128; x_wconf 87' lang='lat' dir='ltr'>con</span> <span class='ocrx_word' id='word_1_359' title='bbox 2443 3074 2625 3141; x_wconf 88' lang='lat' dir='ltr'>arte,</span> <span class='ocrx_word' id='word_1_360' title='bbox 2674 3068 2780 3130; x_wconf 81' lang='lat' dir='ltr'>nel</span> 
     </span>
     <span class='ocr_line' id='line_1_37' title="bbox 191 3146 2780 3228; baseline 0 -18"><span class='ocrx_word' id='word_1_361' title='bbox 191 3164 451 3227; x_wconf 76' lang='lat' dir='ltr'>proprio</span> <span class='ocrx_word' id='word_1_362' title='bbox 494 3147 730 3225; x_wconf 85' lang='lat' dir='ltr'>fondo,</span> <span class='ocrx_word' id='word_1_363' title='bbox 772 3154 1148 3228; x_wconf 88' lang='lat' dir='ltr'>appartiene</span> <span class='ocrx_word' id='word_1_364' title='bbox 1215 3165 1325 3228; x_wconf 87' lang='lat' dir='ltr'>per</span> <span class='ocrx_word' id='word_1_365' title='bbox 1383 3149 1594 3211; x_wconf 83' lang='lat' dir='ltr'>intero</span> <span class='ocrx_word' id='word_1_366' title='bbox 1639 3149 1699 3212; x_wconf 84' lang='lat' dir='ltr'>al</span> <span class='ocrx_word' id='word_1_367' title='bbox 1749 3148 2173 3227; x_wconf 84' lang='lat' dir='ltr'>proprietario</span> <span class='ocrx_word' id='word_1_368' title='bbox 2223 3146 2324 3207; x_wconf 83' lang='lat' dir='ltr'>dei</span> <span class='ocrx_word' id='word_1_369' title='bbox 2390 3148 2780 3210; x_wconf 87' lang='lat' dir='ltr'>medesimo.</span> 
     </span>
     <span class='ocr_line' id='line_1_38' title="bbox 193 3226 2780 3310; baseline -0 -19"><span class='ocrx_word' id='word_1_370' title='bbox 193 3227 424 3302; x_wconf 83' lang='lat' dir='ltr'>Quindi</span> <span class='ocrx_word' id='word_1_371' title='bbox 461 3244 651 3292; x_wconf 88' lang='lat' dir='ltr'>nasce</span> <span class='ocrx_word' id='word_1_372' title='bbox 687 3228 743 3292; x_wconf 89' lang='lat' dir='ltr'>la</span> <span class='ocrx_word' id='word_1_373' title='bbox 778 3231 1100 3310; x_wconf 88' lang='lat' dir='ltr'>quistione</span> <span class='ocrx_word' id='word_1_374' title='bbox 1154 3229 1217 3291; x_wconf 89' lang='lat' dir='ltr'>di</span> <span class='ocrx_word' id='word_1_375' title='bbox 1256 3246 1480 3309; x_wconf 89' lang='lat' dir='ltr'>sapere</span> <span class='ocrx_word' id='word_1_376' title='bbox 1524 3232 1625 3291; x_wconf 89' lang='lat' dir='ltr'>cbi</span> <span class='ocrx_word' id='word_1_377' title='bbox 1684 3244 1859 3308; x_wconf 89' lang='lat' dir='ltr'>possa</span> <span class='ocrx_word' id='word_1_378' title='bbox 1922 3228 2080 3289; x_wconf 86' lang='lat' dir='ltr'>dirsi</span> <span class='ocrx_word' id='word_1_379' title='bbox 2142 3226 2423 3303; x_wconf 87' lang='lat' dir='ltr'>padroue</span> <span class='ocrx_word' id='word_1_380' title='bbox 2454 3227 2554 3288; x_wconf 87' lang='lat' dir='ltr'>del</span> <span class='ocrx_word' id='word_1_381' title='bbox 2584 3227 2780 3291; x_wconf 82' lang='lat' dir='ltr'>fondo</span> 
     </span>
     <span class='ocr_line' id='line_1_39' title="bbox 191 3307 2781 3388; baseline 0 -17"><span class='ocrx_word' id='word_1_382' title='bbox 191 3310 252 3371; x_wconf 91' lang='lat' dir='ltr'>in</span> <span class='ocrx_word' id='word_1_383' title='bbox 299 3309 937 3388; x_wconf 83' lang='lat' dir='ltr'>quest&#39;argomento;</span> <span class='ocrx_word' id='word_1_384' title='bbox 981 3309 1024 3371; x_wconf 92' lang='grc'>11</span> <span class='ocrx_word' id='word_1_385' title='bbox 1071 3310 1310 3372; x_wconf 89' lang='lat' dir='ltr'>dubbio</span> <span class='ocrx_word' id='word_1_386' title='bbox 1356 3326 1544 3372; x_wconf 88' lang='lat' dir='ltr'>nasce</span> <span class='ocrx_word' id='word_1_387' title='bbox 1591 3314 1854 3370; x_wconf 85' lang='lat' dir='ltr'>intorno</span> <span class='ocrx_word' id='word_1_388' title='bbox 1898 3307 2362 3381; x_wconf 82' lang='lat' dir='ltr'>all’eniiteuta,</span> <span class='ocrx_word' id='word_1_389' title='bbox 2392 3307 2450 3369; x_wconf 82' lang='lat' dir='ltr'>al</span> <span class='ocrx_word' id='word_1_390' title='bbox 2484 3309 2781 3386; x_wconf 84' lang='lat' dir='ltr'>vassalio,</span> 
     </span>
     <span class='ocr_line' id='line_1_40' title="bbox 190 3388 2681 3467; baseline 0 -16"><span class='ocrx_word' id='word_1_391' title='bbox 190 3390 247 3452; x_wconf 88' lang='lat' dir='ltr'>al</span> <span class='ocrx_word' id='word_1_392' title='bbox 294 3394 547 3462; x_wconf 86' lang='lat' dir='ltr'>marite,</span> <span class='ocrx_word' id='word_1_393' title='bbox 595 3390 1191 3465; x_wconf 80' lang='lat' dir='ltr'>ail’ususruttuario,</span> <span class='ocrx_word' id='word_1_394' title='bbox 1236 3390 1294 3452; x_wconf 82' lang='lat' dir='ltr'>ai</span> <span class='ocrx_word' id='word_1_395' title='bbox 1341 3389 1662 3453; x_wconf 85' lang='lat' dir='ltr'>creditore</span> <span class='ocrx_word' id='word_1_396' title='bbox 1701 3390 2053 3467; x_wconf 89' lang='lat' dir='ltr'>ipotecario</span> <span class='ocrx_word' id='word_1_397' title='bbox 2099 3388 2175 3448; x_wconf 89' lang='lat' dir='ltr'>ed</span> <span class='ocrx_word' id='word_1_398' title='bbox 2219 3388 2278 3450; x_wconf 84' lang='lat' dir='ltr'>ai</span> <span class='ocrx_word' id='word_1_399' title='bbox 2328 3390 2681 3451; x_wconf 82' lang='lat' dir='ltr'>venditore.</span> 
     </span>
    </p>

    <p class='ocr_par' dir='ltr' id='par_1_9' title="bbox 185 3468 2838 4114">
     <span class='ocr_line' id='line_1_41' title="bbox 347 3468 2838 3551; baseline 0 -20"><span class='ocrx_word' id='word_1_400' title='bbox 347 3470 423 3547; x_wconf 93' lang='lat' dir='ltr'>a)</span> <span class='ocrx_word' id='word_1_401' title='bbox 458 3494 479 3522; x_wconf 74' lang='grc' dir='ltr'><strong>ι</strong></span> <span class='ocrx_word' id='word_1_402' title='bbox 538 3469 656 3533; x_wconf 92' lang='lat' dir='ltr'>Per</span> <span class='ocrx_word' id='word_1_403' title='bbox 699 3472 798 3533; x_wconf 80' lang='lat' dir='ltr'>cio</span> <span class='ocrx_word' id='word_1_404' title='bbox 843 3471 963 3533; x_wconf 89' lang='lat' dir='ltr'>che</span> <span class='ocrx_word' id='word_1_405' title='bbox 993 3469 1296 3551; x_wconf 83' lang='lat' dir='ltr'>riguarda</span> <span class='ocrx_word' id='word_1_406' title='bbox 1344 3469 1691 3549; x_wconf 74' lang='lat' dir='ltr'>l&#39;enfiteuta</span> <span class='ocrx_word' id='word_1_407' title='bbox 1722 3469 1973 3531; x_wconf 83' lang='lat' dir='ltr'>sembra</span> <span class='ocrx_word' id='word_1_408' title='bbox 2012 3469 2127 3531; x_wconf 83' lang='lat' dir='ltr'>che</span> <span class='ocrx_word' id='word_1_409' title='bbox 2159 3471 2209 3530; x_wconf 87' lang='lat' dir='ltr'>si</span> <span class='ocrx_word' id='word_1_410' title='bbox 2245 3468 2447 3531; x_wconf 87' lang='lat' dir='ltr'>debba</span> <span class='ocrx_word' id='word_1_411' title='bbox 2494 3474 2779 3532; x_wconf 81' lang='lat' dir='ltr'>ritenere</span> <span class='ocrx_word' id='word_1_412' title='bbox 2827 3526 2838 3539; x_wconf 70' lang='grc'>,</span> 
     </span>
     <span class='ocr_line' id='line_1_42' title="bbox 191 3549 2781 3631; baseline 0 -20"><span class='ocrx_word' id='word_1_413' title='bbox 191 3564 369 3611; x_wconf 89' lang='lat' dir='ltr'>come</span> <span class='ocrx_word' id='word_1_414' title='bbox 417 3549 701 3629; x_wconf 89' lang='lat' dir='ltr'>padroue</span> <span class='ocrx_word' id='word_1_415' title='bbox 744 3550 845 3613; x_wconf 82' lang='lat' dir='ltr'>dei</span> <span class='ocrx_word' id='word_1_416' title='bbox 892 3550 1107 3627; x_wconf 82' lang='lat' dir='ltr'>fondo,</span> <span class='ocrx_word' id='word_1_417' title='bbox 1154 3568 1265 3631; x_wconf 89' lang='lat' dir='ltr'>per</span> <span class='ocrx_word' id='word_1_418' title='bbox 1309 3550 1499 3612; x_wconf 86' lang='lat' dir='ltr'>modo</span> <span class='ocrx_word' id='word_1_419' title='bbox 1532 3552 1658 3613; x_wconf 91' lang='lat' dir='ltr'>cbe</span> <span class='ocrx_word' id='word_1_420' title='bbox 1709 3566 1889 3629; x_wconf 91' lang='lat' dir='ltr'>possa</span> <span class='ocrx_word' id='word_1_421' title='bbox 1937 3551 2298 3627; x_wconf 81' lang='lat' dir='ltr'>acquistare</span> <span class='ocrx_word' id='word_1_422' title='bbox 2341 3550 2387 3611; x_wconf 84' lang='lat' dir='ltr'>ii</span> <span class='ocrx_word' id='word_1_423' title='bbox 2438 3560 2646 3611; x_wconf 87' lang='lat' dir='ltr'>tesoro</span> <span class='ocrx_word' id='word_1_424' title='bbox 2693 3567 2781 3611; x_wconf 81' lang='lat' dir='ltr'>in-</span> 
     </span>
     <span class='ocr_line' id='line_1_43' title="bbox 192 3631 2777 3710; baseline -0 -18"><span class='ocrx_word' id='word_1_425' title='bbox 192 3638 598 3705; x_wconf 85' lang='lat' dir='ltr'>teramente;</span> <span class='ocrx_word' id='word_1_426' title='bbox 642 3632 1052 3710; x_wconf 79' lang='lat' dir='ltr'>imperooche</span> <span class='ocrx_word' id='word_1_427' title='bbox 1096 3632 1221 3710; x_wconf 85' lang='lat' dir='ltr'>egli</span> <span class='ocrx_word' id='word_1_428' title='bbox 1270 3633 1635 3710; x_wconf 75' lang='lat' dir='ltr'>percepisse</span> <span class='ocrx_word' id='word_1_429' title='bbox 1710 3631 2268 3693; x_wconf 87' lang='lat' dir='ltr'>indistintamente</span> <span class='ocrx_word' id='word_1_430' title='bbox 2335 3633 2475 3692; x_wconf 92' lang='lat' dir='ltr'>tutti</span> <span class='ocrx_word' id='word_1_431' title='bbox 2526 3633 2542 3691; x_wconf 94' lang='lat' dir='ltr'>i</span> <span class='ocrx_word' id='word_1_432' title='bbox 2599 3631 2777 3692; x_wconf 79' lang='lat' dir='ltr'>trutti</span> 
     </span>
     <span class='ocr_line' id='line_1_44' title="bbox 189 3710 2779 3789; baseline -0.001 -16"><span class='ocrx_word' id='word_1_433' title='bbox 189 3712 305 3774; x_wconf 89' lang='lat' dir='ltr'>che</span> <span class='ocrx_word' id='word_1_434' title='bbox 351 3727 631 3773; x_wconf 87' lang='lat' dir='ltr'>nascono</span> <span class='ocrx_word' id='word_1_435' title='bbox 688 3711 794 3774; x_wconf 84' lang='lat' dir='ltr'>nei</span> <span class='ocrx_word' id='word_1_436' title='bbox 844 3712 1059 3785; x_wconf 82' lang='lat' dir='ltr'>fondo,</span> <span class='ocrx_word' id='word_1_437' title='bbox 1095 3712 1172 3774; x_wconf 90' lang='lat' dir='ltr'>ed</span> <span class='ocrx_word' id='word_1_438' title='bbox 1206 3715 1240 3773; x_wconf 75' lang='lat' dir='ltr'>e</span> <span class='ocrx_word' id='word_1_439' title='bbox 1272 3720 1574 3774; x_wconf 87' lang='lat' dir='ltr'>costretto</span> <span class='ocrx_word' id='word_1_440' title='bbox 1607 3729 1638 3774; x_wconf 89' lang='lat' dir='ltr'>a</span> <span class='ocrx_word' id='word_1_441' title='bbox 1673 3713 1972 3773; x_wconf 78' lang='lat' dir='ltr'>soffrirne</span> <span class='ocrx_word' id='word_1_442' title='bbox 2003 3711 2207 3772; x_wconf 84' lang='lat' dir='ltr'>anche</span> <span class='ocrx_word' id='word_1_443' title='bbox 2240 3713 2257 3772; x_wconf 93' lang='lat' dir='ltr'>i</span> <span class='ocrx_word' id='word_1_444' title='bbox 2296 3710 2492 3773; x_wconf 87' lang='lat' dir='ltr'>dauni</span> <span class='ocrx_word' id='word_1_445' title='bbox 2526 3710 2779 3789; x_wconf 86' lang='lat' dir='ltr'>quando</span> 
     </span>
     <span class='ocr_line' id='line_1_45' title="bbox 192 3791 2778 3870; baseline 0 -18"><span class='ocrx_word' id='word_1_446' title='bbox 192 3808 488 3869; x_wconf 84' lang='lat' dir='ltr'>vengono</span> <span class='ocrx_word' id='word_1_447' title='bbox 531 3793 866 3870; x_wconf 84' lang='lat' dir='ltr'>cagionati.</span> <span class='ocrx_word' id='word_1_448' title='bbox 912 3791 1144 3865; x_wconf 85' lang='lat' dir='ltr'>Quindi</span> <span class='ocrx_word' id='word_1_449' title='bbox 1193 3795 1228 3853; x_wconf 79' lang='lat' dir='ltr'>e</span> <span class='ocrx_word' id='word_1_450' title='bbox 1275 3795 1393 3854; x_wconf 79' lang='lat' dir='ltr'>che</span> <span class='ocrx_word' id='word_1_451' title='bbox 1441 3797 1503 3853; x_wconf 91' lang='lat' dir='ltr'>in</span> <span class='ocrx_word' id='word_1_452' title='bbox 1550 3792 1774 3855; x_wconf 88' lang='lat' dir='ltr'>diritto</span> <span class='ocrx_word' id='word_1_453' title='bbox 1820 3792 2171 3855; x_wconf 82' lang='lat' dir='ltr'>i&#39;enfiteuta</span> <span class='ocrx_word' id='word_1_454' title='bbox 2218 3793 2269 3853; x_wconf 86' lang='lat' dir='ltr'>si</span> <span class='ocrx_word' id='word_1_455' title='bbox 2319 3791 2462 3851; x_wconf 86' lang='lat' dir='ltr'>dice</span> <span class='ocrx_word' id='word_1_456' title='bbox 2504 3794 2778 3868; x_wconf 80' lang='lat' dir='ltr'>padrone</span> 
     </span>
     <span class='ocr_line' id='line_1_46' title="bbox 187 3869 2779 3953; baseline -0.002 -18"><span class='ocrx_word' id='word_1_457' title='bbox 187 3873 284 3935; x_wconf 86' lang='lat' dir='ltr'>del</span> <span class='ocrx_word' id='word_1_458' title='bbox 323 3871 514 3951; x_wconf 78' lang='lat' dir='ltr'>fondo</span> <span class='ocrx_word' id='word_1_459' title='bbox 557 3871 626 3949; x_wconf 91' lang='grc'><strong>(1.</strong></span> <span class='ocrx_word' id='word_1_460' title='bbox 668 3889 784 3949; x_wconf 80' lang='lat' dir='ltr'>xii,</span> <span class='ocrx_word' id='word_1_461' title='bbox 829 3874 961 3934; x_wconf 82' lang='lat' dir='ltr'>cod.</span> <span class='ocrx_word' id='word_1_462' title='bbox 1011 3871 1097 3934; x_wconf 91' lang='lat' dir='ltr'>De</span> <span class='ocrx_word' id='word_1_463' title='bbox 1138 3871 1352 3951; x_wconf 78' lang='lat' dir='ltr'>fundis</span> <span class='ocrx_word' id='word_1_464' title='bbox 1394 3873 1905 3953; x_wconf 84' lang='lat' dir='ltr'>patrimonial.)‚·</span> <span class='ocrx_word' id='word_1_465' title='bbox 1965 3890 2000 3935; x_wconf 90' lang='lat' dir='ltr'>e</span> <span class='ocrx_word' id='word_1_466' title='bbox 2065 3873 2212 3933; x_wconf 80' lang='lat' dir='ltr'>vien</span> <span class='ocrx_word' id='word_1_467' title='bbox 2283 3881 2672 3950; x_wconf 82' lang='lat' dir='ltr'>paragonato</span> <span class='ocrx_word' id='word_1_468' title='bbox 2717 3869 2779 3933; x_wconf 78' lang='lat' dir='ltr'>al</span> 
     </span>
     <span class='ocr_line' id='line_1_47' title="bbox 189 3950 2780 4032; baseline -0.001 -17"><span class='ocrx_word' id='word_1_469' title='bbox 189 3953 651 4032; x_wconf 85' lang='lat' dir='ltr'>proprietari03</span> <span class='ocrx_word' id='word_1_470' title='bbox 689 3970 800 4031; x_wconf 91' lang='lat' dir='ltr'>per</span> <span class='ocrx_word' id='word_1_471' title='bbox 844 3954 940 4013; x_wconf 82' lang='lat' dir='ltr'>cio</span> <span class='ocrx_word' id='word_1_472' title='bbox 977 3950 1060 4030; x_wconf 81' lang='lat' dir='ltr'>gli</span> <span class='ocrx_word' id='word_1_473' title='bbox 1109 3961 1312 4030; x_wconf 85' lang='lat' dir='ltr'>spetta</span> <span class='ocrx_word' id='word_1_474' title='bbox 1362 3950 1741 4015; x_wconf 74' lang='lat' dir='ltr'>i&#39;immunita</span> <span class='ocrx_word' id='word_1_475' title='bbox 1789 3954 1849 4014; x_wconf 90' lang='lat' dir='ltr'>di</span> <span class='ocrx_word' id='word_1_476' title='bbox 1903 3962 2154 4032; x_wconf 79' lang='lat' dir='ltr'>prester</span> <span class='ocrx_word' id='word_1_477' title='bbox 2203 3954 2511 4013; x_wconf 87' lang='lat' dir='ltr'>cauzione</span> <span class='ocrx_word' id='word_1_478' title='bbox 2557 3950 2628 4030; x_wconf 90' lang='grc'><strong>(1.</strong></span> <span class='ocrx_word' id='word_1_479' title='bbox 2676 3966 2780 4028; x_wconf 71' lang='grc' dir='ltr'>κν,</span> 
     </span>
     <span class='ocr_line' id='line_1_48' title="bbox 185 4032 2432 4114; baseline -0.002 -18"><span class='ocrx_word' id='word_1_480' title='bbox 185 4035 390 4114; x_wconf 83' lang='lat' dir='ltr'>princ.</span> <span class='ocrx_word' id='word_1_481' title='bbox 428 4040 493 4093; x_wconf 90' lang='lat' dir='ltr'>et</span> <span class='ocrx_word' id='word_1_482' title='bbox 616 4034 644 4094; x_wconf 78' lang='lat'><strong>1</strong></span> <span class='ocrx_word' id='word_1_483' title='bbox 692 4034 757 4112; x_wconf 79' lang='lat' dir='ltr'>ff.</span> <span class='ocrx_word' id='word_1_484' title='bbox 804 4034 913 4112; x_wconf 85' lang='lat' dir='ltr'>qui</span> <span class='ocrx_word' id='word_1_485' title='bbox 953 4033 1171 4095; x_wconf 81' lang='lat' dir='ltr'>satisd.</span> <span class='ocrx_word' id='word_1_486' title='bbox 1217 4036 1485 4112; x_wconf 53' lang='lat' dir='ltr'>coquin).</span> <span class='ocrx_word' id='word_1_487' title='bbox 1530 4034 1868 4097; x_wconf 87' lang='lat' dir='ltr'>Consentit</span> <span class='ocrx_word' id='word_1_488' title='bbox 1906 4034 2046 4097; x_wconf 87' lang='lat' dir='ltr'>Cod.</span> <span class='ocrx_word' id='word_1_489' title='bbox 2092 4040 2210 4094; x_wconf 88' lang='lat' dir='ltr'>art.</span> <span class='ocrx_word' id='word_1_490' title='bbox 2259 4032 2432 4093; x_wconf 74' lang='lat'><strong>1561.</strong></span> 
     </span>
    </p>

    <p class='ocr_par' dir='ltr' id='par_1_10' title="bbox 170 4112 2779 4355">
     <span class='ocr_line' id='line_1_49' title="bbox 347 4112 2778 4192; baseline -0.001 -16"><span class='ocrx_word' id='word_1_491' title='bbox 347 4112 418 4190; x_wconf 81' lang='lat' dir='ltr'>b)</span> <span class='ocrx_word' id='word_1_492' title='bbox 461 4138 482 4165; x_wconf 77' lang='grc' dir='ltr'>ι</span> <span class='ocrx_word' id='word_1_493' title='bbox 577 4115 633 4174; x_wconf 82' lang='lat' dir='ltr'>io</span> <span class='ocrx_word' id='word_1_494' title='bbox 677 4116 794 4175; x_wconf 89' lang='lat' dir='ltr'>cbe</span> <span class='ocrx_word' id='word_1_495' title='bbox 838 4115 873 4174; x_wconf 79' lang='lat' dir='ltr'>e</span> <span class='ocrx_word' id='word_1_496' title='bbox 902 4113 1186 4175; x_wconf 85' lang='lat' dir='ltr'>stabilito</span> <span class='ocrx_word' id='word_1_497' title='bbox 1223 4114 1524 4192; x_wconf 82' lang='lat' dir='ltr'>riguardo</span> <span class='ocrx_word' id='word_1_498' title='bbox 1553 4114 1977 4177; x_wconf 83' lang='lat' dir='ltr'>ail’enflteuta</span> <span class='ocrx_word' id='word_1_499' title='bbox 2009 4114 2320 4176; x_wconf 86' lang='lat' dir='ltr'>conviene</span> <span class='ocrx_word' id='word_1_500' title='bbox 2356 4118 2778 4173; x_wconf 87' lang='lat' dir='ltr'>esattamente</span> 
     </span>
     <span class='ocr_line' id='line_1_50' title="bbox 170 4189 2778 4276; baseline -0.001 -18"><span class='ocrx_word' id='word_1_501' title='bbox 170 4195 392 4276; x_wconf 30' lang='lat' dir='ltr'>‘anche</span> <span class='ocrx_word' id='word_1_502' title='bbox 437 4194 496 4257; x_wconf 89' lang='lat' dir='ltr'>al</span> <span class='ocrx_word' id='word_1_503' title='bbox 540 4194 834 4264; x_wconf 83' lang='lat' dir='ltr'>vassallo,</span> <span class='ocrx_word' id='word_1_504' title='bbox 881 4194 922 4254; x_wconf 88' lang='grc'>11</span> <span class='ocrx_word' id='word_1_505' title='bbox 968 4193 1155 4271; x_wconf 80' lang='lat' dir='ltr'>quate</span> <span class='ocrx_word' id='word_1_506' title='bbox 1189 4194 1373 4256; x_wconf 89' lang='lat' dir='ltr'>viene</span> <span class='ocrx_word' id='word_1_507' title='bbox 1408 4210 1562 4272; x_wconf 85' lang='lat' dir='ltr'>pure</span> <span class='ocrx_word' id='word_1_508' title='bbox 1596 4195 1925 4256; x_wconf 86' lang='lat' dir='ltr'>nominato</span> <span class='ocrx_word' id='word_1_509' title='bbox 1964 4194 2240 4272; x_wconf 75' lang='lat' dir='ltr'>padi-one</span> <span class='ocrx_word' id='word_1_510' title='bbox 2271 4191 2369 4253; x_wconf 86' lang='lat' dir='ltr'>del</span> <span class='ocrx_word' id='word_1_511' title='bbox 2397 4189 2581 4269; x_wconf 84' lang='lat' dir='ltr'>fondo</span> <span class='ocrx_word' id='word_1_512' title='bbox 2612 4191 2682 4270; x_wconf 90' lang='grc'><strong>(1.</strong></span> <span class='ocrx_word' id='word_1_513' title='bbox 2727 4208 2778 4254; x_wconf 86' lang='lat' dir='ltr'>u</span> 
     </span>
     <span class='ocr_line' id='line_1_51' title="bbox 184 4270 2779 4355; baseline -0.002 -16"><span class='ocrx_word' id='word_1_514' title='bbox 184 4277 460 4355; x_wconf 64' lang='lat' dir='ltr'>sunder„</span> <span class='ocrx_word' id='word_1_515' title='bbox 505 4275 598 4337; x_wconf 84' lang='lat' dir='ltr'>tit.</span> <span class='ocrx_word' id='word_1_516' title='bbox 643 4288 757 4335; x_wconf 84' lang='lat' dir='ltr'>vm</span> <span class='ocrx_word' id='word_1_517' title='bbox 802 4273 888 4336; x_wconf 86' lang='lat' dir='ltr'>De</span> <span class='ocrx_word' id='word_1_518' title='bbox 918 4275 1298 4338; x_wconf 87' lang='lat' dir='ltr'>investitura</span> <span class='ocrx_word' id='word_1_519' title='bbox 1339 4274 1411 4335; x_wconf 90' lang='lat' dir='ltr'>de</span> <span class='ocrx_word' id='word_1_520' title='bbox 1451 4290 1520 4335; x_wconf 88' lang='lat' dir='ltr'>re</span> <span class='ocrx_word' id='word_1_521' title='bbox 1561 4276 1775 4338; x_wconf 86' lang='lat' dir='ltr'>aliena</span> <span class='ocrx_word' id='word_1_522' title='bbox 1817 4273 2034 4353; x_wconf 75' lang='lat' dir='ltr'>faeta,</span> <span class='ocrx_word' id='word_1_523' title='bbox 2077 4274 2306 4335; x_wconf 85' lang='lat' dir='ltr'>versic.</span> <span class='ocrx_word' id='word_1_524' title='bbox 2361 4270 2458 4334; x_wconf 88' lang='lat' dir='ltr'>rei</span> <span class='ocrx_word' id='word_1_525' title='bbox 2513 4273 2779 4351; x_wconf 89' lang='lat' dir='ltr'>autem).</span> 
     </span>
    </p>

    <p class='ocr_par' dir='ltr' id='par_1_11' title="bbox 184 4352 2779 4758">
     <span class='ocr_line' id='line_1_52' title="bbox 346 4352 2775 4435; baseline -0 -19"><span class='ocrx_word' id='word_1_526' title='bbox 346 4356 413 4435; x_wconf 88' lang='lat' dir='ltr'>c)</span> <span class='ocrx_word' id='word_1_527' title='bbox 456 4380 480 4407; x_wconf 71' lang='grc' dir='ltr'><strong>ι</strong></span> <span class='ocrx_word' id='word_1_528' title='bbox 535 4355 764 4428; x_wconf 90' lang='lat' dir='ltr'>Questa</span> <span class='ocrx_word' id='word_1_529' title='bbox 814 4357 1012 4417; x_wconf 90' lang='lat' dir='ltr'>teoria</span> <span class='ocrx_word' id='word_1_530' title='bbox 1052 4372 1178 4417; x_wconf 91' lang='lat' dir='ltr'>non</span> <span class='ocrx_word' id='word_1_531' title='bbox 1211 4356 1246 4416; x_wconf 79' lang='lat' dir='ltr'>e</span> <span class='ocrx_word' id='word_1_532' title='bbox 1293 4355 1445 4433; x_wconf 79' lang='lat' dir='ltr'>pero</span> <span class='ocrx_word' id='word_1_533' title='bbox 1482 4354 1868 4433; x_wconf 85' lang='lat' dir='ltr'>applicabile</span> <span class='ocrx_word' id='word_1_534' title='bbox 1905 4352 2382 4432; x_wconf 79' lang='lat' dir='ltr'>ogniqualvoita</span> <span class='ocrx_word' id='word_1_535' title='bbox 2415 4353 2467 4413; x_wconf 85' lang='lat' dir='ltr'>si</span> <span class='ocrx_word' id='word_1_536' title='bbox 2503 4353 2675 4431; x_wconf 77' lang='lat' dir='ltr'>paria</span> <span class='ocrx_word' id='word_1_537' title='bbox 2712 4353 2775 4415; x_wconf 91' lang='lat' dir='ltr'>di</span> 
     </span>
     <span class='ocr_line' id='line_1_53' title="bbox 184 4432 2772 4515; baseline 0 -19"><span class='ocrx_word' id='word_1_538' title='bbox 184 4436 492 4498; x_wconf 80' lang='lat' dir='ltr'>creditori</span> <span class='ocrx_word' id='word_1_539' title='bbox 529 4436 835 4515; x_wconf 82' lang='lat' dir='ltr'>ipoteeari</span> <span class='ocrx_word' id='word_1_540' title='bbox 878 4451 913 4496; x_wconf 92' lang='lat' dir='ltr'>o</span> <span class='ocrx_word' id='word_1_541' title='bbox 960 4435 1020 4497; x_wconf 87' lang='lat' dir='ltr'>di</span> <span class='ocrx_word' id='word_1_542' title='bbox 1066 4434 1550 4514; x_wconf 81' lang='lat' dir='ltr'>usufruttuari,·</span> <span class='ocrx_word' id='word_1_543' title='bbox 1599 4437 2022 4514; x_wconf 79' lang='lat' dir='ltr'>imperoccbe,</span> <span class='ocrx_word' id='word_1_544' title='bbox 2067 4442 2490 4513; x_wconf 84' lang='lat' dir='ltr'>quantunque</span> <span class='ocrx_word' id='word_1_545' title='bbox 2541 4432 2591 4494; x_wconf 87' lang='lat' dir='ltr'>il</span> <span class='ocrx_word' id='word_1_546' title='bbox 2636 4449 2772 4497; x_wconf 83' lang='lat' dir='ltr'>cre·</span> 
     </span>
     <span class='ocr_line' id='line_1_54' title="bbox 187 4514 2778 4595; baseline -0 -18"><span class='ocrx_word' id='word_1_547' title='bbox 187 4517 399 4577; x_wconf 88' lang='lat' dir='ltr'>ditore</span> <span class='ocrx_word' id='word_1_548' title='bbox 441 4515 624 4578; x_wconf 88' lang='lat' dir='ltr'>abbia</span> <span class='ocrx_word' id='word_1_549' title='bbox 674 4516 773 4579; x_wconf 87' lang='lat' dir='ltr'>sul</span> <span class='ocrx_word' id='word_1_550' title='bbox 820 4515 1012 4578; x_wconf 75' lang='lat' dir='ltr'>fondo</span> <span class='ocrx_word' id='word_1_551' title='bbox 1049 4532 1134 4579; x_wconf 91' lang='lat' dir='ltr'>uu</span> <span class='ocrx_word' id='word_1_552' title='bbox 1180 4525 1355 4578; x_wconf 87' lang='lat' dir='ltr'>certo</span> <span class='ocrx_word' id='word_1_553' title='bbox 1400 4515 1549 4595; x_wconf 84' lang='lat' dir='ltr'>qual</span> <span class='ocrx_word' id='word_1_554' title='bbox 1594 4515 1818 4578; x_wconf 78' lang='lat' dir='ltr'>diritto</span> <span class='ocrx_word' id='word_1_555' title='bbox 1850 4564 1864 4591; x_wconf 93' lang='lat'>,</span> <span class='ocrx_word' id='word_1_556' title='bbox 1909 4514 2305 4577; x_wconf 86' lang='lat' dir='ltr'>nondimeno</span> <span class='ocrx_word' id='word_1_557' title='bbox 2352 4515 2522 4583; x_wconf 48' lang='lat' dir='ltr'>ttutti</span> <span class='ocrx_word' id='word_1_558' title='bbox 2569 4529 2778 4576; x_wconf 87' lang='lat' dir='ltr'>sanno</span> 
     </span>
     <span class='ocr_line' id='line_1_55' title="bbox 186 4592 2778 4676; baseline -0.003 -17"><span class='ocrx_word' id='word_1_559' title='bbox 186 4605 424 4673; x_wconf 85' lang='lat' dir='ltr'>quanta</span> <span class='ocrx_word' id='word_1_560' title='bbox 472 4595 818 4659; x_wconf 79' lang='lat' dir='ltr'>differenza</span> <span class='ocrx_word' id='word_1_561' title='bbox 865 4597 1030 4676; x_wconf 86' lang='lat' dir='ltr'>passi</span> <span class='ocrx_word' id='word_1_562' title='bbox 1077 4597 1156 4659; x_wconf 86' lang='lat' dir='ltr'>da</span> <span class='ocrx_word' id='word_1_563' title='bbox 1246 4604 1426 4659; x_wconf 88' lang='lat' dir='ltr'>uesto</span> <span class='ocrx_word' id='word_1_564' title='bbox 1471 4597 1696 4659; x_wconf 85' lang='lat' dir='ltr'>diritto</span> <span class='ocrx_word' id='word_1_565' title='bbox 1741 4595 1800 4658; x_wconf 81' lang='lat' dir='ltr'>al</span> <span class='ocrx_word' id='word_1_566' title='bbox 1846 4595 2134 4658; x_wconf 88' lang='lat' dir='ltr'>dominio</span> <span class='ocrx_word' id='word_1_567' title='bbox 2177 4593 2246 4671; x_wconf 91' lang='grc'><strong>(1.</strong></span> <span class='ocrx_word' id='word_1_568' title='bbox 2277 4593 2524 4674; x_wconf 56' lang='lat' dir='ltr'>unu}</span> <span class='ocrx_word' id='word_1_569' title='bbox 2566 4592 2680 4657; x_wconf 88' lang='lat' dir='ltr'>ult.</span> <span class='ocrx_word' id='word_1_570' title='bbox 2711 4595 2778 4675; x_wconf 82' lang='lat' dir='ltr'>ff.</span> 
     </span>
     <span class='ocr_line' id='line_1_56' title="bbox 186 4674 2779 4758; baseline -0.002 -17"><span class='ocrx_word' id='word_1_571' title='bbox 186 4679 258 4741; x_wconf 85' lang='lat' dir='ltr'>de</span> <span class='ocrx_word' id='word_1_572' title='bbox 290 4676 536 4757; x_wconf 77' lang='lat' dir='ltr'>acquir.</span> <span class='ocrx_word' id='word_1_573' title='bbox 579 4694 705 4740; x_wconf 87' lang='lat' dir='ltr'>rer.</span> <span class='ocrx_word' id='word_1_574' title='bbox 747 4678 957 4758; x_wconf 55' lang='lat' dir='ltr'>donn).</span> <span class='ocrx_word' id='word_1_575' title='bbox 999 4676 1064 4740; x_wconf 72' lang='lat'>1:</span> <span class='ocrx_word' id='word_1_576' title='bbox 1090 4694 1206 4742; x_wconf 85' lang='lat' dir='ltr'>usu</span> <span class='ocrx_word' id='word_1_577' title='bbox 1242 4678 1560 4741; x_wconf 87' lang='lat' dir='ltr'>ruttuario</span> <span class='ocrx_word' id='word_1_578' title='bbox 1605 4679 1708 4758; x_wconf 89' lang='lat' dir='ltr'>poi</span> <span class='ocrx_word' id='word_1_579' title='bbox 1757 4686 2150 4758; x_wconf 83' lang='lat' dir='ltr'>paragonato</span> <span class='ocrx_word' id='word_1_580' title='bbox 2212 4674 2276 4739; x_wconf 87' lang='lat' dir='ltr'>al</span> <span class='ocrx_word' id='word_1_581' title='bbox 2348 4675 2779 4756; x_wconf 86' lang='lat' dir='ltr'>proprietario</span> 
     </span>
    </p>
   </div>
  </div>
 </body>
</html>
