3292 5167
494 180 625 248 564
1469 199 1583 244 un.
1635 195 1700 245 n.
1747 199 1959 248 macr.
2005 195 2109 245 vn.

493 302 687 368 rebus
750 299 1126 365 solvendum
1195 300 1259 363 in
1319 299 1747 396 conscientia:
1811 301 1879 379 2)
1939 318 2282 384 pauperes,
2324 302 2376 366 si
2435 318 2618 367 secus
2677 318 2748 366 se
2809 308 2878 365 et
2939 317 3093 366 suos

495 383 670 447 alere
718 398 847 446 non
890 380 1226 444 valerent:
1282 389 1347 443 et
1389 382 1650 448 videtur
1735 399 1876 446 osse
1923 383 2057 462 ipse
2100 384 2401 448 minister
2462 383 2653 446 alicui
2708 380 2901 445 valde
2942 398 3095 463 pau·

491 465 1011 545 peri.remittere
1056 461 1295 525 tributa
1324 478 1405 525 ex
1435 400 1803 527 rationagili
1853 464 2164 544 principis
2209 463 2557 527 voluntate.
2585 464 2664 526 Et
2693 477 2921 525 revera
2953 465 3091 543 ipsa

494 543 668 610 civili
719 543 860 623 lege
909 552 1049 605 taxa
1102 542 1490 606 tributorum
1534 546 1823 608 omnium
1868 543 1946 607 de
2005 544 2176 624 regis
2210 544 2613 624 indulgentia
2660 541 2827 606 solet
2860 543 3095 621 minui,

495 625 550 687 si
596 623 1042 688 communitati
1101 621 1205 683 vel
1245 624 1491 702 privato
1535 622 1727 688 alicui
1766 639 1956 704 grave
1987 624 2288 687 damnum
2327 640 2476 687 casu
2520 626 2884 702 contingat,
2922 630 2995 687 ut
3023 621 3093 700 iu

493 704 823 779 incendi0,
868 705 934 765 in
986 702 1325 781 grandine,
1371 703 1434 766 in
1483 704 1809 767 alluvione
1853 706 2119 768 evenire
2163 703 2344 767 solet.
2382 702 2673 768 Ceterum
2718 720 2801 766 ex
2838 708 2981 784 lege
3009 702 3092 766 ci·

491 785 606 848 vili
654 783 1269 865 aequaliter‘omnes
1312 795 1627 863 urgentur
1697 785 2223 848 acl-tributorum
2286 784 2677 850 solutionem
2703 803 2722 860 ;
2756 800 2971 863 neque
3013 779 3096 846 fit

494 864 826 928 distinctio
893 866 1061 926 inter
1105 879 1418 943 pauperes
1462 873 1526 928 et
1572 866 1843 943 divites,
1899 866 2070 929 inter
2134 874 2423 929 ementes
2484 866 2564 931 ad
2630 863 3093 945 negotiandum

492 945 596 1008 vel
642 945 720 1007 ad
767 959 950 1007 usum
1039 944 1416 1007 ersonalem.

659 1024 730 1102 b)
773 1025 863 1088 Ex
906 959 1085 1086 Bui'ta
1137 1023 1331 1087 Coence
1375 1024 1437 1107 (g
1485 1024 1587 1107 18)
1632 1026 2301 1089 excommunicatione
2347 1026 2485 1106 ipso
2528 1025 2694 1088 facto
2721 1074 2736 1100 ,
2782 1032 2848 1087 et
2892 1039 3096 1086 reser-

500 1115 647 1169 vata
688 1104 1059 1184 plectuntur
1088 1121 1310 1168 omnes
1347 1121 1725 1186 quacunque
1781 1106 2095 1187 dignitate
2138 1103 2482 1184 fulgentes,
2530 1107 2636 1186 qui
2689 1106 2940 1169 directe
2987 1102 3095 1167 vel

501 1186 825 1248 indirecte
872 1186 1207 1264 imponunt
1249 1185 1574 1264 collectas,
1617 1185 1898 1250 decimas
1941 1195 2006 1249 et
2036 1185 2158 1248 alia
2198 1202 2394 1249 onera
2438 1185 2718 1260 clericis,
2775 1183 3091 1264 Praelatis,

498 1266 774 1347 aliisque
818 1265 1300 1343 ecclesiasticis,
1329 1267 1425 1329 vel
1457 1265 1784 1342 Ecclesiis‚
1829 1265 2253 1341 monasteriis,
2305 1266 2666 1342 Beneficiis,
2696 1268 2840 1328 sine
2870 1271 3088 1327 aucto-

498 1349 690 1409 ritate
737 1346 1066 1407 Pontificis
1094 1393 1109 1422 ‚
1149 1355 1213 1408 et
1258 1347 1542 1428 exigunt.
1587 1345 1697 1410 Cui
1794 1346 2088 1428 rivilegio
2132 1346 2367 1409 alicubi
2416 1346 2871 1426 legitime‘per
2922 1344 3083 1407 Con·

499 1428 757 1489 cordata
785 1425 1160 1504 derogatum
1186 1436 1310 1500 est3
1338 1437 1436 1490 ast
1457 1426 1610 1490 alibi
1636 1445 1745 1491 ecc
1775 1430 2049 1491 esiastici
2078 1426 2155 1489 ad
2181 1425 2560 1502 solvendum
2591 1425 3093 1507 compelluntur.

576 1507 776 1568 81⁰.
821 1505 1382 1568 Gan-enarum
1426 1504 2006 1569 '‘fundauit-est
2051 1508 2453 1587 quaestiones,
2694 1510 2699 1514 ’

579 1585 645 1659 Q.
690 1586 744 1649 1.
790 1586 889 1648 An
933 1592 1183 1662 peccent
1222 1593 1284 1649 et
1328 1594 1662 1651 teneantur
1703 1590 2034 1652 restituere
2087 1588 2196 1668 qui
2240 1587 2322 1650 ad
2367 1585 2810 1667 nepotiandum
2845 1586 2962 1648 ads
3006 1602 3097 1648 or·

499 1673 644 1730 tant
682 1673 745 1730 et
781 1666 1058 1756 vendunt
1097 1683 1324 1729 merces
1364 1667 1737 1749 prohibitas,
1779 1675 1854 1732 ut
1880 1676 1973 1732 est
2000 1667 2295 1732 tabacum
2337 1674 2662 1739 exterum;
2693 1668 2788 1728 vel
2818 1601 3097 1730 sensum

498 1765 621 1822 res,
671 1764 827 1826 quas
871 1746 1076 1826 aliqui
1121 1755 1365 1825 tantum
1406 1767 1485 1811 em
1521 1750 1854 1830 privileyio
1895 1749 2154 1813 vendere
2193 1755 2477 1827 possunt,
2516 1755 2595 1809 ut
2633 1747 2733 1809 sal
2748 1769 2775 1820 ;
2812 1748 2914 1810 vel
2946 1765 3109 1830 vert-⁸

498 1830 660 1892 dunt
700 1828 860 1908 quod
917 1835 993 1888 ut
1051 1828 1258 1908 aliqui
1323 1830 1443 1892 soli
1503 1829 1762 1893 vendere
1817 1830 2106 1903 valeant,
2167 1827 2477 1893 tributum
2532 1827 2763 1891 oerario
2819 1828 3093 1904 solvunt,

497 1917 573 1971 ut
613 1915 706 1970 est
746 1909 960 1970 vinum
1004 1908 1162 1987 quod
1204 1910 1495 1972 minutim
1537 1911 1830 1974 venditur
1872 1928 1910 1973 a
1952 1912 2275 1990 caupone?

583 1987 651 2050 R.
695 1988 810 2061 Qui
860 1996 1083 2051 tenent
1128 1989 1298 2069 leges
1345 1990 1729 2054 tributorum
1762 2007 1901 2053 esse
1935 2007 2093 2070 pure
2128 1987 2437 2068 poenales,
2472 1987 2727 2051 nullum
2761 1994 3089 2067 peccatum

501 2068 873 2148 nullamque
918 2069 1222 2146 injuriam
1270 2071 1331 2131 in
1380 2071 1555 2134 hisce
1611 2070 2090 2135 fraudatoribus
2141 2076 2514 2148 agnoscunt.
2558 2068 2694 2131 Non
2741 2068 2827 2131 ita
2875 2075 3092 2131 tamen

503 2147 769 2212 alterius
812 2151 1150 2211 sententiae
1205 2151 1474 2229 patroni.
1521 2149 1720 2215 Porro
1764 2151 1930 2231 quod
1977 2152 2210 2214 attinet
2256 2150 2333 2213 ad
2380 2165 2626 2212 merces
2673 2149 2872 2229 primi
2912 2163 3093 2228 qene-

501 2228 617 2302 ris‚
666 2246 772 2291 eas
818 2228 1191 2291 fraudantes
1238 2247 1347 2309 per
1393 2247 1461 2292 se
1504 2230 1826 2311 loquendo
1895 2231 2173 2294 liberant
2230 2246 2358 2292 non
2420 2229 2678 2309 quidem
2724 2246 2756 2290 a
2806 2237 3089 2309 peccato,

504 2324 646 2371 cum
692 2309 816 2388 legi
863 2311 949 2372 sit
993 2309 1602 2388 obtemperandum:
1646 2312 1811 2374 bene
1857 2327 2006 2374 vero
2037 2329 2071 2375 a
2104 2311 2556 2384 restitutione;
2591 2310 2736 2390 quia
2773 2324 2894 2370 nec
2924 2309 3096 2401 prin·

502 2391 660 2468 cipis
707 2405 825 2452 nec
869 2391 1101 2470 privati
1142 2390 1246 2469 ius
1289 2392 1585 2455 strictum
1636 2391 1897 2456 violant.
1942 2392 2177 2470 Excipe
2224 2393 2347 2453 nisi
2398 2406 2699 2470 expresse
2749 2389 3087 2468 probibea-

504 2479 607 2530 tur
653 2469 846 2549 (quod
899 2487 1025 2532 non
1085 2486 1230 2533 raro
1285 2474 1656 2554 contingit),
1711 2482 1780 2535 ut
1822 2488 2068 2535 merces
2132 2472 2313 2551 regni
2385 2470 2637 2548 facilius
2703 2469 3083 2532 vendantur.

501 2548 716 2621 Quoad
761 2565 1008 2613 merces
1062 2553 1318 2614 secundi
1378 2554 1652 2633 generis,
1718 2552 2008 2632 obligant
2075 2550 2450 2615 fraudantes
2492 2550 2570 2612 ad
2617 2548 3089 2612 restituendum

501 2629 935 2709 privilegiatis
981 2631 1249 2706 lucrum,
1281 2632 1445 2714 quod
1484 2633 1901 2713 probabiliter
1933 2632 2273 2707 fecissent;
2303 2647 2445 2694 cum
2471 2631 2577 2710 jus
2611 2630 2900 2709 legitime
2938 2630 3090 2708 ipsis

504 2726 879 2773 concessum
928 2711 1192 2774 violent.
1237 2712 1517 2777 Tandem
1561 2713 1767 2795 quoad
1809 2713 2090 2789 ultimas,
2127 2716 2359 2776 iterum
2393 2709 2765 2775 fraudantes
2794 2707 2875 2772 de
2906 2709 3008 2773 cul
3057 2725 3089 2774 a

511 2799 577 2852 et
626 2791 1035 2854 restitutione
1080 2795 1286 2856 teneri
1335 2793 1598 2869 docent3
1640 2793 1750 2856 sed
1798 2798 2051 2857 cuinam
2101 2803 2250 2856 tunc
2294 2790 2813 2855 restituendum?
2857 2789 2964 2852 alii
3052 2791 3091 2853 i·

503 2879 658 2932 cunt
702 2872 1002 2950 principi,
1044 2874 1188 2950 quia
1239 2882 1460 2937 contra
1506 2876 1711 2953 ipsum
1757 2872 1933 2936 fraus
1977 2873 2378 2937 admittitur:
2422 2872 2587 2952 quod
2627 2872 2837 2934 adbuc
2871 2869 3119 2934 valere‘

505 2950 748 3028 dicunt,
795 2953 913 3013 etsi
964 2954 1258 3033 princeps
1303 2952 1584 3032 gabellas
1633 2954 1976 3028 locaverit;
2020 2957 2165 3034 quia
2212 2953 2290 3015 ob
2335 2952 2539 3015 dictas
2605 2951 2870 3016 fraudes
2931 2965 3085 3029 prae·

501 3031 698 3107 visaS‚
755 3030 899 3093 illas
964 3033 1232 3096 minoris
1298 3034 1509 3097 locare
1571 3033 1871 3114 adigitur.
1933 3034 2099 3097 Sunt
2161 3043 2371 3097 tamen
2445 3034 2839 3098 recentiores
2887 3031 2973 3109 pii
3020 3046 3091 3093 ac

507 3110 700 3189 docti,
744 3111 1042 3174 observat
1085 3112 1381 3191 Bouvier,
1429 3114 1536 3196 qui
1583 3114 1817 3178 docent
1886 3118 2359 3179 restitutionem
2455 3115 2623 3175 otius
2667 3112 2806 3174 fleri
2853 3109 3090 3174 debere

513 3191 789 3258 subditis
856 3192 1210 3268 fidelibus3
1274 3197 1418 3273 quia
1503 3195 1803 3275 princeps
1871 3193 2131 3258 fraudes
2198 3194 2393 3273 praevi
2445 3210 2560 3255 ens
2624 3193 2780 3255 istos
2840 3193 3091 3270 cogitur

504 3271 764 3335 tributis
816 3289 1105 3351 gravare,
1149 3284 1219 3336 ut
1261 3276 1380 3337 sibi
1428 3284 1896 3354 compensetur.
1948 3275 2029 3337 At
2070 3289 2210 3338 cum
2255 3275 2339 3335 sit
2384 3272 2801 3352 impossibile,
2847 3280 2917 3333 ut
2962 3271 3091 3333 sin-

505 3351 674 3431 gulis
712 3350 987 3415 subditis
1024 3357 1347 3417 restitutio
1380 3355 1514 3433 fiat,
1542 3355 1686 3418 ideo
1719 3355 2111 3420 concludunt
2132 3370 2269 3417 eam
2293 3353 2681 3435 pauperibus
2704 3349 3088 3414 faciendam.

585 3430 652 3505 Q.
694 3432 753 3493 2.
796 3434 895 3496 Au
936 3450 1136 3496 emens
1189 3451 1419 3497 merces
1463 3451 1503 3498 a
1543 3434 1940 3516 gabellarum
1993 3431 2362 3515 fraudatore
2414 3441 2646 3515 peccet,
2686 3441 2748 3496 et
2798 3436 3092 3495 tencatur

503 3516 572 3572 m
610 3511 853 3591 defectu
894 3511 1291 3592 fraudatoris
1333 3514 1415 3578 ad
1458 3515 1690 3582 tributi
1729 3515 2024 3598 fraudati
2068 3516 2479 3578 solutionem?

586 3590 657 3654 R.
698 3592 1005 3673 Negative
1048 3595 1112 3656 in
1158 3611 1379 3658 eorum
1425 3598 1765 3674 sententia,
1806 3598 1915 3677 qui
1962 3596 2166 3677 legem
2212 3594 2600 3657 tributorum
2650 3608 2829 3654 mere
2870 3604 3090 3670 poena·

506 3669 633 3735 lem
680 3673 931 3736 docent.
976 3673 1045 3736 In
1089 3674 1361 3739 aliorum
1405 3692 1559 3740 vero
1602 3678 1946 3755 sententia,
1989 3674 2555 3754 distinguendum:
2609 3681 2721 3737 aut
2787 3674 2908 3734 iste
2975 3684 3097 3734 em·

508 3759 656 3835 ptor
701 3763 1083 3833 cooperatur
1116 3757 1388 3835 positive
1423 3756 1502 3818 ad
1548 3757 1773 3822 tributi
1826 3757 2330 3822 fraudationem:
2376 3770 2431 3817 v.
2475 3772 2554 3836 g.‚
2596 3751 2953 3828 suadendo,
2996 3752 3092 3830 ju·

503 3834 740 3912 vando,
801 3850 1051 3898 merces
1119 3844 1365 3900 secreto
1410 3836 1830 3917 deportando,
1872 3846 2017 3914 etc.;
2059 3845 2123 3899 et
2165 3844 2320 3899 tunc
2360 3838 2509 3916 quia
2552 3832 2878 3897 venditori
2926 3833 3095 3911 posi·

504 3916 638 3980 tive
680 3923 1065 3997 cooperatur
1107 3916 1188 3978 ad
1233 3916 1523 3980 fraudem
1570 3927 1635 3981 et
1677 3919 1981 3981 damnum
2016 3916 2413 3996 reipublicae,
2456 3917 2597 3982 sine
2639 3913 2832 3977 dubio
2877 3917 3095 3993 peccat

505 4006 727 4060 contra
791 3999 1130 4076 justitiam,
1173 4005 1240 4059 et
1281 3997 1622 4062 venditore
1666 4015 1793 4061 non
1843 4000 2249 4072 restituente,
2309 3997 2445 4077 ipse
2504 3993 2786 4058 secundo
2830 3993 2975 4057 loco
3020 3988 3092 4054 ad

508 4077 988 4140 restitutionem
1051 4076 1392 4158 obligatur.
1436 4078 1561 4142 Aut
1603 4080 1758 4157 talis
1801 4086 2063 4159 emptor-
2097 4077 2372 4157 positive
2417 4092 2546 4139 non
2591 4083 2977 4156 cooperatur
3020 4068 3092 4156 ad

511 4153 1019 4231 fraudationem3
1063 4155 1174 4220 sed
1220 4157 1607 4242 simpliciter
1650 4162 1829 4235 emit,
1877 4161 1996 4223 etsi
2040 4157 2240 4238 probe
2283 4156 2445 4220 sciat
2492 4155 2899 4219 venditorem
2967 4167 3095 4238 non

511 4235 865 4301 soluturum
911 4237 1218 4318 gabellas,
1264 4241 1512 4303 etiamsi
1560 4242 1613 4302 is
1657 4254 1901 4303 merces
1943 4238 2191 4302 occulte
2232 4240 2307 4300 in
2357 4237 2621 4318 domum
2651 4234 3093 4323 tuamvimpor3

511 4323 622 4391 tet,
666 4328 730 4379 et
757 4318 1067 4381 emendas
1111 4317 1307 4395 ferat3
1350 4328 1415 4382 et
1461 4322 1622 4384 bene
1658 4324 1820 4383 scias
1851 4336 1995 4383 eum
2036 4317 2096 4381 id
2137 4316 2351 4382 facere
2387 4318 2602 4380 animo
2639 4331 2767 4379 non
2799 4311 3096 4376 solvendi

511 4395 793 4475 gabellas
838 4415 953 4478 per
997 4414 1065 4461 se
1108 4397 1430 4478 loquendo
1474 4416 1601 4464 non
1642 4415 1864 4485 peccas
1908 4399 2129 4463 contra
2169 4399 2512 4480 justitiam,
2546 4413 2755 4489 neque
2793 4393 2869 4458 ad
2910 4391 3097 4456 resti·

515 4478 825 4541 tutionem
870 4478 1178 4556 obligaris
1223 4480 1289 4544 in
1334 4478 1592 4544 defectu
1643 4480 2045 4554 venditoris·;
2097 4484 2244 4559 quia
2300 4489 2405 4543 tua
2471 4485 2795 4556 emptione
2847 4482 3099 4537 tantum

511 4562 830 4638 negative,
871 4571 936 4621 et
973 4559 1396 4624 materialiter
1439 4564 1805 4640 cooperaris
1847 4561 1924 4624 ad
1973 4559 2267 4624 fraudem
2321 4558 2609 4621 alterius.
2650 4557 2804 4622 Nam
2862 4554 2968 4634 qui
3023 4568 3101 4634 pe

513 4646 722 4720 stante
769 4649 874 4701 tua
918 4639 1244 4720 emptione
1288 4639 1607 4704 venditori
1674 4641 1886 4706 adbuc
1949 4639 2227 4703 liberum
2307 4646 2407 4703 est
2468 4637 2719 4701 solvere
2782 4633 2966 4717 gabei
2998 4648 3101 4707 as;
