3292 5167
535 221 673 289 632
1238 235 1351 280 un.
1401 234 1465 279 11.
1513 234 1724 280 macr.
1771 229 1897 277 vuit
1944 233 2095 277 nise.
2143 231 2184 277 ι.
2233 231 2363 277 ου».
2410 227 2495 276 lv.

540 342 886 414 ordinatur
930 339 1012 407 ad
1058 337 1414 407 sanandam
1463 337 1744 405 nativam
1793 336 2058 405 illorum
2105 334 2579 419 infirmitatem,
2627 352 2923 421 quaeque
2957 334 3129 404 vires

542 448 839 535 suppetit
886 445 1290 515 necessarias
1338 444 1419 512 ad
1468 445 1678 530 legem
1727 441 2092 511 naturalem
2141 440 2546 514 servandam.
2599 441 2805 528 Cujus
2854 439 3133 510 ductum

544 556 655 644 qui
704 554 1007 642 sequitur
1049 555 1125 620 in
1162 554 1440 639 appetitu
1507 552 1647 619 boni
1716 564 1770 619 et
1838 552 1994 637 suqa
2040 550 2212 632 mali,
2263 549 2599 617 certissime
2643 562 2731 616 est
2803 548 3135 615 tenendum

546 665 654 750 (ex
702 660 1066 747 Angelum),
1114 659 1276 743 quod
1319 661 1376 724 ei
1423 662 1586 726 Deus
1630 659 1728 725 vel
1767 676 1882 745 per
1926 657 2243 757 internam
2312 655 2789 743 inspirationem
2835 655 3137 723 revelaret

499 774 508 785 '
545 792 617 839 ea
661 789 799 856 quae
842 779 987 835 sunt
1031 766 1117 832 ad
1158 764 1528 833 credendum
1582 763 1956 844 necessaria,
2003 764 2099 830 vel
2148 762 2421 848 aliquem
2480 762 2624 849 fidei
2659 762 3143 849 praedicatorem

545 878 629 947 acl
672 897 810 945 eum
857 874 1170 959 diriperet,
1219 872 1377 938 sicut
1417 872 1584 938 misit
1632 874 1887 938 Petrum
1932 869 2017 936 ad
2056 870 2415 938 Corneli-um
2466 873 2513 938 ¹.

737 984 801 1068 b)
851 978 1208 1049 Infidelitas
1256 985 1473 1046 autem
1509 977 1819 1065 privativa
1855 983 2339 1063 peccatum-est
2361 975 2548 1062 Juxta
2583 975 2790 1043 illud:
2844 977 2969 1057 Qui
2998 994 3145 1043 vero

547 1112 677 1160 non
721 1087 1063 1169 crediderit,
1092 1085 1597 1153 condemnabitur
1642 1085 1693 1153 ².
1742 1086 1858 1152 Est
1906 1082 2081 1151 enim
2118 1082 2455 1168 neglectus
2490 1082 2717 1169 gratiae
2754 1088 2820 1151 et
2861 1081 3139 1152 omissio

551 1198 643 1266 rei
694 1193 1082 1265 necessariae
1131 1210 1205 1260 ac
1254 1190 1610 1285 possibilis,
1659 1192 1802 1259 sine
1851 1208 1978 1276 qua
2028 1209 2159 1258 non
2209 1188 2402 1257 datur
2448 1189 2648 1259 salus.

728 1305 789 1388 c)
838 1300 1197 1369 Infidelitas
1266 1298 1529 1367 tandem
1602 1297 1899 1384 positiva
1955 1305 2056 1366 est
2129 1297 2286 1366 item
2356 1305 2722 1384 peccatum,
2766 1305 2832 1366 et
2880 1296 3147 1382 gravius

554 1408 936 1479 infidelitate
988 1406 1324 1492 privativa;
1380 1404 1532 1491 quia
1580 1405 1876 1474 continet
1924 1420 2184 1488 gravem
2232 1403 2560 1491 injuriam,
2610 1411 2810 1489 atque
2847 1409 3145 1471 contem-

554 1523 741 1605 ptum
790 1515 1024 1582 divinae
1072 1511 1519 1581 Auctoritatis,

642 1626 844 1689 om.
896 1625 967 1702 Q.
1015 1623 1075 1688 2.
1128 1623 1284 1702 Quot
1327 1620 1472 1686 sunt
1517 1618 1746 1703 species
1791 1617 2225 1704 infidelitatis?

645 1736 715 1801 R.
764 1729 863 1798 Ad
907 1727 1378 1810 infidelitatem,
1426 1726 1520 1794 uti
1595 1726 1851 1811 species
1900 1723 1980 1793 ad
2050 1743 2257 1811 genus
2328 1722 2540 1810 suum,
2593 1734 2990 1795 revocantur
3035 1742 3143 1810 ge-

559 1840 837 1910 neratim
886 1837 1324 1923 paganismus
1357 1842 1421 1903 et
1463 1833 1858 1921 J'udaismus.

735 1948 804 2031 a)
855 1944 1267 2031 Papanismus
1315 1949 1416 2010 est
1463 1940 1813 2009 infidelitas
1889 1940 2085 2023 illius,
2136 1939 2245 2026 qui
2318 1959 2534 2028 neque
2580 1941 2646 2009 in
2698 1960 2768 2010 re
2818 1959 3036 2027 neque
3079 1940 3140 2006 in

560 2054 767 2139 figura
815 2051 1011 2119 fidem
1058 2030 1370 2135 suscepit.
1446 2051 1587 2116 Huc
1656 2046 2099 2116 reducuntur:
2154 2049 2218 2134 1)
2257 2048 2708 2134 polithcismus,
2758 2050 2868 2134 qui
2921 2047 3143 2134 plures

562 2163 739 2230 Deos
787 2158 1095 2227 admittit:
1150 2175 1346 2242 porro
1395 2156 1474 2224 ad
1525 2154 2018 2244 politheismum
2077 2156 2367 2225 revocari
2437 2163 2655 2243 potest
2696 2157 3146 2244 puniremus,

567 2270 676 2355 qui
709 2285 927 2336 rerum
956 2264 1444 2333 universitatem
1470 2265 1681 2332 Deum
1710 2267 2045 2348 nuncupat
2058 2288 2076 2343 ;
2105 2280 2342 2348 aquam
2375 2265 2606 2346 Deum,
2637 2272 2879 2332 terram
2914 2264 3143 2343 Deum,

565 2376 859 2464 planetas
916 2375 1148 2450 Deum,
1178 2371 1497 2454 animalia,
1535 2389 1657 2439 nos
1707 2377 1771 2439 et
1821 2368 2038 2436 omnia
2110 2388 2372 2455 semper
2417 2371 2628 2439 Deum
2646 2398 2664 2453 ;
2718 2369 2777 2452 ³3
2826 2371 2899 2455 2)
2946 2370 3141 2435 athei-

565 2502 736 2550 smus
803 2481 958 2566 (alio
1031 2479 1299 2547 nomine
1357 2477 1878 2560 materialismus)
1933 2475 2041 2559 qui
2116 2476 2369 2545 nullum
2432 2480 2683 2559 Deum3
2732 2478 2801 2565 3)
2849 2477 3137 2557 deismm,

572 2587 685 2674 qui
737 2603 940 2654 unum
989 2587 1198 2653 Deum
1250 2590 1447 2666 tenet,
1499 2583 1616 2651 sed
1665 2602 1931 2654 omnem
1987 2580 2452 2653 revelationem
2527 2584 2737 2670 rejicit
2784 2581 2817 2626 ⁴
2878 2582 3151 2667 (dicitur

570 2695 769 2764 etiam
813 2693 1286 2773 naturalis-mus,
1339 2709 1490 2759 cum
1538 2692 1676 2757 Deo
1726 2691 1975 2760 cultum
2027 2690 2316 2759 tribuere
2365 2699 2709 2777 praetexat,
2761 2706 2961 2769 quem
3009 2689 3143 2758 sola

569 2810 801 2871 natura
848 2799 1166 2886 suggerit)
1181 2824 1202 2881 3
1252 2799 1320 2885 4)
1367 2800 1897 2883 mahumetis-mus,
1944 2801 2039 2870 sic
2086 2800 2302 2870 dictus
2354 2799 2447 2867 ab*
2487 2800 2689 2868 arabo
2750 2797 3141 2869 Mahumede

570 2908 748 2989 illius
799 2913 1088 2987 auctore,
1139 2906 1248 2992 qui
1320 2922 1523 2972 unum
1572 2907 1784 2973 Deum
1833 2914 2198 2976 creatorem
2269 2906 2526 2988 fatetur,
2576 2912 2640 2973 at
2712 2905 2903 2991 plura
2949 2913 3149 2995 rectae

575 3012 813 3083 rationi
864 3012 1187 3082 contraria
1236 3019 1300 3081 et
1348 3011 1629 3080 honesto
1680 3012 1947 3083 homine
1995 3012 2257 3099 indigna
2304 3012 2499 3081 simul
2553 3011 2747 3081 tradit
2796 3012 2863 3079 in
2919 3011 3149 3099 putido

579 3122 926 3189 Alcorano.

751 3228 815 3311 b)
853 3225 1215 3293 Iudaismus
1259 3230 1478 3292 autem
1515 3231 1628 3292 -est
1672 3225 2022 3296 infidelitas
2084 3226 2283 3309 illius,
2334 3225 2446 3313 qui
2518 3243 2739 3295 veram
2780 3225 2989 3303 ‚fidem
3035 3246 3155 3295 su-

507 3338 516 3347 “
586 3332 799 3419 scepit
848 3333 912 3400 in
962 3332 1188 3416 figura,
1235 3330 1353 3399 sed
1398 3349 1530 3400 non
1581 3330 1647 3399 in
1688 3351 1778 3401 re.

636 3546 657 3586 ¹
695 3545 889 3606 Quaest.
927 3546 986 3596 14
1017 3545 1077 3596 de
1119 3545 1294 3605 Ver-it„
1327 3558 1376 3596 a.
1414 3547 1468 3597 11
1506 3544 1573 3597 ad
1610 3546 1654 3596 1.
1688 3572 1752 3584 -
1792 3547 1848 3595 V.
1885 3546 2134 3607 Peri-one,
2177 3549 2248 3598 De
2292 3549 2476 3610 yratioe
2526 3546 2924 3608 distributione‚·
2976 3550 3032 3601 et
3084 3551 3152 3601 ne

577 3611 855 3683 Baptismo.
886 3634 950 3645 —
981 3607 1300 3682 Coniumsse
1329 3609 1598 3661 animabus
1624 3621 1970 3672 paqanorum.
2005 3609 2302 3671 Mediolani,
2339 3611 2481 3662 1738.
2537 3635 2601 3647 -
2648 3611 2871 3671 FraneO,
2926 3612 3155 3676 Risposte

569 3670 1546 3807 pogogtagr‘ci‘tng.ogffffft’l'ffffiguori,
1583 3732 1716 3795 Opus
1748 3733 1897 3792 Mor„
1932 3731 1967 3784 l.
2002 3745 2059 3794 u,
2091 3743 2146 3785 n.
2182 3737 2259 3788 17.
2652 3795 2662 3805 ‚
2825 3797 2834 3807 ·

642 3797 664 3837 ⁸
697 3798 1062 3847 Monstruosus
1089 3796 1437 3861 pantheismus
1468 3799 1548 3846 est
1580 3806 1612 3844 a
1640 3807 1810 3858 graeco
1838 3806 1945 3857 pan
1979 3806 2155 3856 omne,
2189 3799 2242 3847 et
2274 3796 2413 3847 theos
2444 3796 2613 3857 Deus;
2645 3797 2799 3856 Juxta
2823 3797 2973 3848 ilium
3006 3800 3157 3851 totus

581 3858 815 3911 mundus
846 3859 926 3909 est
955 3857 1167 3908 nonnisi
1195 3859 1367 3917 Deus;
1403 3859 1455 3907 et
1477 3869 1604 3921 quae
1638 3857 1954 3919 contingunt
1983 3856 2035 3907 in
2069 3870 2133 3909 eo
2169 3858 2507 3917 mutatione&
2543 3859 2668 3909 aunt
2724 3858 3162 3912 modificationes

580 3916 722 3973 illius
756 3920 949 3971 divinae
982 3918 1312 3971 substantiae.
1346 3918 1487 3971 Nihil
1516 3918 1822 3981 absurdius„
1855 3918 1985 3969 nihil
2022 3921 2187 3982 magis
2218 3920 2520 3984 oppositum
2544 3919 2961 3972 evidentissimis
2990 3924 3149 3973 notio·

578 3982 756 4042 nibus,
790 3993 925 4045 quas
993 3982 1180 4045 uisque
1211 3981 1371 4032 habet
1402 3981 1467 4031 de
1498 3980 1688 4043 spiritu
1720 3992 1783 4032 ac
1817 3981 2064 4045 materia3
2099 3984 2334 4035 attamen
2368 3980 2613 4045 putidum
2650 3982 2888 4044 Spinosae
2921 3996 2947 4034 s
2986 3986 3157 4036 stema

582 4045 650 4119 ab
684 4045 865 4118 interis
896 3992 1052 4116 hoffiie
1084 4047 1404 4095 revocarunt
1433 4043 1487 4094 iu
1523 4044 1807 4115 Germania
1840 4045 2068 4156 primum
2104 4046 2297 4106 Fiente,
2334 4042 2610 4116 schelling,
2646 4044 2927 4117 Salvadqr,
3035 4048 3155 4110 ger,

583 4120 640 4159 in
675 4105 860 4167 Gallia,
894 4107 1111 4165 cousin,
1145 4107 1352 4156 Leroux
1385 4107 1436 4157 et
1470 4104 1846 4157 Sansimonian
1874 4145 1884 4155 .
1920 4106 2045 4156 Pius
2078 4106 2148 4158 1x
2186 4106 2597 4170 pantheismum‚
2654 4108 3069 4160 naturaltsmum
3098 4111 3151 4162 et

579 4168 1009 4222 rationalismum
1042 4167 1316 4218 damnavit
1348 4168 1400 4217 in
1434 4167 1655 4231 syllaeo.
1689 4179 1784 4219 nn.
1818 4169 1841 4217 1
1870 4168 1924 4231 et
1953 4177 2099 4232 seqq.
2532 4218 2535 4221 ,
2966 4176 2975 4182 ·

716 4232 762 4281 V.
802 4230 1240 4297 Perrone‚‚Proe1.
1281 4230 1470 4291 Theoi„
1503 4231 1574 4281 De
1604 4232 1725 4290 Deo,
1762 4233 1906 4292 parte
1940 4230 2013 4280 2⁸.
2045 4255 2110 4269 —
2143 4231 2365 4295 Bergier,
2402 4231 2699 4281 Dizionario
2755 4242 2891 4292 ecc„
2942 4230 3011 4283 ad
3063 4243 3148 4295 ap·

582 4291 857 4357 pendicem
889 4293 980 4355 ·,V.
1001 4294 1309 4342 Panteismo.
1333 4317 1390 4329 -
1414 4291 1645 4356 Roselly,
1680 4293 1823 4343 Delia
1856 4296 2021 4344 morte
2050 4297 2310 4344 anteriore
2339 4293 2600 4344 alt'uomo.
2633 4294 2884 4346 Discorso
2937 4294 3159 4357 prelimi-

582 4366 734 4405 nare.
764 4380 828 4392 —
863 4357 1041 4414 maret,
1078 4354 1257 4416 Sa99io
1287 4356 1368 4405 sul
1398 4355 1702 4406 Panteismo-
1734 4379 1799 4393 —
1832 4353 2162 4417 [lacot-daim,
2200 4355 2546 4417 confer-emm
2578 4355 2784 4407 Confer.
2836 4367 2952 4407 xix.
2986 4381 3052 4395 -
3080 4356 3154 4407 Li·

583 4416 846 4478 heremi-e,
882 4416 1130 4467 Elementi
1161 4417 1214 4466 cli
1242 4416 1489 4480 mosetto:
1524 4417 1597 4468 tlt.
1635 4416 1917 4479 Ontoloyia.
1951 4442 2015 4453 —
2046 4419 2312 4479 Ferraris3
2348 4419 2407 4468 V.
2441 4419 2814 4476 Potitii-visanis,
2834 4443 2896 4455 —
2920 4419 3155 4479 Gautiet,

585 4479 661 4529 De
689 4478 975 4530 haeresibus.
1007 4505 1072 4547 .-
1105 4478 1345 4539 Salzano,
1381 4481 1632 4530 Elementa·
1663 4479 1716 4531 di
1743 4480 1907 4531 storia
1936 4480 2129 4541 antica,
2161 4481 2194 4531 l.
2234 4492 2277 4533 ιε
2309 4480 2729 4531 Considera-stone
2749 4480 2829 4531 sul
2844 4483 3157 4542 panisumo.

651 4538 674 4579 ⁴
717 4541 772 4589 V.
808 4540 1036 4604 Liguon,
1070 4541 1228 4592 Breve
1259 4542 1619 4593 dissertazione
1651 4546 1829 4594 contro
1858 4542 1929 4604 ali
1960 4544 2131 4593 errori
2162 4542 2243 4593 dei
2274 4543 2505 4594 moderni
2536 4543 2804 4601 increduli,
2856 4543 3027 4606 oppidi
3073 4554 3159 4593 uo·

585 4604 775 4654 minati
806 4603 1130 4654 materialisti
1156 4616 1183 4652 e
1214 4603 1377 4655 deisti.
1409 4629 1471 4641 —
1499 4605 1577 4654 Ma
1612 4604 1795 4664 aloiti,
1830 4605 2027 4655 Lettere
2069 4603 2340 4679 familiari.
2374 4629 2436 4641 —
2465 4605 2657 4661 iamin,
2690 4606 2919 4656 Pensieri
2951 4604 3166 4658 relativi

579 4665 695 4730 apli
722 4667 893 4716 errori
923 4666 1000 4715 αρ’
1020 4668 1182 4716 nostri
1215 4667 1387 4730 tempi.
1419 4692 1483 4704 —
1513 4666 1584 4716 Ba
1607 4677 1695 4727 an,
1729 4667 1758 4716 Ι
1782 4678 2079 4729 precursori
2110 4668 2191 4719 del
2218 4668 2603 4729 razionaiismo‚
2639 4668 2779 4719 1868.

1202 4864 1229 4906 ἱ
