<?xml version="1.0" encoding="UTF-8"?>
<!DOCTYPE html PUBLIC "-//W3C//DTD XHTML 1.0 Transitional//EN"
    "http://www.w3.org/TR/xhtml1/DTD/xhtml1-transitional.dtd">
<html xmlns="http://www.w3.org/1999/xhtml" xml:lang="en" lang="en">
 <head>
  <title>
</title>
<meta http-equiv="Content-Type" content="text/html;charset=utf-8" />
  <meta name='ocr-system' content='tesseract 3.04.00' />
  <meta name='ocr-capabilities' content='ocr_page ocr_carea ocr_par ocr_line ocrx_word'/>
</head>
<body>
  <div class='ocr_page' id='page_1' title='image "./theologiamorali04scavgoog_0619.png"; bbox 0 0 3292 5167; ppageno 0'>
   <div class='ocr_carea' id='block_1_1' title="bbox 1359 266 2788 334">
    <p class='ocr_par' dir='ltr' id='par_1_1' title="bbox 1359 266 2788 334">
     <span class='ocr_line' id='line_1_1' title="bbox 1359 266 2788 334; baseline 0.003 -5"><span class='ocrx_word' id='word_1_1' title='bbox 1359 282 1437 329; x_wconf 76' lang='lat' dir='ltr'>nn</span> <span class='ocrx_word' id='word_1_2' title='bbox 1482 282 1622 331; x_wconf 72' lang='lat' dir='ltr'>rint:</span> <span class='ocrx_word' id='word_1_3' title='bbox 2657 266 2788 334; x_wconf 83' lang='lat'>609</span> 
     </span>
    </p>
   </div>
   <div class='ocr_carea' id='block_1_2' title="bbox 178 382 2788 581">
    <p class='ocr_par' dir='ltr' id='par_1_2' title="bbox 178 382 2788 581">
     <span class='ocr_line' id='line_1_2' title="bbox 178 382 2788 472; baseline 0.003 -21"><span class='ocrx_word' id='word_1_4' title='bbox 178 382 345 453; x_wconf 92' lang='lat' dir='ltr'>dem</span> <span class='ocrx_word' id='word_1_5' title='bbox 393 383 663 469; x_wconf 82' lang='lat' dir='ltr'>gratiam</span> <span class='ocrx_word' id='word_1_6' title='bbox 713 383 831 451; x_wconf 90' lang='lat' dir='ltr'>Dei</span> <span class='ocrx_word' id='word_1_7' title='bbox 883 401 1230 453; x_wconf 83' lang='lat' dir='ltr'>assensum</span> <span class='ocrx_word' id='word_1_8' title='bbox 1281 392 1585 453; x_wconf 89' lang='lat' dir='ltr'>nostrum</span> <span class='ocrx_word' id='word_1_9' title='bbox 1646 384 2043 470; x_wconf 79' lang='lat' dir='ltr'>dirigentem</span> <span class='ocrx_word' id='word_1_10' title='bbox 2118 393 2317 472; x_wconf 85' lang='lat' dir='ltr'>atque</span> <span class='ocrx_word' id='word_1_11' title='bbox 2388 387 2467 454; x_wconf 92' lang='lat' dir='ltr'>ad</span> <span class='ocrx_word' id='word_1_12' title='bbox 2540 396 2788 458; x_wconf 91' lang='lat' dir='ltr'>statum</span> 
     </span>
     <span class='ocr_line' id='line_1_3' title="bbox 179 490 2788 581; baseline 0.002 -22"><span class='ocrx_word' id='word_1_13' title='bbox 179 490 762 576; x_wconf 80' lang='lat' dir='ltr'>supernaturalem</span> <span class='ocrx_word' id='word_1_14' title='bbox 812 490 1200 561; x_wconf 79' lang='lat' dir='ltr'>elevantem.</span> <span class='ocrx_word' id='word_1_15' title='bbox 1248 491 1444 562; x_wconf 89' lang='lat' dir='ltr'>Fides</span> <span class='ocrx_word' id='word_1_16' title='bbox 1494 493 1670 562; x_wconf 90' lang='lat' dir='ltr'>enim</span> <span class='ocrx_word' id='word_1_17' title='bbox 1719 499 1821 562; x_wconf 87' lang='lat' dir='ltr'>est</span> <span class='ocrx_word' id='word_1_18' title='bbox 1868 493 2117 561; x_wconf 91' lang='lat' dir='ltr'>donum</span> <span class='ocrx_word' id='word_1_19' title='bbox 2152 496 2676 581; x_wconf 82' lang='lat' dir='ltr'>supernaturale,</span> <span class='ocrx_word' id='word_1_20' title='bbox 2723 503 2788 566; x_wconf 90' lang='lat' dir='ltr'>et</span> 
     </span>
    </p>
   </div>
   <div class='ocr_carea' id='block_1_3' title="bbox 178 597 2786 774">
    <p class='ocr_par' dir='ltr' id='par_1_3' title="bbox 178 597 2786 774">
     <span class='ocr_line' id='line_1_4' title="bbox 179 597 2786 691; baseline 0.003 -26"><span class='ocrx_word' id='word_1_21' title='bbox 179 616 389 667; x_wconf 91' lang='lat' dir='ltr'>nemo</span> <span class='ocrx_word' id='word_1_22' title='bbox 437 597 613 667; x_wconf 89' lang='lat' dir='ltr'>venit</span> <span class='ocrx_word' id='word_1_23' title='bbox 663 598 742 667; x_wconf 92' lang='lat' dir='ltr'>ad</span> <span class='ocrx_word' id='word_1_24' title='bbox 794 599 1157 683; x_wconf 87' lang='lat' dir='ltr'>Christum,</span> <span class='ocrx_word' id='word_1_25' title='bbox 1211 599 1333 668; x_wconf 88' lang='lat' dir='ltr'>nisi</span> <span class='ocrx_word' id='word_1_26' title='bbox 1384 604 1579 669; x_wconf 90' lang='lat' dir='ltr'>Pater</span> <span class='ocrx_word' id='word_1_27' title='bbox 1626 600 1918 670; x_wconf 87' lang='lat' dir='ltr'>coelestis</span> <span class='ocrx_word' id='word_1_28' title='bbox 1984 604 2257 671; x_wconf 86' lang='lat' dir='ltr'>traxerit</span> <span class='ocrx_word' id='word_1_29' title='bbox 2330 623 2509 672; x_wconf 87' lang='lat' dir='ltr'>eum:</span> <span class='ocrx_word' id='word_1_30' title='bbox 2587 604 2786 691; x_wconf 90' lang='lat' dir='ltr'>idque</span> 
     </span>
     <span class='ocr_line' id='line_1_5' title="bbox 178 701 1095 774; baseline 0 -1"><span class='ocrx_word' id='word_1_31' title='bbox 178 704 650 773; x_wconf 90' lang='lat' dir='ltr'>Tridentinum</span> <span class='ocrx_word' id='word_1_32' title='bbox 701 704 996 774; x_wconf 88' lang='lat' dir='ltr'>definivit</span> <span class='ocrx_word' id='word_1_33' title='bbox 1047 701 1095 773; x_wconf 85' lang='lat'>¹.</span> 
     </span>
    </p>
   </div>
   <div class='ocr_carea' id='block_1_4' title="bbox 170 845 2796 2135">
    <p class='ocr_par' dir='ltr' id='par_1_4' title="bbox 170 845 2794 1652">
     <span class='ocr_line' id='line_1_6' title="bbox 269 845 2791 927; baseline 0.003 -20"><span class='ocrx_word' id='word_1_34' title='bbox 269 845 521 911; x_wconf 88' lang='lat' dir='ltr'>Primus</span> <span class='ocrx_word' id='word_1_35' title='bbox 567 857 780 911; x_wconf 86' lang='lat' dir='ltr'>tamen</span> <span class='ocrx_word' id='word_1_36' title='bbox 816 847 1121 922; x_wconf 86' lang='lat' dir='ltr'>annulus,</span> <span class='ocrx_word' id='word_1_37' title='bbox 1152 863 1183 911; x_wconf 93' lang='lat' dir='ltr'>a</span> <span class='ocrx_word' id='word_1_38' title='bbox 1261 864 1341 910; x_wconf 93' lang='lat' dir='ltr'>uo</span> <span class='ocrx_word' id='word_1_39' title='bbox 1374 848 1533 913; x_wconf 81' lang='lat' dir='ltr'>fides</span> <span class='ocrx_word' id='word_1_40' title='bbox 1566 850 1817 927; x_wconf 78' lang='lat' dir='ltr'>incipit,</span> <span class='ocrx_word' id='word_1_41' title='bbox 1846 857 1944 911; x_wconf 91' lang='lat' dir='ltr'>est</span> <span class='ocrx_word' id='word_1_42' title='bbox 1973 848 2268 912; x_wconf 87' lang='lat' dir='ltr'>divinum</span> <span class='ocrx_word' id='word_1_43' title='bbox 2306 851 2791 927; x_wconf 89' lang='lat' dir='ltr'>testimonium;</span> 
     </span>
     <span class='ocr_line' id='line_1_7' title="bbox 176 924 2789 1009; baseline 0.002 -21"><span class='ocrx_word' id='word_1_44' title='bbox 176 924 469 991; x_wconf 79' lang='lat' dir='ltr'>Ecclesia</span> <span class='ocrx_word' id='word_1_45' title='bbox 513 938 727 991; x_wconf 89' lang='lat' dir='ltr'>autem</span> <span class='ocrx_word' id='word_1_46' title='bbox 770 937 867 992; x_wconf 90' lang='lat' dir='ltr'>est</span> <span class='ocrx_word' id='word_1_47' title='bbox 905 927 1105 1007; x_wconf 84' lang='lat' dir='ltr'>judex</span> <span class='ocrx_word' id='word_1_48' title='bbox 1149 930 1212 989; x_wconf 90' lang='lat' dir='ltr'>in</span> <span class='ocrx_word' id='word_1_49' title='bbox 1248 928 1512 991; x_wconf 89' lang='lat' dir='ltr'>allibilis</span> <span class='ocrx_word' id='word_1_50' title='bbox 1556 945 1669 991; x_wconf 90' lang='lat' dir='ltr'>seu</span> <span class='ocrx_word' id='word_1_51' title='bbox 1714 930 1857 990; x_wconf 88' lang='lat' dir='ltr'>viva</span> <span class='ocrx_word' id='word_1_52' title='bbox 1904 938 1970 991; x_wconf 91' lang='lat' dir='ltr'>et</span> <span class='ocrx_word' id='word_1_53' title='bbox 2015 928 2385 993; x_wconf 75' lang='lat' dir='ltr'>infallibilis</span> <span class='ocrx_word' id='word_1_54' title='bbox 2421 935 2789 1009; x_wconf 78' lang='lat' dir='ltr'>auctoritaS‚</span> 
     </span>
     <span class='ocr_line' id='line_1_8' title="bbox 178 1008 2787 1086; baseline 0.001 -16"><span class='ocrx_word' id='word_1_55' title='bbox 178 1022 336 1085; x_wconf 82' lang='lat' dir='ltr'>quae</span> <span class='ocrx_word' id='word_1_56' title='bbox 381 1024 497 1071; x_wconf 87' lang='lat' dir='ltr'>nos</span> <span class='ocrx_word' id='word_1_57' title='bbox 539 1018 750 1071; x_wconf 88' lang='lat' dir='ltr'>certos</span> <span class='ocrx_word' id='word_1_58' title='bbox 794 1009 1006 1072; x_wconf 85' lang='lat' dir='ltr'>reddit</span> <span class='ocrx_word' id='word_1_59' title='bbox 1052 1010 1168 1070; x_wconf 85' lang='lat' dir='ltr'>boc</span> <span class='ocrx_word' id='word_1_60' title='bbox 1212 1008 1317 1071; x_wconf 87' lang='lat' dir='ltr'>vel</span> <span class='ocrx_word' id='word_1_61' title='bbox 1355 1009 1513 1073; x_wconf 88' lang='lat' dir='ltr'>illud</span> <span class='ocrx_word' id='word_1_62' title='bbox 1557 1025 1698 1071; x_wconf 85' lang='lat' dir='ltr'>esse</span> <span class='ocrx_word' id='word_1_63' title='bbox 1743 1009 2100 1072; x_wconf 90' lang='lat' dir='ltr'>revelatum</span> <span class='ocrx_word' id='word_1_64' title='bbox 2139 1058 2155 1086; x_wconf 90' lang='lat'>‚</span> <span class='ocrx_word' id='word_1_65' title='bbox 2205 1018 2276 1073; x_wconf 92' lang='lat' dir='ltr'>ut</span> <span class='ocrx_word' id='word_1_66' title='bbox 2323 1010 2488 1074; x_wconf 89' lang='lat' dir='ltr'>nulli</span> <span class='ocrx_word' id='word_1_67' title='bbox 2535 1012 2787 1074; x_wconf 89' lang='lat' dir='ltr'>dissen-</span> 
     </span>
     <span class='ocr_line' id='line_1_9' title="bbox 175 1087 2791 1170; baseline 0.002 -22"><span class='ocrx_word' id='word_1_68' title='bbox 175 1089 353 1149; x_wconf 90' lang='lat' dir='ltr'>sioni</span> <span class='ocrx_word' id='word_1_69' title='bbox 402 1092 485 1150; x_wconf 88' lang='lat' dir='ltr'>sit</span> <span class='ocrx_word' id='word_1_70' title='bbox 534 1089 727 1152; x_wconf 87' lang='lat' dir='ltr'>locus.</span> <span class='ocrx_word' id='word_1_71' title='bbox 774 1087 916 1164; x_wconf 83' lang='lat' dir='ltr'>Quoe</span> <span class='ocrx_word' id='word_1_72' title='bbox 958 1090 1204 1170; x_wconf 81' lang='lat' dir='ltr'>quidem</span> <span class='ocrx_word' id='word_1_73' title='bbox 1247 1090 1389 1153; x_wconf 88' lang='lat' dir='ltr'>viva</span> <span class='ocrx_word' id='word_1_74' title='bbox 1422 1098 1486 1152; x_wconf 88' lang='lat' dir='ltr'>et</span> <span class='ocrx_word' id='word_1_75' title='bbox 1528 1088 1895 1169; x_wconf 81' lang='lat' dir='ltr'>infallibilis</span> <span class='ocrx_word' id='word_1_76' title='bbox 1927 1092 2280 1154; x_wconf 77' lang='lat' dir='ltr'>auctoritas</span> <span class='ocrx_word' id='word_1_77' title='bbox 2329 1090 2398 1154; x_wconf 85' lang='lat' dir='ltr'>in</span> <span class='ocrx_word' id='word_1_78' title='bbox 2430 1108 2503 1153; x_wconf 86' lang='lat' dir='ltr'>ea</span> <span class='ocrx_word' id='word_1_79' title='bbox 2537 1098 2791 1155; x_wconf 83' lang='lat' dir='ltr'>tantum</span> 
     </span>
     <span class='ocr_line' id='line_1_10' title="bbox 172 1168 2790 1249; baseline 0.002 -20"><span class='ocrx_word' id='word_1_80' title='bbox 172 1168 358 1247; x_wconf 73' lang='lat' dir='ltr'>viyet</span> <span class='ocrx_word' id='word_1_81' title='bbox 395 1168 679 1232; x_wconf 78' lang='lat' dir='ltr'>Ecclesia</span> <span class='ocrx_word' id='word_1_82' title='bbox 721 1169 822 1248; x_wconf 90' lang='lat' dir='ltr'>(ut</span> <span class='ocrx_word' id='word_1_83' title='bbox 855 1172 1069 1233; x_wconf 87' lang='lat' dir='ltr'>verbis</span> <span class='ocrx_word' id='word_1_84' title='bbox 1113 1178 1367 1233; x_wconf 88' lang='lat' dir='ltr'>utamur</span> <span class='ocrx_word' id='word_1_85' title='bbox 1426 1170 1517 1232; x_wconf 89' lang='lat' dir='ltr'>Pii</span> <span class='ocrx_word' id='word_1_86' title='bbox 1560 1186 1736 1249; x_wconf 83' lang='lat' dir='ltr'>papae</span> <span class='ocrx_word' id='word_1_87' title='bbox 1783 1169 1889 1248; x_wconf 84' lang='lat' dir='ltr'>lx)</span> <span class='ocrx_word' id='word_1_88' title='bbox 1932 1187 2068 1249; x_wconf 67' lang='lat' dir='ltr'>quie</span> <span class='ocrx_word' id='word_1_89' title='bbox 2126 1189 2167 1234; x_wconf 92' lang='lat' dir='ltr'>a</span> <span class='ocrx_word' id='word_1_90' title='bbox 2213 1170 2479 1235; x_wconf 75' lang='lat' dir='ltr'>Christo</span> <span class='ocrx_word' id='word_1_91' title='bbox 2526 1171 2790 1235; x_wconf 90' lang='lat' dir='ltr'>Domino</span> 
     </span>
     <span class='ocr_line' id='line_1_11' title="bbox 170 1249 2793 1331; baseline 0.002 -21"><span class='ocrx_word' id='word_1_92' title='bbox 170 1265 385 1328; x_wconf 81' lang='lat' dir='ltr'>supra</span> <span class='ocrx_word' id='word_1_93' title='bbox 427 1250 683 1313; x_wconf 84' lang='lat' dir='ltr'>Petrum</span> <span class='ocrx_word' id='word_1_94' title='bbox 726 1251 917 1312; x_wconf 84' lang='lat' dir='ltr'>totius</span> <span class='ocrx_word' id='word_1_95' title='bbox 955 1249 1247 1313; x_wconf 73' lang='lat' dir='ltr'>Ecclesioe</span> <span class='ocrx_word' id='word_1_96' title='bbox 1295 1249 1499 1329; x_wconf 84' lang='lat' dir='ltr'>Caput</span> <span class='ocrx_word' id='word_1_97' title='bbox 1528 1250 1887 1330; x_wconf 80' lang='lat' dir='ltr'>Principem</span> <span class='ocrx_word' id='word_1_98' title='bbox 1915 1258 1978 1313; x_wconf 82' lang='lat' dir='ltr'>et</span> <span class='ocrx_word' id='word_1_99' title='bbox 2012 1251 2355 1328; x_wconf 80' lang='lat' dir='ltr'>Pastorem,</span> <span class='ocrx_word' id='word_1_100' title='bbox 2390 1253 2581 1331; x_wconf 84' lang='lat' dir='ltr'>cujus</span> <span class='ocrx_word' id='word_1_101' title='bbox 2696 1269 2793 1314; x_wconf 90' lang='lat' dir='ltr'>em</span> 
     </span>
     <span class='ocr_line' id='line_1_12' title="bbox 172 1331 2792 1411; baseline 0.003 -22"><span class='ocrx_word' id='word_1_102' title='bbox 172 1345 510 1409; x_wconf 80' lang='lat' dir='ltr'>nunquam</span> <span class='ocrx_word' id='word_1_103' title='bbox 553 1331 942 1410; x_wconf 78' lang='lat' dir='ltr'>defecturam</span> <span class='ocrx_word' id='word_1_104' title='bbox 979 1332 1308 1411; x_wconf 76' lang='lat' dir='ltr'>promisit,</span> <span class='ocrx_word' id='word_1_105' title='bbox 1350 1331 1682 1410; x_wconf 77' lang='lat' dir='ltr'>oedificata,</span> <span class='ocrx_word' id='word_1_106' title='bbox 1739 1348 1882 1393; x_wconf 83' lang='lat' dir='ltr'>suos</span> <span class='ocrx_word' id='word_1_107' title='bbox 1949 1332 2265 1411; x_wconf 74' lang='lat' dir='ltr'>leqitimos</span> <span class='ocrx_word' id='word_1_108' title='bbox 2310 1349 2549 1411; x_wconf 79' lang='lat' dir='ltr'>semper</span> <span class='ocrx_word' id='word_1_109' title='bbox 2636 1331 2792 1396; x_wconf 79' lang='lat' dir='ltr'>abet</span> 
     </span>
     <span class='ocr_line' id='line_1_13' title="bbox 173 1409 2790 1493; baseline 0.002 -23"><span class='ocrx_word' id='word_1_110' title='bbox 173 1409 522 1490; x_wconf 83' lang='lat' dir='ltr'>Pontifices</span> <span class='ocrx_word' id='word_1_111' title='bbox 562 1411 698 1473; x_wconf 82' lang='lat' dir='ltr'>sine</span> <span class='ocrx_word' id='word_1_112' title='bbox 750 1412 1209 1475; x_wconf 78' lang='lat' dir='ltr'>intermissione</span> <span class='ocrx_word' id='word_1_113' title='bbox 1250 1410 1333 1475; x_wconf 78' lang='lat' dir='ltr'>ab</span> <span class='ocrx_word' id='word_1_114' title='bbox 1375 1413 1507 1491; x_wconf 85' lang='lat' dir='ltr'>ipso</span> <span class='ocrx_word' id='word_1_115' title='bbox 1571 1414 1758 1474; x_wconf 81' lang='lat' dir='ltr'>Petro</span> <span class='ocrx_word' id='word_1_116' title='bbox 1823 1413 2115 1475; x_wconf 80' lang='lat' dir='ltr'>ducentes</span> <span class='ocrx_word' id='word_1_117' title='bbox 2190 1413 2492 1493; x_wconf 75' lang='lat' dir='ltr'>oriqinem</span> <span class='ocrx_word' id='word_1_118' title='bbox 2536 1414 2603 1475; x_wconf 85' lang='lat' dir='ltr'>in</span> <span class='ocrx_word' id='word_1_119' title='bbox 2648 1413 2790 1491; x_wconf 79' lang='lat' dir='ltr'>ejus</span> 
     </span>
     <span class='ocr_line' id='line_1_14' title="bbox 174 1490 2794 1575; baseline 0.002 -23"><span class='ocrx_word' id='word_1_120' title='bbox 174 1490 490 1554; x_wconf 75' lang='lat' dir='ltr'>cathedra</span> <span class='ocrx_word' id='word_1_121' title='bbox 531 1493 861 1555; x_wconf 78' lang='lat' dir='ltr'>collocatos</span> <span class='ocrx_word' id='word_1_122' title='bbox 887 1539 901 1566; x_wconf 92' lang='lat'><strong>,</strong></span> <span class='ocrx_word' id='word_1_123' title='bbox 948 1501 1010 1555; x_wconf 86' lang='lat' dir='ltr'>et</span> <span class='ocrx_word' id='word_1_124' title='bbox 1049 1492 1326 1570; x_wconf 78' lang='lat' dir='ltr'>ejusdem</span> <span class='ocrx_word' id='word_1_125' title='bbox 1367 1495 1565 1555; x_wconf 83' lang='lat' dir='ltr'>etiam</span> <span class='ocrx_word' id='word_1_126' title='bbox 1606 1492 1943 1565; x_wconf 68' lang='lat' dir='ltr'>doctrinae,</span> <span class='ocrx_word' id='word_1_127' title='bbox 1985 1492 2327 1575; x_wconf 74' lang='lat' dir='ltr'>diqnitatis</span> <span class='ocrx_word' id='word_1_128' title='bbox 2358 1540 2374 1568; x_wconf 89' lang='lat'>‚</span> <span class='ocrx_word' id='word_1_129' title='bbox 2418 1493 2672 1556; x_wconf 78' lang='lat' dir='ltr'>honoris</span> <span class='ocrx_word' id='word_1_130' title='bbox 2716 1509 2794 1556; x_wconf 87' lang='lat' dir='ltr'>ac</span> 
     </span>
     <span class='ocr_line' id='line_1_15' title="bbox 172 1571 2527 1652; baseline 0.001 -20"><span class='ocrx_word' id='word_1_131' title='bbox 172 1574 522 1649; x_wconf 82' lang='lat' dir='ltr'>potestatis</span> <span class='ocrx_word' id='word_1_132' title='bbox 553 1571 820 1636; x_wconf 77' lang='lat' dir='ltr'>ltoeredes</span> <span class='ocrx_word' id='word_1_133' title='bbox 862 1579 926 1635; x_wconf 86' lang='lat' dir='ltr'>et</span> <span class='ocrx_word' id='word_1_134' title='bbox 963 1574 1235 1636; x_wconf 78' lang='lat' dir='ltr'>vindices</span> <span class='ocrx_word' id='word_1_135' title='bbox 1282 1573 1550 1651; x_wconf 87' lang='lat' dir='ltr'>(Encicl.</span> <span class='ocrx_word' id='word_1_136' title='bbox 1589 1571 1712 1648; x_wconf 85' lang='lat' dir='ltr'>Qui</span> <span class='ocrx_word' id='word_1_137' title='bbox 1741 1571 2058 1651; x_wconf 82' lang='lat' dir='ltr'>pluribus,</span> <span class='ocrx_word' id='word_1_138' title='bbox 2107 1590 2277 1636; x_wconf 91' lang='lat' dir='ltr'>anno</span> <span class='ocrx_word' id='word_1_139' title='bbox 2325 1573 2527 1652; x_wconf 84' lang='lat'><strong>1846).</strong></span> 
     </span>
    </p>

    <p class='ocr_par' dir='ltr' id='par_1_5' title="bbox 177 1652 2796 2135">
     <span class='ocr_line' id='line_1_16' title="bbox 262 1652 2792 1734; baseline 0.001 -20"><span class='ocrx_word' id='word_1_140' title='bbox 262 1652 500 1715; x_wconf 80' lang='lat' dir='ltr'>Motiva</span> <span class='ocrx_word' id='word_1_141' title='bbox 544 1669 699 1715; x_wconf 88' lang='lat' dir='ltr'>vero</span> <span class='ocrx_word' id='word_1_142' title='bbox 742 1652 1195 1717; x_wconf 85' lang='lat' dir='ltr'>credibilitatis</span> <span class='ocrx_word' id='word_1_143' title='bbox 1239 1664 1391 1715; x_wconf 88' lang='lat' dir='ltr'>sunt</span> <span class='ocrx_word' id='word_1_144' title='bbox 1437 1652 1585 1716; x_wconf 82' lang='lat' dir='ltr'>fidei</span> <span class='ocrx_word' id='word_1_145' title='bbox 1624 1656 1994 1716; x_wconf 85' lang='lat' dir='ltr'>extrinseca</span> <span class='ocrx_word' id='word_1_146' title='bbox 2036 1664 2101 1717; x_wconf 92' lang='lat' dir='ltr'>et</span> <span class='ocrx_word' id='word_1_147' title='bbox 2135 1653 2457 1734; x_wconf 88' lang='lat' dir='ltr'>quoddam</span> <span class='ocrx_word' id='word_1_148' title='bbox 2491 1653 2671 1734; x_wconf 87' lang='lat' dir='ltr'>quasi</span> <span class='ocrx_word' id='word_1_149' title='bbox 2713 1652 2792 1716; x_wconf 89' lang='lat' dir='ltr'>ad</span> 
     </span>
     <span class='ocr_line' id='line_1_17' title="bbox 184 1733 2795 1814; baseline 0.001 -21"><span class='ocrx_word' id='word_1_150' title='bbox 184 1733 395 1809; x_wconf 85' lang='lat' dir='ltr'>ipsam</span> <span class='ocrx_word' id='word_1_151' title='bbox 443 1733 849 1812; x_wconf 78' lang='lat' dir='ltr'>praeludium,</span> <span class='ocrx_word' id='word_1_152' title='bbox 893 1750 1035 1814; x_wconf 85' lang='lat' dir='ltr'>quae</span> <span class='ocrx_word' id='word_1_153' title='bbox 1079 1735 1430 1798; x_wconf 87' lang='lat' dir='ltr'>ostendunt</span> <span class='ocrx_word' id='word_1_154' title='bbox 1478 1735 1925 1798; x_wconf 88' lang='lat' dir='ltr'>testimonium</span> <span class='ocrx_word' id='word_1_155' title='bbox 1980 1734 2090 1797; x_wconf 89' lang='lat' dir='ltr'>Dei</span> <span class='ocrx_word' id='word_1_156' title='bbox 2140 1741 2465 1799; x_wconf 86' lang='lat' dir='ltr'>existere:</span> <span class='ocrx_word' id='word_1_157' title='bbox 2523 1750 2647 1814; x_wconf 90' lang='lat' dir='ltr'>quo</span> <span class='ocrx_word' id='word_1_158' title='bbox 2692 1749 2795 1813; x_wconf 91' lang='lat' dir='ltr'>po-</span> 
     </span>
     <span class='ocr_line' id='line_1_18' title="bbox 177 1813 2796 1893; baseline 0.001 -19"><span class='ocrx_word' id='word_1_159' title='bbox 177 1813 318 1875; x_wconf 86' lang='lat' dir='ltr'>sito</span> <span class='ocrx_word' id='word_1_160' title='bbox 351 1860 365 1887; x_wconf 91' lang='lat'><strong>,</strong></span> <span class='ocrx_word' id='word_1_161' title='bbox 414 1814 673 1878; x_wconf 85' lang='lat' dir='ltr'>elicitur</span> <span class='ocrx_word' id='word_1_162' title='bbox 716 1823 893 1877; x_wconf 89' lang='lat' dir='ltr'>actus</span> <span class='ocrx_word' id='word_1_163' title='bbox 939 1814 1089 1876; x_wconf 82' lang='lat' dir='ltr'>fidei</span> <span class='ocrx_word' id='word_1_164' title='bbox 1139 1815 1200 1876; x_wconf 91' lang='lat' dir='ltr'>in</span> <span class='ocrx_word' id='word_1_165' title='bbox 1253 1815 1387 1893; x_wconf 90' lang='lat' dir='ltr'>ipso</span> <span class='ocrx_word' id='word_1_166' title='bbox 1452 1814 1565 1877; x_wconf 88' lang='lat' dir='ltr'>Dei</span> <span class='ocrx_word' id='word_1_167' title='bbox 1636 1816 2006 1877; x_wconf 88' lang='lat' dir='ltr'>testimonio</span> <span class='ocrx_word' id='word_1_168' title='bbox 2076 1817 2372 1890; x_wconf 82' lang='lat' dir='ltr'>innixus3</span> <span class='ocrx_word' id='word_1_169' title='bbox 2417 1815 2796 1878; x_wconf 86' lang='lat' dir='ltr'>nullatenus</span> 
     </span>
     <span class='ocr_line' id='line_1_19' title="bbox 178 1894 2794 1968; baseline 0.001 -13"><span class='ocrx_word' id='word_1_170' title='bbox 178 1902 408 1956; x_wconf 83' lang='lat' dir='ltr'>autem</span> <span class='ocrx_word' id='word_1_171' title='bbox 457 1896 523 1955; x_wconf 91' lang='lat' dir='ltr'>in</span> <span class='ocrx_word' id='word_1_172' title='bbox 568 1895 826 1957; x_wconf 88' lang='lat' dir='ltr'>motivis</span> <span class='ocrx_word' id='word_1_173' title='bbox 869 1894 1342 1958; x_wconf 77' lang='lat' dir='ltr'>credibilitatiS.</span> <span class='ocrx_word' id='word_1_174' title='bbox 1387 1894 1594 1968; x_wconf 88' lang='lat' dir='ltr'>Quare</span> <span class='ocrx_word' id='word_1_175' title='bbox 1627 1897 1864 1957; x_wconf 85' lang='lat' dir='ltr'>motiva</span> <span class='ocrx_word' id='word_1_176' title='bbox 1899 1895 2355 1958; x_wconf 84' lang='lat' dir='ltr'>credibilitatis</span> <span class='ocrx_word' id='word_1_177' title='bbox 2390 1896 2508 1957; x_wconf 90' lang='lat' dir='ltr'>boc</span> <span class='ocrx_word' id='word_1_178' title='bbox 2547 1903 2794 1958; x_wconf 90' lang='lat' dir='ltr'>tantum</span> 
     </span>
     <span class='ocr_line' id='line_1_20' title="bbox 178 1975 2794 2097; baseline 0.001 -62"><span class='ocrx_word' id='word_1_179' title='bbox 178 1983 525 2052; x_wconf 77' lang='lat' dir='ltr'>proestant,</span> <span class='ocrx_word' id='word_1_180' title='bbox 571 1983 638 2037; x_wconf 88' lang='lat' dir='ltr'>ut</span> <span class='ocrx_word' id='word_1_181' title='bbox 680 1990 980 2038; x_wconf 87' lang='lat' dir='ltr'>assensus</span> <span class='ocrx_word' id='word_1_182' title='bbox 1011 1991 1202 2054; x_wconf 90' lang='lat' dir='ltr'>quem</span> <span class='ocrx_word' id='word_1_183' title='bbox 1235 1975 1618 2038; x_wconf 85' lang='lat' dir='ltr'>veritatibus</span> <span class='ocrx_word' id='word_1_184' title='bbox 1653 1975 1956 2037; x_wconf 87' lang='lat' dir='ltr'>revelatis</span> <span class='ocrx_word' id='word_1_185' title='bbox 1992 1976 2359 2055; x_wconf 77' lang='lat' dir='ltr'>praebemus</span> <span class='ocrx_word' id='word_1_186' title='bbox 2391 1977 2476 2038; x_wconf 88' lang='lat' dir='ltr'>sit</span> <span class='ocrx_word' id='word_1_187' title='bbox 2500 1975 2794 2097; x_wconf 62' lang='lat' dir='ltr'>prudens</span> 
     </span>
     <span class='ocr_line' id='line_1_21' title="bbox 180 2054 2713 2135; baseline 0 -19"><span class='ocrx_word' id='word_1_188' title='bbox 180 2061 252 2116; x_wconf 87' lang='lat' dir='ltr'>et</span> <span class='ocrx_word' id='word_1_189' title='bbox 309 2055 570 2130; x_wconf 81' lang='lat' dir='ltr'>firmus3</span> <span class='ocrx_word' id='word_1_190' title='bbox 612 2055 724 2117; x_wconf 89' lang='lat' dir='ltr'>sed</span> <span class='ocrx_word' id='word_1_191' title='bbox 772 2071 903 2117; x_wconf 94' lang='lat' dir='ltr'>non</span> <span class='ocrx_word' id='word_1_192' title='bbox 949 2056 1353 2119; x_wconf 89' lang='lat' dir='ltr'>constituunt</span> <span class='ocrx_word' id='word_1_193' title='bbox 1396 2058 1705 2119; x_wconf 86' lang='lat' dir='ltr'>motivum</span> <span class='ocrx_word' id='word_1_194' title='bbox 1754 2054 2025 2121; x_wconf 79' lang='lat' dir='ltr'>formale</span> <span class='ocrx_word' id='word_1_195' title='bbox 2069 2064 2254 2119; x_wconf 91' lang='lat' dir='ltr'>actus</span> <span class='ocrx_word' id='word_1_196' title='bbox 2298 2056 2448 2118; x_wconf 84' lang='lat' dir='ltr'>fidei</span> <span class='ocrx_word' id='word_1_197' title='bbox 2573 2055 2713 2135; x_wconf 86' lang='lat' dir='ltr'>(B).</span> 
     </span>
    </p>
   </div>
   <div class='ocr_carea' id='block_1_5' title="bbox 181 2190 2872 3782">
    <p class='ocr_par' dir='ltr' id='par_1_6' title="bbox 269 2190 2316 2280">
     <span class='ocr_line' id='line_1_22' title="bbox 269 2190 2316 2280; baseline 0.004 -28"><span class='ocrx_word' id='word_1_198' title='bbox 269 2190 490 2262; x_wconf 64' lang='lat'><strong>8821.</strong></span> <span class='ocrx_word' id='word_1_199' title='bbox 543 2195 613 2274; x_wconf 89' lang='lat' dir='ltr'>Q.</span> <span class='ocrx_word' id='word_1_200' title='bbox 666 2196 727 2260; x_wconf 78' lang='lat'>4.</span> <span class='ocrx_word' id='word_1_201' title='bbox 775 2195 878 2261; x_wconf 86' lang='lat' dir='ltr'>An</span> <span class='ocrx_word' id='word_1_202' title='bbox 918 2193 1063 2278; x_wconf 73' lang='lat' dir='ltr'>fidei</span> <span class='ocrx_word' id='word_1_203' title='bbox 1113 2195 1346 2280; x_wconf 85' lang='lat' dir='ltr'>objecta</span> <span class='ocrx_word' id='word_1_204' title='bbox 1394 2194 1575 2280; x_wconf 81' lang='lat' dir='ltr'>lapsu</span> <span class='ocrx_word' id='word_1_205' title='bbox 1620 2195 1915 2280; x_wconf 81' lang='lat' dir='ltr'>temporis</span> <span class='ocrx_word' id='word_1_206' title='bbox 1961 2194 2316 2261; x_wconf 80' lang='lat' dir='ltr'>creverint?</span> 
     </span>
    </p>

    <p class='ocr_par' dir='ltr' id='par_1_7' title="bbox 181 2297 2872 3016">
     <span class='ocr_line' id='line_1_23' title="bbox 273 2297 2792 2386; baseline 0 -21"><span class='ocrx_word' id='word_1_207' title='bbox 273 2300 355 2365; x_wconf 84' lang='lat' dir='ltr'>R.</span> <span class='ocrx_word' id='word_1_208' title='bbox 404 2301 716 2367; x_wconf 91' lang='lat' dir='ltr'>Veterum</span> <span class='ocrx_word' id='word_1_209' title='bbox 765 2301 1136 2386; x_wconf 83' lang='lat' dir='ltr'>praesertim</span> <span class='ocrx_word' id='word_1_210' title='bbox 1183 2300 1751 2368; x_wconf 88' lang='lat' dir='ltr'>Scholasticorum</span> <span class='ocrx_word' id='word_1_211' title='bbox 1812 2299 2184 2369; x_wconf 92' lang='lat' dir='ltr'>communis</span> <span class='ocrx_word' id='word_1_212' title='bbox 2254 2303 2394 2368; x_wconf 89' lang='lat' dir='ltr'>erat</span> <span class='ocrx_word' id='word_1_213' title='bbox 2464 2297 2792 2367; x_wconf 91' lang='lat' dir='ltr'>sententia</span> 
     </span>
     <span class='ocr_line' id='line_1_24' title="bbox 181 2404 2796 2493; baseline -0.001 -19"><span class='ocrx_word' id='word_1_214' title='bbox 181 2425 345 2474; x_wconf 89' lang='lat' dir='ltr'>cum</span> <span class='ocrx_word' id='word_1_215' title='bbox 398 2405 456 2472; x_wconf 94' lang='lat' dir='ltr'>d.</span> <span class='ocrx_word' id='word_1_216' title='bbox 512 2408 761 2475; x_wconf 89' lang='lat' dir='ltr'>Thoma</span> <span class='ocrx_word' id='word_1_217' title='bbox 812 2405 861 2488; x_wconf 82' lang='lat'>⁸,</span> <span class='ocrx_word' id='word_1_218' title='bbox 912 2407 1109 2476; x_wconf 88' lang='lat' dir='ltr'>fidem</span> <span class='ocrx_word' id='word_1_219' title='bbox 1148 2407 1537 2477; x_wconf 87' lang='lat' dir='ltr'>catholicam</span> <span class='ocrx_word' id='word_1_220' title='bbox 1574 2406 1798 2493; x_wconf 82' lang='lat' dir='ltr'>quoad</span> <span class='ocrx_word' id='word_1_221' title='bbox 1836 2407 2277 2476; x_wconf 87' lang='lat' dir='ltr'>substantiam</span> <span class='ocrx_word' id='word_1_222' title='bbox 2310 2404 2796 2474; x_wconf 91' lang='lat' dir='ltr'>credendorum</span> 
     </span>
     <span class='ocr_line' id='line_1_25' title="bbox 187 2512 2796 2601; baseline -0.002 -20"><span class='ocrx_word' id='word_1_223' title='bbox 187 2531 466 2598; x_wconf 85' lang='lat' dir='ltr'>semper</span> <span class='ocrx_word' id='word_1_224' title='bbox 513 2512 789 2582; x_wconf 89' lang='lat' dir='ltr'>eandem</span> <span class='ocrx_word' id='word_1_225' title='bbox 837 2514 1041 2583; x_wconf 80' lang='lat' dir='ltr'>fuisse</span> <span class='ocrx_word' id='word_1_226' title='bbox 1088 2514 1186 2583; x_wconf 92' lang='lat' dir='ltr'>vel</span> <span class='ocrx_word' id='word_1_227' title='bbox 1238 2515 1320 2583; x_wconf 90' lang='lat' dir='ltr'>ab</span> <span class='ocrx_word' id='word_1_228' title='bbox 1368 2514 1515 2601; x_wconf 90' lang='lat' dir='ltr'>ipso</span> <span class='ocrx_word' id='word_1_229' title='bbox 1565 2512 1790 2581; x_wconf 91' lang='lat' dir='ltr'>mundi</span> <span class='ocrx_word' id='word_1_230' title='bbox 1843 2513 2142 2595; x_wconf 70' lang='lat' dir='ltr'>cxci-dic,</span> <span class='ocrx_word' id='word_1_231' title='bbox 2190 2519 2255 2582; x_wconf 92' lang='lat' dir='ltr'>et</span> <span class='ocrx_word' id='word_1_232' title='bbox 2304 2519 2558 2580; x_wconf 90' lang='lat' dir='ltr'>tantum</span> <span class='ocrx_word' id='word_1_233' title='bbox 2597 2528 2796 2581; x_wconf 90' lang='lat' dir='ltr'>novas</span> 
     </span>
     <span class='ocr_line' id='line_1_26' title="bbox 188 2619 2872 2717; baseline -0 -27"><span class='ocrx_word' id='word_1_234' title='bbox 188 2621 673 2708; x_wconf 86' lang='lat' dir='ltr'>explicationes</span> <span class='ocrx_word' id='word_1_235' title='bbox 721 2622 1095 2691; x_wconf 87' lang='lat' dir='ltr'>successive</span> <span class='ocrx_word' id='word_1_236' title='bbox 1152 2622 1545 2691; x_wconf 87' lang='lat' dir='ltr'>obtinuisse.</span> <span class='ocrx_word' id='word_1_237' title='bbox 1599 2620 1849 2689; x_wconf 81' lang='lat' dir='ltr'>Omnia&#39;</span> <span class='ocrx_word' id='word_1_238' title='bbox 1881 2622 2058 2690; x_wconf 90' lang='lat' dir='ltr'>enim</span> <span class='ocrx_word' id='word_1_239' title='bbox 2107 2621 2417 2706; x_wconf 85' lang='lat' dir='ltr'>dogmata</span> <span class='ocrx_word' id='word_1_240' title='bbox 2458 2621 2595 2707; x_wconf 87' lang='lat' dir='ltr'>jam</span> <span class='ocrx_word' id='word_1_241' title='bbox 2629 2619 2790 2689; x_wconf 87' lang='lat' dir='ltr'>satis</span> <span class='ocrx_word' id='word_1_242' title='bbox 2866 2710 2872 2717; x_wconf 22' lang='lat'><strong><em>⁹</em></strong></span> 
     </span>
     <span class='ocr_line' id='line_1_27' title="bbox 189 2728 2798 2816; baseline -0.001 -20"><span class='ocrx_word' id='word_1_243' title='bbox 189 2728 517 2816; x_wconf 86' lang='lat' dir='ltr'>implicite</span> <span class='ocrx_word' id='word_1_244' title='bbox 564 2730 1078 2799; x_wconf 89' lang='lat' dir='ltr'>continebantur</span> <span class='ocrx_word' id='word_1_245' title='bbox 1123 2730 1187 2797; x_wconf 92' lang='lat' dir='ltr'>in</span> <span class='ocrx_word' id='word_1_246' title='bbox 1254 2729 1384 2797; x_wconf 87' lang='lat' dir='ltr'>fide</span> <span class='ocrx_word' id='word_1_247' title='bbox 1454 2729 1570 2798; x_wconf 93' lang='lat' dir='ltr'>Dei</span> <span class='ocrx_word' id='word_1_248' title='bbox 1643 2736 1709 2797; x_wconf 90' lang='lat' dir='ltr'>et</span> <span class='ocrx_word' id='word_1_249' title='bbox 1779 2728 2016 2797; x_wconf 88' lang='lat' dir='ltr'>divinae</span> <span class='ocrx_word' id='word_1_250' title='bbox 2091 2728 2553 2797; x_wconf 86' lang='lat' dir='ltr'>Providentiae.</span> <span class='ocrx_word' id='word_1_251' title='bbox 2631 2728 2798 2795; x_wconf 90' lang='lat' dir='ltr'>Hinc</span> 
     </span>
     <span class='ocr_line' id='line_1_28' title="bbox 188 2833 2798 2926; baseline -0.001 -21"><span class='ocrx_word' id='word_1_252' title='bbox 188 2839 640 2923; x_wconf 80' lang='lat' dir='ltr'>Augustinus:</span> <span class='ocrx_word' id='word_1_253' title='bbox 688 2850 967 2926; x_wconf 86' lang='lat' dir='ltr'>tempora</span> <span class='ocrx_word' id='word_1_254' title='bbox 1012 2839 1263 2906; x_wconf 84' lang='lat' dir='ltr'>variata</span> <span class='ocrx_word' id='word_1_255' title='bbox 1309 2849 1474 2913; x_wconf 81' lang='lat' dir='ltr'>sunt,</span> <span class='ocrx_word' id='word_1_256' title='bbox 1509 2857 1633 2905; x_wconf 88' lang='lat' dir='ltr'>non</span> <span class='ocrx_word' id='word_1_257' title='bbox 1681 2835 1830 2923; x_wconf 79' lang='lat' dir='ltr'>fides</span> <span class='ocrx_word' id='word_1_258' title='bbox 1875 2833 1925 2903; x_wconf 79' lang='lat'>⁴.</span> <span class='ocrx_word' id='word_1_259' title='bbox 1974 2840 2056 2904; x_wconf 83' lang='lat' dir='ltr'>At</span> <span class='ocrx_word' id='word_1_260' title='bbox 2103 2837 2327 2923; x_wconf 90' lang='lat' dir='ltr'>plures</span> <span class='ocrx_word' id='word_1_261' title='bbox 2390 2836 2798 2904; x_wconf 83' lang='lat' dir='ltr'>recentiores</span> 
     </span>
     <span class='ocr_line' id='line_1_29' title="bbox 189 2946 1009 3016; baseline -0.004 -1"><span class='ocrx_word' id='word_1_262' title='bbox 189 2963 350 3015; x_wconf 88' lang='lat' dir='ltr'>cnm</span> <span class='ocrx_word' id='word_1_263' title='bbox 400 2947 685 3016; x_wconf 86' lang='lat' dir='ltr'>Antoine</span> <span class='ocrx_word' id='word_1_264' title='bbox 732 2946 1009 3014; x_wconf 88' lang='lat' dir='ltr'>docent:</span> 
     </span>
    </p>

    <p class='ocr_par' dir='ltr' id='par_1_8' title="bbox 195 3050 2859 3782">
     <span class='ocr_line' id='line_1_30' title="bbox 381 3050 2859 3140; baseline -0.002 -19"><span class='ocrx_word' id='word_1_265' title='bbox 381 3057 438 3121; x_wconf 82' lang='lat'>1.</span> <span class='ocrx_word' id='word_1_266' title='bbox 491 3053 761 3140; x_wconf 82' lang='lat' dir='ltr'>objecta</span> <span class='ocrx_word' id='word_1_267' title='bbox 808 3052 959 3121; x_wconf 88' lang='lat' dir='ltr'>fidei</span> <span class='ocrx_word' id='word_1_268' title='bbox 1010 3054 1091 3122; x_wconf 90' lang='lat' dir='ltr'>ab</span> <span class='ocrx_word' id='word_1_269' title='bbox 1139 3052 1388 3121; x_wconf 88' lang='lat' dir='ltr'>Adamo</span> <span class='ocrx_word' id='word_1_270' title='bbox 1438 3050 1519 3119; x_wconf 91' lang='lat' dir='ltr'>ad</span> <span class='ocrx_word' id='word_1_271' title='bbox 1564 3051 1926 3138; x_wconf 87' lang='lat' dir='ltr'>Apostolos</span> <span class='ocrx_word' id='word_1_272' title='bbox 1974 3050 2293 3119; x_wconf 89' lang='lat' dir='ltr'>inclusive</span> <span class='ocrx_word' id='word_1_273' title='bbox 2332 3050 2619 3119; x_wconf 87' lang='lat' dir='ltr'>crevisse</span> <span class='ocrx_word' id='word_1_274' title='bbox 2662 3067 2795 3118; x_wconf 94' lang='lat' dir='ltr'>non</span> <span class='ocrx_word' id='word_1_275' title='bbox 2852 3062 2859 3071; x_wconf 89' lang='lat'><strong>·</strong></span> 
     </span>
     <span class='ocr_line' id='line_1_31' title="bbox 196 3155 2802 3246; baseline -0.002 -19"><span class='ocrx_word' id='word_1_276' title='bbox 196 3167 463 3228; x_wconf 90' lang='lat' dir='ltr'>tantum</span> <span class='ocrx_word' id='word_1_277' title='bbox 509 3158 875 3229; x_wconf 87' lang='lat' dir='ltr'>secundum</span> <span class='ocrx_word' id='word_1_278' title='bbox 910 3158 1091 3246; x_wconf 87' lang='lat' dir='ltr'>quid,</span> <span class='ocrx_word' id='word_1_279' title='bbox 1134 3166 1460 3245; x_wconf 87' lang='lat' dir='ltr'>quatenus</span> <span class='ocrx_word' id='word_1_280' title='bbox 1510 3158 1816 3244; x_wconf 74' lang='lat' dir='ltr'>quaedam</span> <span class='ocrx_word' id='word_1_281' title='bbox 1850 3159 2116 3226; x_wconf 76' lang='lat' dir='ltr'>fuerunt</span> <span class='ocrx_word' id='word_1_282' title='bbox 2158 3156 2567 3243; x_wconf 91' lang='lat' dir='ltr'>pedetentim</span> <span class='ocrx_word' id='word_1_283' title='bbox 2596 3155 2802 3242; x_wconf 88' lang='lat' dir='ltr'>expli-</span> 
     </span>
     <span class='ocr_line' id='line_1_32' title="bbox 195 3264 2798 3354; baseline -0.002 -18"><span class='ocrx_word' id='word_1_284' title='bbox 195 3276 380 3349; x_wconf 85' lang='lat' dir='ltr'>cata3</span> <span class='ocrx_word' id='word_1_285' title='bbox 430 3268 547 3337; x_wconf 92' lang='lat' dir='ltr'>sed</span> <span class='ocrx_word' id='word_1_286' title='bbox 593 3269 792 3337; x_wconf 91' lang='lat' dir='ltr'>etiam</span> <span class='ocrx_word' id='word_1_287' title='bbox 840 3267 1254 3354; x_wconf 90' lang='lat' dir='ltr'>simpliciter,</span> <span class='ocrx_word' id='word_1_288' title='bbox 1304 3273 1632 3352; x_wconf 86' lang='lat' dir='ltr'>quatenus</span> <span class='ocrx_word' id='word_1_289' title='bbox 1683 3265 1936 3352; x_wconf 87' lang='lat' dir='ltr'>aliquid</span> <span class='ocrx_word' id='word_1_290' title='bbox 1987 3265 2133 3333; x_wconf 91' lang='lat' dir='ltr'>novi</span> <span class='ocrx_word' id='word_1_291' title='bbox 2213 3266 2335 3334; x_wconf 82' lang='lat' dir='ltr'>fuit</span> <span class='ocrx_word' id='word_1_292' title='bbox 2415 3264 2798 3333; x_wconf 83' lang='lat' dir='ltr'>revelatum.</span> 
     </span>
     <span class='ocr_line' id='line_1_33' title="bbox 199 3372 2802 3462; baseline -0.002 -19"><span class='ocrx_word' id='word_1_293' title='bbox 199 3376 380 3444; x_wconf 86' lang='lat' dir='ltr'>Sane</span> <span class='ocrx_word' id='word_1_294' title='bbox 427 3377 767 3462; x_wconf 89' lang='lat' dir='ltr'>complura</span> <span class='ocrx_word' id='word_1_295' title='bbox 815 3376 882 3444; x_wconf 92' lang='lat' dir='ltr'>in</span> <span class='ocrx_word' id='word_1_296' title='bbox 931 3377 1075 3461; x_wconf 83' lang='lat' dir='ltr'>lege</span> <span class='ocrx_word' id='word_1_297' title='bbox 1124 3382 1381 3443; x_wconf 87' lang='lat' dir='ltr'>naturae</span> <span class='ocrx_word' id='word_1_298' title='bbox 1433 3373 1718 3441; x_wconf 89' lang='lat' dir='ltr'>revelata</span> <span class='ocrx_word' id='word_1_299' title='bbox 1768 3379 1924 3442; x_wconf 91' lang='lat' dir='ltr'>sunt</span> <span class='ocrx_word' id='word_1_300' title='bbox 1956 3374 2328 3442; x_wconf 88' lang='lat' dir='ltr'>Abrabamo</span> <span class='ocrx_word' id='word_1_301' title='bbox 2370 3372 2650 3457; x_wconf 89' lang='lat' dir='ltr'>aliisque</span> <span class='ocrx_word' id='word_1_302' title='bbox 2683 3374 2802 3439; x_wconf 89' lang='lat' dir='ltr'>Pa-</span> 
     </span>
     <span class='ocr_line' id='line_1_34' title="bbox 198 3480 2799 3569; baseline -0 -21"><span class='ocrx_word' id='word_1_303' title='bbox 198 3482 542 3551; x_wconf 88' lang='lat' dir='ltr'>triarchis:</span> <span class='ocrx_word' id='word_1_304' title='bbox 592 3483 933 3569; x_wconf 90' lang='lat' dir='ltr'>complura</span> <span class='ocrx_word' id='word_1_305' title='bbox 981 3483 1139 3551; x_wconf 87' lang='lat' dir='ltr'>item</span> <span class='ocrx_word' id='word_1_306' title='bbox 1191 3483 1542 3550; x_wconf 90' lang='lat' dir='ltr'>innotuere</span> <span class='ocrx_word' id='word_1_307' title='bbox 1585 3498 1706 3567; x_wconf 90' lang='lat' dir='ltr'>per</span> <span class='ocrx_word' id='word_1_308' title='bbox 1751 3483 2022 3565; x_wconf 87' lang='lat' dir='ltr'>Moysen</span> <span class='ocrx_word' id='word_1_309' title='bbox 2073 3480 2376 3566; x_wconf 89' lang='lat' dir='ltr'>aliosque</span> <span class='ocrx_word' id='word_1_310' title='bbox 2425 3480 2799 3566; x_wconf 88' lang='lat' dir='ltr'>Prophetas</span> 
     </span>
     <span class='ocr_line' id='line_1_35' title="bbox 200 3586 2798 3685; baseline -0.003 -24"><span class='ocrx_word' id='word_1_311' title='bbox 200 3593 266 3661; x_wconf 91' lang='lat' dir='ltr'>in</span> <span class='ocrx_word' id='word_1_312' title='bbox 319 3594 463 3679; x_wconf 83' lang='lat' dir='ltr'>lege</span> <span class='ocrx_word' id='word_1_313' title='bbox 508 3592 775 3679; x_wconf 87' lang='lat' dir='ltr'>scripta,</span> <span class='ocrx_word' id='word_1_314' title='bbox 828 3609 978 3677; x_wconf 84' lang='lat' dir='ltr'>quae</span> <span class='ocrx_word' id='word_1_315' title='bbox 1027 3597 1371 3685; x_wconf 83' lang='lat' dir='ltr'>nequeunt</span> <span class='ocrx_word' id='word_1_316' title='bbox 1420 3589 1647 3658; x_wconf 88' lang='lat' dir='ltr'>baberi</span> <span class='ocrx_word' id='word_1_317' title='bbox 1700 3596 1771 3655; x_wconf 90' lang='lat' dir='ltr'>ut</span> <span class='ocrx_word' id='word_1_318' title='bbox 1806 3588 2001 3656; x_wconf 85' lang='lat' dir='ltr'>nudae</span> <span class='ocrx_word' id='word_1_319' title='bbox 2038 3586 2521 3674; x_wconf 87' lang='lat' dir='ltr'>explicationes</span> <span class='ocrx_word' id='word_1_320' title='bbox 2567 3586 2798 3672; x_wconf 81' lang='lat' dir='ltr'>primae</span> 
     </span>
     <span class='ocr_line' id='line_1_36' title="bbox 206 3682 2802 3782; baseline -0.003 -15"><span class='ocrx_word' id='word_1_321' title='bbox 206 3699 653 3769; x_wconf 88' lang='lat' dir='ltr'>revelationis.</span> <span class='ocrx_word' id='word_1_322' title='bbox 701 3701 781 3767; x_wconf 88' lang='lat' dir='ltr'>Et</span> <span class='ocrx_word' id='word_1_323' title='bbox 830 3682 1068 3766; x_wconf 85' lang='lat' dir='ltr'>merito</span> <span class='ocrx_word' id='word_1_324' title='bbox 1121 3716 1201 3766; x_wconf 87' lang='lat' dir='ltr'>ex</span> <span class='ocrx_word' id='word_1_325' title='bbox 1252 3698 1395 3782; x_wconf 90' lang='lat' dir='ltr'>ipso</span> <span class='ocrx_word' id='word_1_326' title='bbox 1444 3695 1855 3782; x_wconf 84' lang='lat' dir='ltr'>Augustino:</span> <span class='ocrx_word' id='word_1_327' title='bbox 1901 3714 2054 3763; x_wconf 83' lang='lat' dir='ltr'>nam</span> <span class='ocrx_word' id='word_1_328' title='bbox 2096 3694 2418 3781; x_wconf 74' lang='lat' dir='ltr'>yradatim</span> <span class='ocrx_word' id='word_1_329' title='bbox 2461 3706 2521 3761; x_wconf 87' lang='lat' dir='ltr'>et</span> <span class='ocrx_word' id='word_1_330' title='bbox 2546 3712 2662 3781; x_wconf 79' lang='lat' dir='ltr'>per</span> <span class='ocrx_word' id='word_1_331' title='bbox 2704 3694 2802 3760; x_wconf 86' lang='lat' dir='ltr'>in-</span> 
     </span>
    </p>
   </div>
   <div class='ocr_carea' id='block_1_6' title="bbox 202 3804 2802 3982">
    <p class='ocr_par' dir='ltr' id='par_1_9' title="bbox 202 3804 2802 3982">
     <span class='ocr_line' id='line_1_37' title="bbox 202 3804 1837 3894; baseline -0.002 -19"><span class='ocrx_word' id='word_1_332' title='bbox 202 3821 518 3876; x_wconf 84' lang='lat' dir='ltr'>crementa</span> <span class='ocrx_word' id='word_1_333' title='bbox 562 3807 883 3894; x_wconf 73' lang='lat' dir='ltr'>fraqilitas</span> <span class='ocrx_word' id='word_1_334' title='bbox 930 3808 1209 3874; x_wconf 80' lang='lat' dir='ltr'>humana</span> <span class='ocrx_word' id='word_1_335' title='bbox 1253 3806 1494 3874; x_wconf 84' lang='lat' dir='ltr'>nutriri</span> <span class='ocrx_word' id='word_1_336' title='bbox 1538 3804 1740 3872; x_wconf 84' lang='lat' dir='ltr'>debuit</span> <span class='ocrx_word' id='word_1_337' title='bbox 1788 3808 1837 3871; x_wconf 82' lang='lat'>⁵.</span> 
     </span>
     <span class='ocr_line' id='line_1_38' title="bbox 380 3891 2802 3982; baseline -0.004 -17"><span class='ocrx_word' id='word_1_338' title='bbox 380 3900 442 3965; x_wconf 77' lang='lat'>2.</span> <span class='ocrx_word' id='word_1_339' title='bbox 491 3899 584 3966; x_wconf 88' lang='lat' dir='ltr'>Ab</span> <span class='ocrx_word' id='word_1_340' title='bbox 632 3896 968 3982; x_wconf 89' lang='lat' dir='ltr'>Apostolis</span> <span class='ocrx_word' id='word_1_341' title='bbox 1017 3913 1230 3982; x_wconf 89' lang='lat' dir='ltr'>usque</span> <span class='ocrx_word' id='word_1_342' title='bbox 1295 3894 1377 3962; x_wconf 89' lang='lat' dir='ltr'>ad</span> <span class='ocrx_word' id='word_1_343' title='bbox 1446 3912 1568 3962; x_wconf 90' lang='lat' dir='ltr'>nos</span> <span class='ocrx_word' id='word_1_344' title='bbox 1618 3895 1957 3980; x_wconf 87' lang='lat' dir='ltr'>objectum</span> <span class='ocrx_word' id='word_1_345' title='bbox 2028 3891 2178 3961; x_wconf 86' lang='lat' dir='ltr'>fidei</span> <span class='ocrx_word' id='word_1_346' title='bbox 2227 3891 2592 3979; x_wconf 82' lang='lat' dir='ltr'>simpliciter</span> <span class='ocrx_word' id='word_1_347' title='bbox 2666 3905 2802 3957; x_wconf 93' lang='lat' dir='ltr'>non</span> 
     </span>
    </p>
   </div>
   <div class='ocr_carea' id='block_1_7' title="bbox 202 3996 2802 4295">
    <p class='ocr_par' dir='ltr' id='par_1_10' title="bbox 202 3996 2802 4295">
     <span class='ocr_line' id='line_1_39' title="bbox 203 3996 2799 4089; baseline -0.004 -18"><span class='ocrx_word' id='word_1_348' title='bbox 203 4004 523 4085; x_wconf 65' lang='lat' dir='ltr'>crevisse,</span> <span class='ocrx_word' id='word_1_349' title='bbox 574 4011 713 4071; x_wconf 90' lang='lat' dir='ltr'>tum</span> <span class='ocrx_word' id='word_1_350' title='bbox 765 4003 917 4089; x_wconf 88' lang='lat' dir='ltr'>quia</span> <span class='ocrx_word' id='word_1_351' title='bbox 968 4000 1254 4088; x_wconf 89' lang='lat' dir='ltr'>Spiritus</span> <span class='ocrx_word' id='word_1_352' title='bbox 1319 4002 1604 4069; x_wconf 89' lang='lat' dir='ltr'>Sanctus</span> <span class='ocrx_word' id='word_1_353' title='bbox 1667 3999 1894 4068; x_wconf 86' lang='lat' dir='ltr'>docuit</span> <span class='ocrx_word' id='word_1_354' title='bbox 1940 3998 2301 4084; x_wconf 87' lang='lat' dir='ltr'>Apostolos</span> <span class='ocrx_word' id='word_1_355' title='bbox 2349 4016 2595 4063; x_wconf 87' lang='lat' dir='ltr'>omnem</span> <span class='ocrx_word' id='word_1_356' title='bbox 2638 3996 2799 4061; x_wconf 86' lang='lat' dir='ltr'>veri-</span> 
     </span>
     <span class='ocr_line' id='line_1_40' title="bbox 202 4099 2802 4195; baseline -0.003 -19"><span class='ocrx_word' id='word_1_357' title='bbox 202 4121 392 4177; x_wconf 83' lang='lat' dir='ltr'>tatem</span> <span class='ocrx_word' id='word_1_358' title='bbox 438 4115 495 4193; x_wconf 80' lang='lat'>⁶;</span> <span class='ocrx_word' id='word_1_359' title='bbox 547 4116 688 4177; x_wconf 92' lang='lat' dir='ltr'>tum</span> <span class='ocrx_word' id='word_1_360' title='bbox 722 4109 874 4195; x_wconf 86' lang='lat' dir='ltr'>quia</span> <span class='ocrx_word' id='word_1_361' title='bbox 913 4107 1207 4178; x_wconf 87' lang='lat' dir='ltr'>Ecclesia</span> <span class='ocrx_word' id='word_1_362' title='bbox 1243 4124 1584 4193; x_wconf 86' lang='lat' dir='ltr'>nunquam</span> <span class='ocrx_word' id='word_1_363' title='bbox 1617 4106 1744 4175; x_wconf 89' lang='lat' dir='ltr'>sibi</span> <span class='ocrx_word' id='word_1_364' title='bbox 1783 4104 2087 4173; x_wconf 86' lang='lat' dir='ltr'>attribuit</span> <span class='ocrx_word' id='word_1_365' title='bbox 2122 4107 2529 4190; x_wconf 89' lang='lat' dir='ltr'>potestatem</span> <span class='ocrx_word' id='word_1_366' title='bbox 2565 4099 2802 4184; x_wconf 84' lang='lat' dir='ltr'>dogma</span> 
     </span>
     <span class='ocr_line' id='line_1_41' title="bbox 204 4209 2801 4295; baseline -0.003 -10"><span class='ocrx_word' id='word_1_367' title='bbox 204 4232 449 4285; x_wconf 85' lang='lat' dir='ltr'>novum</span> <span class='ocrx_word' id='word_1_368' title='bbox 497 4216 846 4286; x_wconf 90' lang='lat' dir='ltr'>revelandi.</span> <span class='ocrx_word' id='word_1_369' title='bbox 897 4212 1114 4285; x_wconf 85' lang='lat' dir='ltr'>Crevit</span> <span class='ocrx_word' id='word_1_370' title='bbox 1160 4222 1381 4284; x_wconf 88' lang='lat' dir='ltr'>tamen</span> <span class='ocrx_word' id='word_1_371' title='bbox 1444 4220 1510 4283; x_wconf 88' lang='lat' dir='ltr'>et</span> <span class='ocrx_word' id='word_1_372' title='bbox 1582 4214 1821 4283; x_wconf 92' lang='lat' dir='ltr'>crescit</span> <span class='ocrx_word' id='word_1_373' title='bbox 1866 4211 2202 4279; x_wconf 77' lang='lat' dir='ltr'>secundum</span> <span class='ocrx_word' id='word_1_374' title='bbox 2247 4209 2416 4295; x_wconf 81' lang='lat' dir='ltr'>quid,</span> <span class='ocrx_word' id='word_1_375' title='bbox 2471 4214 2801 4295; x_wconf 89' lang='lat' dir='ltr'>quatenus</span> 
     </span>
    </p>
   </div>
   <div class='ocr_carea' id='block_1_8' title="bbox 322 4474 2802 4546">
    <p class='ocr_par' dir='ltr' id='par_1_11' title="bbox 322 4474 2802 4546">
     <span class='ocr_line' id='line_1_42' title="bbox 322 4474 2802 4546; baseline -0.004 -11"><span class='ocrx_word' id='word_1_376' title='bbox 322 4484 514 4535; x_wconf 75' lang='lat' dir='ltr'>Ioann.</span> <span class='ocrx_word' id='word_1_377' title='bbox 543 4495 624 4546; x_wconf 64' lang='grc' dir='ltr'>νη</span> <span class='ocrx_word' id='word_1_378' title='bbox 658 4485 713 4535; x_wconf 85' lang='lat' dir='ltr'>et</span> <span class='ocrx_word' id='word_1_379' title='bbox 740 4482 973 4537; x_wconf 81' lang='lat' dir='ltr'>Trident.</span> <span class='ocrx_word' id='word_1_380' title='bbox 1006 4496 1139 4536; x_wconf 82' lang='lat' dir='ltr'>sess.</span> <span class='ocrx_word' id='word_1_381' title='bbox 1174 4495 1249 4543; x_wconf 80' lang='lat' dir='ltr'>vi,</span> <span class='ocrx_word' id='word_1_382' title='bbox 1284 4494 1332 4533; x_wconf 92' lang='lat' dir='ltr'>c.</span> <span class='ocrx_word' id='word_1_383' title='bbox 1366 4484 1397 4533; x_wconf 81' lang='grc'>6</span> <span class='ocrx_word' id='word_1_384' title='bbox 1448 4504 1512 4517; x_wconf 89' lang='grc'>-</span> <span class='ocrx_word' id='word_1_385' title='bbox 1545 4480 1597 4531; x_wconf 79' lang='lat' dir='ltr'>V.</span> <span class='ocrx_word' id='word_1_386' title='bbox 1636 4478 1947 4538; x_wconf 84' lang='lat' dir='ltr'>vecchiotti‚</span> <span class='ocrx_word' id='word_1_387' title='bbox 1984 4477 2151 4529; x_wconf 78' lang='lat' dir='ltr'>Instit.</span> <span class='ocrx_word' id='word_1_388' title='bbox 2178 4478 2295 4535; x_wconf 67' lang='lat' dir='ltr'>etc„</span> <span class='ocrx_word' id='word_1_389' title='bbox 2337 4477 2372 4528; x_wconf 86' lang='lat' dir='ltr'>l.</span> <span class='ocrx_word' id='word_1_390' title='bbox 2412 4489 2451 4537; x_wconf 85' lang='grc' dir='ltr'>ι,</span> <span class='ocrx_word' id='word_1_391' title='bbox 2487 4485 2535 4525; x_wconf 90' lang='lat' dir='ltr'>c.</span> <span class='ocrx_word' id='word_1_392' title='bbox 2572 4478 2624 4534; x_wconf 76' lang='lat'>2,</span> <span class='ocrx_word' id='word_1_393' title='bbox 2660 4474 2685 4540; x_wconf 71' lang='grc' dir='ltr'><strong>ς</strong></span> <span class='ocrx_word' id='word_1_394' title='bbox 2722 4474 2802 4525; x_wconf 76' lang='lat'>14.</span> 
     </span>
    </p>
   </div>
   <div class='ocr_carea' id='block_1_9' title="bbox 264 4480 2643 4785">
    <p class='ocr_par' dir='ltr' id='par_1_12' title="bbox 264 4480 2643 4785">
     <span class='ocr_line' id='line_1_43' title="bbox 264 4480 2643 4671; baseline -0.003 -75"><span class='ocrx_word' id='word_1_395' title='bbox 264 4480 291 4646; x_wconf 62' lang='grc' dir='ltr'>Ξ</span> <span class='ocrx_word' id='word_1_396' title='bbox 326 4547 386 4667; x_wconf 47' lang='grc' dir='ltr'><strong>ζ’.</strong></span> <span class='ocrx_word' id='word_1_397' title='bbox 411 4547 925 4671; x_wconf 38' lang='grc' dir='ltr'>ξειᾷιῖοῐιιῗὶροῑιοοὶε</span> <span class='ocrx_word' id='word_1_398' title='bbox 956 4546 1127 4609; x_wconf 73' lang='lat' dir='ltr'>theol..</span> <span class='ocrx_word' id='word_1_399' title='bbox 1154 4558 1206 4611; x_wconf 87' lang='lat' dir='ltr'>p.</span> <span class='ocrx_word' id='word_1_400' title='bbox 1241 4546 1316 4607; x_wconf 78' lang='lat'>3⁸,</span> <span class='ocrx_word' id='word_1_401' title='bbox 1346 4542 1475 4596; x_wconf 82' lang='lat' dir='ltr'>sect.</span> <span class='ocrx_word' id='word_1_402' title='bbox 1509 4554 1545 4604; x_wconf 92' lang='lat'>1,</span> <span class='ocrx_word' id='word_1_403' title='bbox 1579 4553 1627 4593; x_wconf 92' lang='lat' dir='ltr'>c.</span> <span class='ocrx_word' id='word_1_404' title='bbox 1662 4545 1711 4595; x_wconf 78' lang='lat'>2.</span> <span class='ocrx_word' id='word_1_405' title='bbox 1744 4567 1808 4580; x_wconf 94' lang='lat'>—</span> <span class='ocrx_word' id='word_1_406' title='bbox 1838 4541 1901 4591; x_wconf 90' lang='lat' dir='ltr'>D.</span> <span class='ocrx_word' id='word_1_407' title='bbox 1937 4540 2151 4601; x_wconf 74' lang='lat' dir='ltr'>TomaS‚</span> <span class='ocrx_word' id='word_1_408' title='bbox 2172 4542 2223 4602; x_wconf 76' lang='lat'>2,</span> <span class='ocrx_word' id='word_1_409' title='bbox 2256 4543 2310 4603; x_wconf 73' lang='lat'>2,</span> <span class='ocrx_word' id='word_1_410' title='bbox 2343 4551 2395 4604; x_wconf 85' lang='lat' dir='ltr'>q.</span> <span class='ocrx_word' id='word_1_411' title='bbox 2433 4542 2479 4600; x_wconf 84' lang='lat'>1,</span> <span class='ocrx_word' id='word_1_412' title='bbox 2513 4547 2563 4589; x_wconf 87' lang='lat' dir='ltr'>a.</span> <span class='ocrx_word' id='word_1_413' title='bbox 2595 4538 2643 4589; x_wconf 72' lang='lat'>4.</span> 
     </span>
     <span class='ocr_line' id='line_1_44' title="bbox 270 4665 2287 4727; baseline -0.003 -6"><span class='ocrx_word' id='word_1_414' title='bbox 270 4667 293 4708; x_wconf 67' lang='grc' dir='ltr'>ί</span> <span class='ocrx_word' id='word_1_415' title='bbox 330 4671 505 4723; x_wconf 84' lang='lat' dir='ltr'>Tract.</span> <span class='ocrx_word' id='word_1_416' title='bbox 538 4681 646 4721; x_wconf 62' lang='lat' dir='ltr'>xcv</span> <span class='ocrx_word' id='word_1_417' title='bbox 677 4672 731 4721; x_wconf 86' lang='lat' dir='ltr'>in</span> <span class='ocrx_word' id='word_1_418' title='bbox 757 4672 838 4723; x_wconf 74' lang='lat'>10.</span> <span class='ocrx_word' id='word_1_419' title='bbox 1522 4666 1547 4707; x_wconf 66' lang='grc' dir='ltr'><strong>Β</strong></span> <span class='ocrx_word' id='word_1_420' title='bbox 1583 4665 1642 4727; x_wconf 89' lang='lat' dir='ltr'>Q.</span> <span class='ocrx_word' id='word_1_421' title='bbox 1673 4678 1741 4717; x_wconf 76' lang='lat' dir='ltr'>ea·</span> <span class='ocrx_word' id='word_1_422' title='bbox 1771 4675 1902 4716; x_wconf 73' lang='lat' dir='ltr'>novo</span> <span class='ocrx_word' id='word_1_423' title='bbox 1941 4665 2092 4725; x_wconf 66' lang='lat' dir='ltr'>Test„</span> <span class='ocrx_word' id='word_1_424' title='bbox 2129 4675 2180 4715; x_wconf 90' lang='lat' dir='ltr'>c.</span> <span class='ocrx_word' id='word_1_425' title='bbox 2210 4666 2287 4716; x_wconf 76' lang='grc'><strong>86.</strong></span> 
     </span>
     <span class='ocr_line' id='line_1_45' title="bbox 271 4731 813 4785; baseline 0.004 -2"><span class='ocrx_word' id='word_1_426' title='bbox 271 4731 295 4770; x_wconf 80' lang='lat'>⁸</span> <span class='ocrx_word' id='word_1_427' title='bbox 330 4732 518 4784; x_wconf 80' lang='lat' dir='ltr'>Joann.</span> <span class='ocrx_word' id='word_1_428' title='bbox 553 4745 588 4785; x_wconf 75' lang='lat' dir='ltr'>v</span> <span class='ocrx_word' id='word_1_429' title='bbox 619 4734 673 4784; x_wconf 87' lang='lat' dir='ltr'>et</span> <span class='ocrx_word' id='word_1_430' title='bbox 703 4744 813 4785; x_wconf 82' lang='lat' dir='ltr'>xvi.</span> 
     </span>
    </p>
   </div>
  </div>
 </body>
</html>
