3292 5167
1157 300 1166 307 -
1232 272 1696 320 Anno-rutenus
2081 243 2137 299 ⁴
2633 254 2762 322 583

168 390 304 455 40⁸oe
339 375 502 438 dant
541 392 727 455 opem,
767 373 1132 451 consilium,
1176 384 1335 452 etc.;
1377 375 1550 454 atqui
1596 373 1873 451 mulier,
1915 392 2059 457 quae
2103 377 2228 441 sibi
2272 377 2566 442 abortum
2612 395 2759 459 pro·

166 483 351 535 curat
395 488 522 535 nou
569 481 778 552 potest
820 481 998 535 recte
1043 472 1170 536 dici
1211 471 1332 535 sibi
1379 474 1671 554 praebere
1707 489 1919 552 opem,
1963 475 2326 552 consilium,
2373 484 2491 538 etc.
2523 476 2600 539 Et
2631 477 2762 540 for-

166 557 338 615 tasse
381 552 676 616 Pontifex
723 553 1016 617 consulto
1062 554 1149 616 ita
1198 569 1265 616 se
1308 554 1506 632 gessit
1550 553 1626 616 ad
1678 569 1913 617 novum
1961 556 2194 618 animae
2228 555 2526 636 laqueum
2566 558 2630 618 in
2663 557 2763 619 his

165 632 550 699 mulieribus
594 633 1085 706 declinandum,
1129 650 1351 697 earum
1397 634 1762 697 infirmitati
1824 637 2240 715 compatiens.
2285 635 2523 699 Saltem
2568 637 2758 700 dubia

162 729 272 776 res
315 724 451 789 est,
495 716 586 777 ait
629 713 1014 795 ‘Roncaglia3
1061 721 1125 776 at
1170 717 1233 776 in
1281 713 1479 776 dubio
1522 730 1636 776 reo
1684 715 2027 778 favendum
2071 724 2188 778 est.
2240 749 2315 762 —
2372 716 2437 779 V.
2480 715 2764 796 Lignori,

170 792 281 874 Op.
328 793 506 872 Mor„
549 794 590 856 l.
637 811 735 870 nt,
777 811 836 857 n.
881 795 1013 860 383.
1057 794 1249 858 Plura
1295 793 1374 856 de
1419 794 1666 869 abortu,
1710 795 1841 859 Lib.
1886 812 1969 858 tv.
2015 795 2247 878 Appen.
2291 796 2387 859 42.

1209 1032 1324 1113 (L)
1377 1031 1532 1114 paq.
1577 1033 1723 1097 496.

242 1255 447 1317 852.
491 1256 559 1329 Q.
605 1258 656 1319 t.
703 1255 864 1330 Quid
907 1257 965 1319 si
1005 1254 1233 1318 mulier
1264 1272 1581 1335 oppressa,
1621 1257 1952 1320 clamando
1993 1259 2195 1337 possit
2231 1275 2297 1321 sc
2341 1256 2657 1322 liberare?

244 1336 313 1399 R.
354 1337 488 1400 Non
535 1345 632 1399 est
673 1336 1036 1400 damnanda
1082 1337 1403 1399 sententia
1449 1353 1694 1400 eorum.
1773 1340 1837 1400 ui
1881 1348 2155 1401 censent
2190 1338 2491 1417 puellam,
2536 1342 2586 1400 si
2630 1354 2759 1401 non

155 1418 249 1481 sit
292 1421 358 1479 in
402 1417 689 1496 periculo
732 1416 1204 1490 consentiendi,
1249 1432 1374 1479 non
1425 1421 1633 1480 teneri
1681 1355 1766 1481 ag
1808 1417 2227 1483 clamandum
2273 1418 2353 1482 ob
2400 1418 2759 1499 periculum

155 1500 383 1561 nimiae
424 1497 836 1561 verecundiae
880 1505 1074 1560 testes
1115 1496 1448 1570 vocand03
1490 1515 1635 1561 cum
1682 1498 1957 1563 aliunde
2002 1516 2070 1562 se
2114 1499 2305 1562 modo
2352 1503 2601 1580 passivo
2648 1500 2757 1562 ba-

153 1578 319 1642 bere
352 1595 478 1640 non
510 1580 593 1640 sit
628 1581 1014 1640 consentire.
1047 1577 1378 1641 Contraria
1415 1587 1628 1643 tamen
1668 1582 2001 1642 sententia
2037 1581 2103 1642 in
2136 1584 2319 1660 praxi
2358 1591 2458 1643 est
2492 1581 2757 1642 omnino

153 1657 490 1723 suadenda
520 1706 537 1733 ,
583 1661 727 1738 quia
775 1659 1007 1722 mulier
1051 1658 1398 1722 difficulter
1443 1662 1680 1739 poterit
1723 1677 1791 1723 se
1841 1663 2131 1723 eximere
2191 1676 2221 1722 a
2269 1662 2556 1741 periculo
2599 1676 2752 1721 con·

154 1756 423 1813 sensus;
466 1738 802 1801 clamando
844 1754 1020 1813 vero,
1070 1748 1265 1802 testes
1322 1743 1532 1818 potius
1578 1751 1766 1803 vocat
1805 1757 1940 1803 suae
1989 1741 2337 1821 pudicitiae.
2385 1741 2619 1803 Eadem
2666 1755 2763 1803 ra·

155 1823 344 1884 tione
386 1819 639 1893 docent,
683 1818 955 1899 puellam
1002 1820 1239 1883 debere
1286 1820 1491 1899 potius
1535 1829 1808 1883 mortem
1859 1822 2083 1885 subire
2111 1870 2127 1897 ‚
2181 1838 2370 1901 quam
2435 1825 2561 1901 pati
2624 1821 2755 1883 vio·

152 1899 309 1975 lari,
359 1916 506 1963 casu
549 1916 674 1979 quo
721 1902 979 1963 invasor
1026 1909 1292 1963 mortem
1339 1900 1399 1961 ei
1443 1902 1773 1974 minetur,
1835 1903 1887 1964 si
1948 1917 2077 1964 non
2134 1918 2210 1964 ac
2262 1904 2523 1964 uiescat.
2568 1900 2751 1963 Unde

152 1978 522 2044 Susannam
566 1982 876 2056 imitetur,
919 1996 1061 2060 quae
1110 1979 1293 2042 malis
1338 1983 1766 2045 tentatoribus
1811 1982 2183 2062 respondit:
2289 1981 2449 2045 elius
2477 1988 2575 2044 cst
2598 1980 2757 2044 mihi

149 2060 393 2141 absque
422 2078 599 2140 opere
641 2063 913 2124 incidere
955 2063 1024 2124 in
1064 2078 1291 2123 manua
1333 2070 1600 2134 vestras,
1651 2080 1841 2141 qnam
1877 2080 2136 2143 peccare
2170 2066 2237 2126 in
2270 2069 2606 2141 conspectu
2641 2061 2750 2123 Do·

151 2143 352 2204 mini:
395 2149 457 2204 et
495 2142 794 2205 clamavit
832 2160 973 2205 voce
1016 2157 1244 2221 maqna
1281 2140 1474 2220 (Deut
1508 2143 1668 2218 xix).
1734 2143 1899 2205 Hinc
1965 2146 2029 2206 in
2092 2144 2594 2207 Deuteronomio
2655 2142 2750 2204 di·

153 2225 332 2286 citur
377 2222 695 2301 lapidibus
738 2222 1066 2286 obruenda
1116 2221 1322 2302 puella
1356 2225 1557 2301 virge,
1587 2239 1733 2303 quae
1764 2227 1875 2287 uni
1917 2223 2330 2303 desponsata,
2358 2226 2419 2285 vi
2455 2239 2755 2303 oppressa

154 2302 584 2367 concubuerit
627 2319 768 2366 cum
813 2303 977 2377 alio,
1021 2304 1073 2364 si
1122 2320 1245 2366 non
1287 2302 1629 2375 clamavit,
1684 2321 1826 2366 cum
1870 2313 2032 2368 essct
2073 2306 2141 2367 in
2185 2306 2483 2367 civitate.-
2555 2320 2752 2383 quan·

153 2400 353 2463 quam
399 2382 458 2445 id
507 2385 717 2462 potius
760 2386 1081 2465 pertineat
1123 2383 1202 2446 ad
1247 2391 1587 2446 externum
1629 2383 1946 2462 iudicium
1978 2434 1993 2454 ,
2040 2388 2105 2447 iu
2152 2400 2278 2464 quo
2333 2385 2753 2463 praesumitur

152 2464 725 2624 ῗοηεθηειιεὲὸῑὲὶζθῑ·
755 2472 823 2528 in
866 2481 993 2527 non
1025 2463 1363 2526 clamante.
1395 2463 1605 2542 (Deut.
1650 2480 1806 2526 xxn.
1838 2500 1916 2511 —
1961 2465 2015 2530 V.
2050 2465 2332 2545 Liguori,
2372 2464 2538 2546 opus
2572 2463 2754 2541 Mor„

185 2592 197 2602 .
235 2561 338 2615 ιιι,
387 2561 451 2607 n.
655 2593 663 2602 .

255 2649 279 2681 ι
310 2625 661 2688 Fraucesco
705 2625 729 2687 1
774 2642 845 2688 re
890 2624 952 2688 di
998 2623 1265 2687 Francia
1294 2623 1494 2702 (anno
1527 2624 1713 2703 1524)
1744 2633 2008 2690 entrava
2050 2626 2113 2687 in
2148 2626 2522 2704 Manosque3
2561 2626 2578 2686 i
2618 2623 2757 2687 bor-

151 2706 348 2784 ghesi
380 2704 443 2767 di
490 2715 712 2786 questa
761 2707 913 2769 citta
959 2704 1020 2766 di
1067 2704 1404 2766 Provenza
1452 2704 1541 2782 gli
1590 2705 1804 2768 fecero
1850 2714 2191 2785 presentar
2231 2705 2290 2768 le
2321 2707 2532 2766 cbiavi
2580 2704 2754 2768 dalla

202 2787 274 2849 iu
321 2786 486 2849 bella
532 2786 748 2848 donna
794 2788 914 2848 che
958 2792 1268 2865 poterone
1315 2792 1609 2856 trovare;
1654 2802 1761 2847 era
1800 2784 1858 2849 la
1897 2786 2068 2865 flglia
2116 2787 2181 2850 di
2231 2787 2505 2848 Antonio
2537 2785 2597 2846 di
2632 2784 2751 2846 Vo-

180 2866 316 2929 and
367 2866 501 2929 loro
546 2866 1003 2929 concittadino.
1046 2864 1274 2938 Questa
1324 2866 1621 2942 giovane‚
1664 2867 2054 2929 altrettanto
2088 2870 2375 2931 virtuosa
2406 2866 2524 2928 che
2567 2864 2757 2942 bella,

153 2946 226 3011 fu
278 2956 650 3025 spaventata
697 2945 867 3026 dagli
915 2945 1174 3025 sguardi
1207 2945 1431 3008 lascivi
1466 2946 1585 3007 cbe
1633 2946 1677 3008 il
1725 2963 1796 3009 re
1827 2950 2002 3025 getto
2036 2963 2222 3026 sopra
2257 2948 2321 3010 di
2361 2947 2466 3019 lei,
2496 2961 2531 3007 e
2560 2948 2756 3008 stimo

152 3028 219 3090 di
275 3044 402 3090 non
445 3042 600 3090 aver
645 3028 809 3090 altro
851 3042 1069 3089 mezzo
1112 3041 1227 3105 per
1270 3024 1520 3088 salvare
1566 3027 1612 3088 il
1662 3029 1925 3107 proprio
1987 3044 2205 3101 onore,
2249 3029 2368 3090 che
2418 3026 2636 3105 quello
2680 3024 2747 3088 di

152 3107 568 3187 distruggere
613 3108 669 3170 la
716 3107 995 3170 bellezza
1038 3107 1158 3169 che
1204 3106 1260 3168 la
1306 3114 1542 3169 mettea
1589 3108 1656 3169 iu
1724 3107 2025 3189 pericolo.
2103 3109 2243 3171 Ella
2303 3109 2352 3170 si
2421 3107 2658 3186 sflguro
2703 3106 2750 3167 il

150 3187 335 3249 volte
378 3205 497 3251 con
541 3204 739 3269 acqua
787 3188 975 3262 forte,
1020 3203 1054 3250 e
1098 3190 1151 3249 si
1198 3188 1495 3250 rendette
1540 3190 1726 3266 quasi
1773 3187 2050 3251 schifosa
2100 3205 2214 3268 per
2260 3196 2423 3250 tutto
2469 3187 2510 3248 il
2572 3188 2756 3249 rima·

154 3279 364 3331 nente
409 3267 473 3330 di
521 3285 630 3332 sua
676 3271 826 3332 vita.
869 3267 1049 3330 Nella
1093 3267 1400 3347 gioventu
1445 3277 1666 3330 nostra
1707 3270 1766 3330 ci
1802 3266 1867 3330 tu
1907 3268 2150 3347 parlato
2191 3268 2390 3331 molto
2428 3266 2592 3328 della
2633 3266 2754 3330 Lu·

152 3349 374 3411 crezia
419 3347 709 3413 adultera
758 3348 820 3410 di
867 3347 1063 3410 Roma
1111 3364 1376 3427 pagana,
1418 3364 1455 3409 e
1501 3363 1633 3409 nou
1682 3350 1737 3410 ci
1785 3363 1998 3409 venne
2042 3351 2168 3411 mai
2217 3348 2393 3412 detto
2426 3347 2639 3426 parola
2686 3346 2750 3408 di

199 3437 383 3492 uesta
429 3430 729 3494 Lucrezia
774 3445 963 3491 senza
1009 3429 1293 3491 macchia
1341 3427 1511 3490 della
1559 3427 1830 3490 Francia
1870 3428 2184 3492 cattolica.
2229 3454 2252 3484 ι
2309 3427 2750 3503 Robrbacher,

205 3510 382 3571 toria
421 3510 779 3573 universale
821 3509 988 3572 della
1036 3508 1281 3582 chiesa,
1333 3508 1369 3570 l.
1409 3523 1666 3569 cxxxiv.

231 3589 444 3650 853.
489 3590 554 3664 Q.
600 3591 656 3653 2.
703 3590 803 3653 An
848 3590 1040 3652 liceat
1076 3590 1352 3651 occidere
1395 3587 1661 3662 ebrium,
1710 3589 1804 3651 vel
1845 3595 2152 3653 amentem
2193 3591 2676 3669 aqqressorem?

237 3668 312 3730 R.
360 3671 695 3733 Affirmant
736 3669 1155 3749 probabilius,
1183 3670 1305 3731 nisi
1352 3679 1604 3731 constet
1646 3686 1791 3732 eum
1838 3671 1905 3731 in
1951 3679 2121 3733 statu
2168 3670 2411 3750 peccati
2459 3666 2754 3731 mortalis

151 3752 444 3823 versari3
487 3754 634 3831 quia
707 3752 997 3829 quamvis
1040 3749 1259 3811 ebrius
1301 3750 1403 3812 vel
1451 3750 1864 3828 phreneticus
1910 3764 2038 3811 non
2085 3752 2170 3813 sit
2214 3765 2552 3829 aggressor
2602 3758 2750 3810 tuus

155 3828 527 3894 formaliter
571 3830 874 3908 injustus,
916 3837 1015 3892 est
1059 3837 1271 3892 tamen
1331 3829 1756 3893 materialiter
1801 3831 2082 3908 injustus
2109 3879 2125 3907 ‚
2181 3840 2247 3893 et
2305 3840 2371 3892 tu
2413 3828 2516 3907 ius
2565 3836 2745 3889 tuum

156 3925 388 3973 servas
429 3913 562 3973 vim
608 3929 667 3973 vt
715 3908 1103 3991 repellendo.
1146 3907 1323 3982 Quod
1369 3910 1421 3970 si
1467 3919 1644 3972 certo
1687 3912 1852 3973 scias
1916 3927 2060 3974 eum
2133 3911 2199 3973 in
2267 3918 2438 3972 statu
2499 3907 2749 3988 peccati

152 3987 424 4054 lethalis
467 3991 709 4054 versari
756 3991 818 4070 (a
864 4005 989 4069 quo
1076 3998 1175 4051 ost
1219 3990 1588 4068 phrenesim
1652 3990 1756 4053 vel
1821 3991 2203 4054 ebrietatem
2272 3992 2475 4069 possit
2535 4003 2751 4050 resur-

154 4072 364 4150 gere),
387 4087 517 4135 non
563 4071 818 4134 videtur
859 4087 894 4133 a
941 4079 1002 4133 te
1068 4072 1217 4132 icite
1264 4085 1446 4148 posse
1489 4070 1717 4143 occidi,
1762 4086 1906 4133 cum
1951 4070 2227 4133 salutem
2262 4071 2403 4147 ejus
2435 4076 2753 4130 aeternam

154 4152 312 4214 vitae
360 4159 489 4215 tuae
533 4149 905 4231 temporalis
948 4150 1417 4212 conservationi
1466 4150 1773 4227 praeferre
1816 4150 2107 4213 deberes.
2156 4149 2331 4228 Gury
2375 4159 2440 4212 et
2481 4148 2669 4228 Luyo.

236 4229 307 4304 Q.
342 4231 399 4295 3.
442 4233 544 4295 An
588 4232 780 4295 liceat
817 4229 1095 4294 occidero
1125 4229 1402 4307 Justitioe
1442 4230 1789 4303 ministros,
1842 4229 1939 4292 vel
1991 4229 2225 4309 falsum
2281 4236 2753 4304 accusatorem,

161 4315 397 4386 teum,
437 4319 556 4375 aut
584 4313 866 4390 judicem
906 4327 946 4374 a
991 4327 1110 4390 quo
1153 4310 1437 4372 imminet
1477 4310 1734 4387 injusta
1777 4311 2144 4372 sententia?

245 4390 315 4454 R.
355 4392 685 4472 Negative,
735 4408 882 4455 nam
933 4391 1173 4470 injuria
1221 4388 1578 4470 propulsari
1627 4398 1837 4469 potest
1881 4388 2111 4453 ordine
2170 4388 2404 4467 judicii
2448 4396 2735 4463 servato;

161 4469 348 4542 adde,
389 4473 510 4535 boc
550 4472 752 4536 semel
790 4472 1090 4545 admisso,
1137 4474 1234 4533 via
1281 4471 1644 4549 aperiretur
1687 4469 1998 4533 caedibus:
2039 4484 2188 4532 nam
2217 4469 2493 4548 quisque
2537 4477 2746 4547 potest

163 4547 354 4616 facile
395 4553 520 4615 sibi
566 4552 1000 4633 persuadere,
1062 4568 1130 4614 se
1175 4550 1459 4613 accusari
1525 4550 1783 4628 injuste.
1849 4550 2010 4612 Hinc
2074 4549 2154 4616 ab
2219 4548 2751 4612 Alexandro-Vl}

165 4628 462 4697 damnata
508 4641 606 4695 est
649 4634 786 4696 baec
843 4632 970 4695 sub
1012 4647 1071 4694 n.
1117 4630 1194 4694 18
1229 4629 1613 4710 propositio:
1658 4630 1832 4693 Licet
1882 4630 2234 4708 interficere
2289 4628 2523 4709 falsum
2563 4645 2746 4691 accu-

161 4718 473 4788 satorem,
517 4713 719 4792 falsos
762 4718 947 4776 testes
989 4728 1066 4774 ac
1125 4715 1318 4775 etiam
1368 4709 1654 4789 ,iudicem
1678 4757 1695 4788 ‚
1738 4728 1779 4774 a
1820 4728 1939 4791 quo
1981 4717 2152 4774 carto
2195 4710 2477 4774 imminet
2523 4711 2743 4790 iniqua
