3292 5167
1087 304 1165 350 nn
1211 303 1657 382 nsssrt‘rurloms
1704 309 1768 354 m
1814 306 2025 357 senem
2750 294 2878 360 537

260 403 584 488 mesticis,
633 403 847 474 adhuc
894 412 1227 491 tenentur,
1277 407 1332 478 si
1381 427 1490 478 res
1537 409 1626 478 sit
1688 411 1817 479 illis
1889 412 2262 481 commissa
2335 412 2729 500 specialiter,
2780 417 2878 486 vel

260 528 334 579 se
383 511 842 597 obligaverint,
893 512 1000 581 vel
1049 519 1320 584 teneant
1369 517 1865 603 praesidentiam
1913 518 2120 587 totius
2169 516 2461 602 domus;
2520 540 2671 589 nam
2723 530 2880 593 tunc

258 618 506 690 babent
553 619 1066 713 determinatum
1115 640 1307 691 onus.
1359 625 1426 692 Si
1478 643 1699 709 secus,
1749 626 1901 694 licet
1952 623 2057 692 alii
2110 625 2290 694 item
2346 629 2673 696 affirment
2728 648 2881 700 cnm

257 728 547 796 Bouvier
592 728 878 813 generali
931 729 1188 799 ratione
1235 709 1630 814 famulatus}
1713 733 1818 800 alii
1893 738 2110 800 tamen
2168 740 2410 818 negant
2457 737 2879 806 communius

260 839 328 902 et
399 834 817 920 probabilius
874 854 1024 905 cum
1099 837 1353 921 Lessi0‚
1403 839 1610 926 Lugo,
1662 839 2000 922 Holzman,
2051 839 2705 925 SalmanticensibuS,
2753 846 2882 913 Vo-

259 940 422 1026 gler,
472 948 621 1026 etc.,
672 942 824 1029 quia
873 962 981 1013 res
1046 943 1296 1013 domini
1348 947 1518 1014 tueri
1570 964 1602 1013 a
1654 945 2039 1015 domesticis
2090 964 2169 1015 ex
2211 947 2467 1033 justitia
2517 966 2648 1016 non
2708 951 2882 1019 obli-

259 1056 518 1134 gantur,
568 1050 685 1120 sed
735 1050 954 1120 solum
1032 1070 1108 1121 ex
1160 1060 1510 1140 praecepto
1583 1054 1870 1138 generali
1944 1054 2316 1137 charitatis;
2378 1055 2633 1141 iustitia
2702 1058 2882 1127 enim

259 1157 540 1242 respicit
581 1164 933 1228 extraneos
985 1160 1086 1242 (S)
1141 1153 1187 1226 ¹.

350 1262 530 1326 πί.
589 1268 661 1346 Q.
719 1268 816 1332 12.
869 1268 1173 1346 Quasnam
1217 1277 1521 1333 excusam
1565 1286 1607 1333 a
1651 1266 1900 1333 malitia
1944 1266 2150 1352 furti?

349 1371 420 1438 R.
473 1372 617 1439 Duo
668 1379 1017 1442 excusant:
1070 1372 1431 1441 necessitas
1482 1380 1547 1442 et
1595 1374 2076 1460 compensatio.

347 1477 570 1546 Primo
616 1481 983 1547 necessitas:
1031 1480 1297 1548 nomine
1342 1481 1726 1547 necessitatis
1773 1498 1806 1547 a
1856 1479 2030 1548 furto
2070 1480 2447 1549 excusantis
2505 1500 2637 1552 non
2676 1482 2879 1551 intel-

265 1582 494 1668 ligitur
541 1587 902 1655 necessitas
961 1586 1312 1670 ordinaria,
1363 1605 1560 1674 quam
1615 1588 2062 1655 communiter
2134 1588 2482 1680 patiuntur
2552 1606 2879 1675 pauperes

256 1690 605 1761 hostiatim
656 1693 953 1764 viventes
972 1721 990 1776 3
1039 1694 1333 1781 alioquin
1387 1694 1547 1764 nihil
1594 1700 1776 1764 esset
1818 1695 2026 1781 magis
2078 1712 2452 1777 commune,
2503 1713 2700 1781 quam
2748 1695 2882 1763 fur·

254 1807 421 1868 tum.
471 1802 699 1886 Neque
748 1802 984 1887 gravis,
1033 1803 1088 1870 si
1138 1821 1331 1888 grave
1380 1819 1618 1888 nempe
1668 1821 1751 1870 ex
1794 1802 2227 1871 restitutione
2277 1801 2594 1870 damnum
2652 1804 2880 1873 timea-

258 1914 390 1992 tur,
451 1929 506 1976 ν.
559 1926 641 1993 g.‚
699 1910 910 1995 gravis
959 1911 1244 1993 infamia,
1294 1909 1603 1992 dedecuS,
1663 1916 1775 1977 aut
1823 1929 1859 1978 e
1909 1909 2183 1996 proprio
2234 1917 2409 1978 statu
2442 1911 2621 1997 juste
2655 1913 2877 1999 acqui-

261 2016 395 2088 sito
448 2016 793 2086 decidendi
842 2018 1254 2104 periculum3
1330 2018 1498 2086 banc
1547 2018 1723 2088 enim
1774 2016 1959 2087 facile
2008 2020 2291 2105 quisque
2338 2019 2587 2105 fingere
2634 2027 2878 2105 potest,

252 2125 422 2194 l-linc
470 2125 773 2194 damnata
825 2135 927 2195 est
977 2128 1056 2195 ab
1098 2127 1491 2197 Innocentio
1541 2130 1623 2196 Xl
1670 2128 1816 2197 haec
1864 2128 1989 2197 sub
2038 2147 2101 2196 n.
2151 2129 2236 2195 36
2272 2127 2677 2214 propositio:
2732 2133 2878 2196 Per-

249 2235 518 2300 missum
561 2245 649 2301 est
694 2235 910 2321 furari
957 2254 1096 2301 non
1142 2235 1344 2303 solum
1374 2237 1442 2301 in
1475 2248 1762 2302 extrema
1797 2237 2173 2317 necessitate,
2208 2237 2316 2303 sed
2355 2238 2542 2303 etiam
2575 2237 2642 2301 in
2672 2238 2876 2321 aravi.

350 2343 634 2409 Tantum
684 2350 979 2410 extrema
1028 2343 1402 2412 necessitas
1452 2342 1557 2412 hic
1616 2343 2032 2429 intelligitur,
2105 2352 2171 2412 et
2241 2352 2343 2412 est
2413 2342 2676 2430 quando
2749 2343 2878 2409 vita

252 2449 404 2536 ipsa
455 2429 1164 2536 periclitatur-,qums
1198 2457 1415 2519 tamen
1466 2468 1616 2518 raro
1668 2451 1906 2521 evenit.
1976 2453 2059 2519 At
2129 2452 2184 2520 si
2258 2451 2523 2537 quando
2598 2451 2875 2535 eveniat,

256 2574 413 2625 eum
464 2557 577 2642 qui
630 2558 736 2625 tali
790 2557 1049 2626 laborat
1103 2557 1518 2641 necessitate,
1569 2577 1767 2645 posse
1841 2578 1960 2645 per
2030 2577 2101 2628 se
2174 2559 2462 2630 alienum
2534 2558 2874 2644 surripere

258 2673 583 2750 quantum
633 2665 796 2735 satis
845 2673 947 2735 est
996 2665 1076 2734 ad
1123 2686 1194 2736 se
1247 2665 1659 2736 liberandum
1709 2668 1792 2736 ab
1847 2667 1959 2735 illo
1994 2667 2234 2736 mortis
2268 2654 2652 2735 discrimin'e
2686 2664 2876 2751 (quin

252 2779 563 2841 teneatur
611 2774 893 2861 petere),
943 2773 1194 2844 docent
1240 2775 1685 2844 communiter
1735 2792 1887 2843 cum
1936 2777 2142 2862 Lugo,
2193 2774 2399 2841 innixi
2475 2772 2871 2841 auctoritate

253 2884 325 2948 et
375 2879 630 2948 ratione
676 2878 737 2946 d.
791 2880 1086 2948 Thomae.
1136 2882 1307 2948 Sane
1357 2886 1517 2949 tunc
1572 2880 1804 2948 omnia
1856 2881 2027 2949 bona
2079 2886 2238 2948 sunt
2292 2879 2668 2948 communia
2687 2904 2706 2959 3
2753 2881 2872 2946 Jus

253 2984 434 3055 enim
482 2985 799 3072 gentium,
837 3005 985 3072 quo
1029 2987 1362 3056 bonorum
1408 2986 1642 3055 divisio
1694 2988 1864 3055 facta
1913 2987 2058 3070 fuit,
2110 3005 2242 3055 non
2296 2992 2518 3073 potest
2551 2981 2875 3070 derogare

249 3094 392 3163 Juri
444 3094 748 3177 naturali,
801 3093 981 3181 quod
1027 3095 1268 3182 cuique
1317 3094 1638 3181 competit
1685 3094 1941 3163 vivendi
1989 3094 2062 3162 in
2113 3092 2431 3162 extremis
2465 3091 2547 3160 de
2596 3092 2875 3178 quibus-

253 3220 524 3288 cunque
596 3202 793 3271 bonis
845 3199 895 3270 ¹.
943 3205 1027 3272 Et
1073 3202 1249 3271 idem
1295 3194 1525 3271 dicunt
1573 3201 1655 3271 de
1704 3202 2105 3272 necessitate
2153 3201 2454 3287 proxima
2534 3205 2919 3283 extremae,x

258 3316 375 3378 aut
425 3309 515 3377 illi
566 3310 1035 3396 aequivalenti3
1093 3311 1202 3395 qui
1254 3309 1433 3378 enim
1507 3309 1571 3376 in
1652 3328 1726 3379 ea
1800 3308 2206 3378 constitutus
2275 3315 2397 3390 est,
2454 3313 2677 3394 potest
2745 3305 2873 3375 sibi

251 3419 515 3501 mediis,
558 3419 799 3504 quibus
838 3420 1025 3501 valet,
1077 3418 1462 3504 providere:
1513 3434 1664 3486 cum
1711 3418 1776 3485 in
1828 3418 2191 3485 moralibus
2241 3415 2417 3502 parvi
2470 3432 2600 3484 non
2638 3414 2876 3482 habea-

256 3533 369 3594 tur
415 3523 807 3594 aestimatio,
859 3525 1035 3594 Talis
1084 3532 1261 3594 esset
1309 3524 1673 3593 necessitas
1725 3524 1924 3606 illius,
1968 3525 2076 3610 qui
2127 3522 2228 3591 vel
2278 3529 2381 3592 est
2430 3521 2493 3589 in
2544 3520 2872 3608 probabili

254 3634 502 3704 mortis
554 3632 875 3721 periculo,
928 3640 1041 3701 aut
1091 3632 1430 3701 amittendi
1480 3632 1856 3714 membrum
1896 3630 2163 3718 aliquod
2197 3629 2579 3718 principale,
2615 3635 2727 3696 aut
2758 3628 2876 3694 ali-

255 3761 459 3832 quem
507 3760 800 3823 sensum,
851 3747 1007 3827 puta
1059 3738 1363 3821 oculum;
1413 3737 1512 3807 vel
1562 3745 1664 3807 est
1714 3738 1777 3806 in
1827 3737 2132 3825 proximo
2182 3738 2477 3824 periculo
2530 3728 2861 3803 incidendi

253 3853 326 3922 in
378 3864 763 3939 perpetuam
817 3848 1265 3936 captivitatem
1320 3846 1457 3915 sive
1494 3863 1759 3934 poenam
1795 3848 2185 3931 triremium,
2221 3847 2284 3913 in
2319 3844 2769 3931 gravissimam
2803 3848 2870 3909 et

253 3966 649 4047 perpetuam
700 3955 1053 4027 infamiam.

345 4066 415 4134 ld
466 4075 688 4136 autem
734 4064 919 4152 quod
968 4064 1223 4134 licitum
1269 4071 1368 4132 est
1435 4062 1693 4131 auterre
1741 4079 1863 4148 pro
1914 4060 2310 4130 necessitate
2381 4056 2668 4144 propria,
2716 4055 2869 4123 licet

252 4192 527 4262 quoque
563 4191 684 4260 pro
719 4172 1115 4242 necessitate
1155 4187 1455 4254 suorum,
1505 4186 1744 4254 nempe
1780 4168 2028 4250 uxoris,
2070 4172 2421 4254 parentum
2452 4170 2517 4232 et
2555 4162 2868 4230 filiorum.

314 4446 337 4487 ¹
381 4445 441 4495 V.
476 4441 712 4507 Liguori,
749 4441 883 4517 Opus
919 4441 1076 4515 Mon,
1112 4439 1143 4489 l.
1181 4449 1258 4500 ιιι,
1291 4449 1346 4489 n.
1382 4438 1476 4489 344
1509 4437 1561 4487 et
1591 4436 1706 4487 545.
1870 4498 1881 4510 ⁸
2140 4496 2150 4507 ι
2413 4492 2425 4505 .
2498 4493 2509 4505 .
2547 4493 2559 4504 ·

315 4508 342 4550 ²
378 4508 502 4569 Qnoe
531 4510 653 4557 sunt
683 4507 825 4557 lum
857 4504 1072 4554 humant
1108 4514 1214 4552 non
1241 4504 1454 4564 possunt
1484 4500 1734 4560 derogare
1761 4495 1881 4548 Iun
1913 4493 2172 4554 naturali,
2197 4493 2277 4544 vel
2307 4493 2425 4545 Iura
2454 4491 2644 4545 άευιηο.
2683 4491 2865 4542 Secun-

248 4573 380 4624 dum
412 4574 586 4622 autem
615 4568 910 4620 naturalem
942 4566 1180 4616 ordinem
1211 4576 1278 4614 ex
1307 4563 1484 4614 divina
1516 4561 1850 4612 Prouidentia
1881 4560 2198 4616 institutum,
2233 4568 2319 4606 res
2338 4555 2612 4618 inferiores
2640 4558 2761 4627 sunt
2785 4565 2864 4626 or·

248 4636 452 4686 dinatoe
474 4633 541 4683 ad
573 4632 685 4690 hoc,
718 4630 852 4694 qnod
882 4642 949 4679 ea·
980 4629 1058 4679 nte
1088 4626 1423 4678 subveniatur
1453 4625 1720 4676 hominum
1752 4624 2059 4672 necessitati.
2098 4621 2164 4671 Et
2193 4618 2306 4669 ideo
2334 4619 2856 4693 perferumndtptseo·

245 4709 374 4748 nem
407 4698 459 4746 et
490 4693 964 4756 appropriationem
996 4703 1064 4741 ea:
1092 4691 1219 4741 Iure
1250 4690 1475 4741 hnmano
1501 4687 1858 4750 procedentem
1890 4694 1998 4734 non
2032 4681 2329 4745 impeditur,
2362 4692 2484 4744 qum
2516 4682 2743 4733 hominus
2773 4689 2861 4728 ne·

248 4758 482 4812 cessim
510 4760 579 4810 sit
607 4754 996 4810 subveniendum
1027 4765 1095 4804 ea·
1126 4751 1414 4816 hujusmodi
1447 4750 1614 4801 rebus.
1651 4747 1962 4813 Angelicus,
1990 4748 2039 4809 2,
2072 4748 2122 4806 2,
2171 4755 2223 4809 q.
2257 4747 2336 4795 66.
