3292 5167
1162 262 1247 310 uz
1288 262 1549 310 vim-rit
1591 262 1875 311 nminat·
1941 292 1948 301 .
2051 290 2059 300 -
2695 246 2824 313 367

234 363 548 431 materiati
583 363 881 452 poyondo
926 365 1526 452 all’usufruttuario,
1572 366 1839 434 durante
1885 366 2261 454 Pumsrutto,
2296 367 2388 456 qli
2417 368 2701 436 interessi
2729 368 2827 436 del

236 473 440 542 valore
485 471 789 539 dell’orea
833 492 865 538 e
914 472 1015 540 dei
1057 473 1376 540 mamati
1421 473 1571 561 (art.
1620 475 1803 559 520).

407 582 470 646 5.
517 581 673 647 Non*
708 598 867 645 usu:
913 578 968 646 si
1018 578 1423 648 fructuarius
1469 598 1690 672 neque
1737 598 1857 667 per
1902 599 1975 649 se
2017 599 2234 668 neque
2284 600 2403 668 per
2451 581 2657 650 alium
2703 599 2824 669 per

242 687 327 755 30
370 702 584 753 anuos
624 685 777 772 jure
823 702 947 753 suo
994 703 1127 753 nou
1179 692 1424 770 utatur,
1465 693 1530 755 et
1563 687 1829 759 interim
1863 695 2090 755 utatur
2124 686 2618 775 proprietarius.
2656 691 2819 757 Item

236 795 439 861 abusu
484 810 567 860 ex
614 792 799 860 hisce
847 792 1061 860 verbis
1094 792 1291 878 legis:
1338 795 1728 879 L'ususrutto
1768 793 1895 882 pao
1924 795 2119 861 anche
2150 813 2388 861 cessare
2421 814 2534 880 per
2565 795 2817 878 Pabuso,

232 903 339 969 che
379 900 593 987 faccia
655 902 1182 985 l'usufmtmario
1227 901 1326 968 del
1367 921 1483 968 suo
1523 902 1778 985 diruto,
1825 922 1860 969 o
1905 901 2241 969 alienando
2286 902 2313 968 i
2357 902 2495 969 beni
2560 922 2596 968 o
2662 903 2822 969 dete-

232 1007 601 1089 rior-anatoli,
653 1028 687 1073 o
737 1007 1108 1075 lasciandoli
1150 1007 1390 1075 andare
1433 1009 1501 1075 in
1540 1010 1888 1095 perimento
1926 1028 2045 1097 per
2075 1027 2431 1075 mancanza
2462 1009 2529 1075 di
2565 1009 2825 1076 ordina-

230 1114 754 1202 aeieriparazioni
801 1118 949 1199 (art.
997 1114 1175 1200 516).
1230 1118 1477 1186 Verum
1544 1115 1884 1185 fructuarii
1958 1115 2326 1185 creditores
2392 1117 2502 1202 jns
2570 1116 2818 1184 habent

233 1222 467 1291 damna
518 1220 917 1290 resarciendi
968 1227 1035 1290 et
1080 1222 1455 1290 cautionem
1488 1222 1846 1306 tribuendi,
1891 1230 1963 1290 ut
2011 1223 2097 1290 ita
2147 1223 2568 1292 ususfructus
2601 1222 2817 1305 duret,

230 1336 299 1399 et
345 1330 631 1399 habeant
679 1346 812 1415 quo
862 1347 941 1396 ex
990 1328 1103 1396 illo
1152 1328 1277 1397 sibi
1328 1329 1642 1397 solvatur.

406 1439 475 1504 6.
522 1435 1037 1517 consolidatione,
1086 1435 1143 1504 si
1192 1435 1593 1504 fructuarius
1658 1435 1758 1504 rei
1816 1435 2294 1522 proprietatem
2359 1434 2819 1521 consequitur.

231 1546 393 1613 Item
438 1544 903 1611 renuntiatione
948 1561 1098 1629 quae
1148 1543 1203 1611 si
1250 1542 1689 1626 fraudulenta,
1742 1550 1960 1629 potest
2010 1541 2348 1610 invalidari
2389 1540 2442 1610 ¹.

305 1704 517 1766 boi).
557 1703 773 1765 Nou:
817 1700 1345 1765 Usufructuatius
1392 1702 1631 1766 nuliam
1678 1705 1870 1766 habet
1920 1704 2025 1783 jus
2087 1704 2164 1767 ad
2233 1705 2821 1784 compensationem

229 1784 618 1862 exigendam
665 1799 779 1862 pro
825 1783 1385 1845 meiiorationibus
1429 1800 1461 1844 a
1510 1800 1577 1845 se
1623 1782 1849 1860 factis,
1894 1783 2046 1846 licet
2103 1802 2205 1848 res
2277 1786 2411 1864 ipsa
2480 1784 2822 1864 pretiosior

233 1864 387 1928 inde
433 1864 601 1928 facta
648 1865 769 1926 sit:
811 1870 1097 1927 attamen
1143 1870 1558 1941 augmentum
1605 1866 1794 1943 pretii
1828 1867 2229 1942 compensari
2271 1867 2506 1944 poterit
2536 1878 2674 1928 cum
2708 1865 2815 1927 de·

232 1947 589 2021 tumentis,
638 1947 690 2006 si
737 1960 879 2024 quae
922 1952 1139 2006 secuta
1185 1945 1317 2006 sint
1358 1943 1598 2024 absque
1640 1947 1816 2023 gravi
1868 1946 1972 2007 cut
2021 1963 2051 2007 a
2103 1947 2461 2009 fructuarii.

311 2024 462 2099 Quae
508 2027 943 2103 compensatio
988 2027 1040 2085 si
1087 2022 1294 2087 locum
1343 2023 1581 2086 habere
1630 2033 1924 2103 nequeat,
2006 2027 2136 2088 icet
2183 2028 2660 2101 usufructuario
2713 2033 2823 2087 aut

225 2104 369 2184 ejus
414 2105 784 2168 haeredibns
828 2118 1156 2166 resumere
1201 2105 1320 2166 sibi
1378 2105 1574 2167 factas
1617 2104 2015 2180 additiones,
2086 2107 2271 2168 modo
2335 2107 2572 2185 absque
2638 2104 2821 2168 fundi

226 2185 643 2258 detrimento,
689 2194 754 2248 et
795 2201 938 2248 cum
984 2184 1192 2263 aliqua
1238 2183 1576 2248 fructuarii
1620 2185 1902 2248 utilitate
1945 2186 2186 2248 auferri
2235 2189 2530 2265 possint;
2575 2194 2641 2246 et
2682 2188 2822 2264 ipse

228 2268 697 2408 proprietarius
744 2281 871 2327 uon
915 2265 1114 2343 eligat
1156 2264 1522 2329 additiones
1567 2266 1687 2328 sibi
1737 2268 2039 2339 retinere,
2084 2269 2190 2345 qui
2240 2277 2389 2329 tunc
2439 2267 2648 2328 solvat
2684 2283 2824 2328 usu·

264 2349 587 2410 ructuario
635 2347 810 2407 iliam
857 2345 1385 2417 aestimationem.
1430 2362 1619 2425 quam
1683 2347 1788 2408 hic
1857 2346 2151 2408 obtinere
2219 2356 2451 2426 posset.
2522 2348 2821 2408 Attamen

228 2444 483 2506 semper
532 2428 755 2488 licebit
800 2425 1273 2490 usufructuario
1319 2426 1584 2507 eiusque
1644 2426 2013 2490 haeredibus
2057 2426 2179 2489 sibi
2225 2442 2613 2506 recuperare
2677 2442 2819 2504 spe·

224 2507 404 2583 cula,
454 2507 701 2570 tabulas
744 2505 1028 2585 depictas
1070 2518 1136 2568 et
1178 2508 1303 2571 alia
1368 2517 1748 2569 ornamenta
1778 2555 1794 2573 .
1854 2523 1995 2586 quae
2040 2510 2159 2570 sita
2205 2506 2447 2570 fuerint
2494 2509 2558 2569 in
2611 2505 2814 2569 fundo

228 2588 597 2652 usufructui
643 2587 943 2664 obnoxio,
986 2588 1172 2650 modo
1216 2589 1430 2650 omnia
1478 2589 1545 2649 in
1590 2589 1938 2667 pristinum
1975 2595 2213 2652 statum
2258 2590 2685 2651 restituantur
2731 2585 2781 2649 ².

321 2746 529 2823 tuo,
580 2743 652 2821 Q.
697 2744 758 2808 7.
810 2740 973 2822 Quid
1016 2740 1088 2807 de
1133 2741 1509 2808 habitatione
1553 2741 1928 2810 dicendum?

316 2850 388 2918 R.
440 2847 773 2916 Habitatio
826 2854 926 2914 est
962 2849 1074 2933 jus
1120 2847 1362 2914 alienas
1407 2847 1566 2915 oedes
1598 2849 1941 2930 habitandi,
1986 2849 2166 2916 salva
2201 2870 2421 2916 earum
2457 2849 2822 2916 substantia.

226 2954 356 3038 Qui
404 2953 811 3024 inhabitandi
854 2955 964 3040 jns
992 2954 1208 3039 habet,
1237 2972 1365 3022 una
1414 2972 1565 3024 cum
1612 2955 1854 3024 familia
1904 2956 2202 3025 habitare
2237 2963 2481 3045 potest,
2515 2956 2668 3025 licet
2709 2974 2824 3042 po-

228 3068 373 3132 stea
421 3062 917 3132 matrimonium
967 3060 1405 3143 contraxerim
1453 3062 1571 3130 sed
1619 3062 1850 3149 nequit
1899 3063 2025 3132 hoo
2065 3063 2176 3150 jus
2225 3063 2410 3132 alteri
2448 3063 2683 3132 cedere
2717 3062 2818 3131 vel

229 3170 471 3239 locare.
523 3169 751 3252 Quoad
800 3185 1022 3252 onera,
1071 3169 1182 3254 qui
1232 3176 1440 3238 totam
1489 3170 1741 3239 habitat
1789 3169 2081 3253 domum,
2135 3177 2399 3238 tenetur
2445 3169 2526 3237 ad
2579 3184 2817 3237 omnes

236 3276 604 3346 ordinarias
654 3294 1011 3361 expensas:
1061 3275 1172 3360 qui
1238 3283 1511 3361 partem,
1578 3282 1844 3346 tenetur
1891 3295 2011 3363 pro
2079 3282 2239 3343 rata.
2309 3277 2626 3344 Ceterum
2697 3276 2825 3343 nisi

230 3384 360 3453 alia
405 3384 492 3453 sit
541 3384 912 3465 conventio,
962 3382 1279 3451 habitatio
1329 3385 1583 3470 regitur
1629 3384 1868 3453 eodem
1916 3384 2116 3454 modo
2167 3404 2300 3471 quo
2361 3404 2523 3453 usus
2567 3379 2616 3452 ³.

320 3490 504 3555 511⁶
555 3494 629 3572 Q.
675 3494 737 3559 8.
790 3490 954 3572 Quid
998 3502 1082 3557 est
1125 3493 1480 3577 possessio?
2127 3556 2142 3569 .

318 3601 390 3669 R.
440 3598 789 3666 Possessio
841 3596 963 3683 (sic
1012 3596 1184 3664 dicta
1237 3598 1420 3683 quasi
1461 3598 1691 3685 positio
1731 3598 1907 3685 pedis
1948 3598 2045 3667 vel
2085 3598 2316 3687 positio
2352 3598 2514 3665 sedis
2560 3598 2660 3667 vel
2697 3619 2824 3665 ses-

230 3705 331 3773 sio
374 3724 519 3772 cum
557 3714 853 3791 potestate
898 3702 997 3771 vel
1036 3704 1342 3791 potentia)
1395 3704 1638 3790 poterit
1689 3703 1993 3772 definiri:
2057 3706 2337 3792 teqicima
2397 3705 2493 3771 rei
2544 3704 2825 3771 detentio.

232 3813 400 3881 Cum
459 3812 866 3898 proprietate
912 3809 1084 3879 solet
1133 3810 1468 3894 confundi,
1504 3810 1722 3880 differt
1753 3818 2010 3894 tamen3
2046 3827 2195 3880 nam
2232 3818 2454 3898 potest
2492 3812 2642 3898 quis
2687 3828 2828 3878 rem

227 3918 602 4006 possidere,
656 3918 814 4004 quin
863 3916 949 3986 sit
996 3917 1474 4004 proprietarius
1514 3918 1723 4002 iltius,
1758 3927 1869 3988 aut
1903 3939 1938 3989 e
1972 3921 2325 3989 contrario.
2379 3919 2643 3988 Scilicet
2678 3936 2830 4006 pos-

224 4026 444 4096 sessio
496 4032 598 4095 est
639 4025 773 4111 J'us,
818 4042 953 4112 quo
1002 4042 1143 4094 rem
1176 4024 1439 4094 detineo
1492 4028 1585 4094 uti
1636 4044 1887 4095 meam:
1925 4028 2295 4114 proprietas
2331 4045 2484 4095 vero
2526 4025 2673 4111 (seu
2710 4024 2827 4094 do-

224 4131 539 4218 minium)
588 4140 689 4199 est
724 4131 944 4217 ipsum
983 4131 1115 4217 im,
1167 4148 1300 4219 quo
1350 4150 1455 4201 res
1505 4139 1607 4201 est
1657 4151 1800 4202 mea
1850 4142 1915 4202 et
1963 4152 2083 4220 ego
2120 4151 2268 4202 sum
2306 4132 2621 4202 dominus
2662 4132 2827 4220 ejus.

290 4382 312 4423 ¹
344 4387 456 4438 Art.
487 4391 616 4452 5153
646 4412 714 4426 —
746 4388 801 4439 G.
834 4388 896 4439 A.
939 4390 1050 4451 δη
1093 4415 1152 4427 -
1191 4389 1246 4441 G.
1286 4389 1344 4440 G.
1376 4390 1499 4451 6¹⁷3
1533 4414 1598 4426 —
1631 4389 1685 4440 G.
1720 4390 1766 4440 S.
1800 4390 1928 4452 &m
1962 4414 2023 4427 -
2062 4391 2116 4441 G.
2155 4392 2210 4439 P.
2247 4392 2369 4442 472·
2406 4414 2473 4426 —
2506 4390 2559 4440 C.
2596 4391 2667 4441 Μ.
2701 4391 2828 4451 489;

214 4469 291 4483 —·
325 4448 376 4500 G.
417 4450 475 4502 T.
510 4454 620 4502 ΞΗ.
656 4452 726 4502 De
756 4450 1051 4503 cessatione
1075 4453 1252 4503 autem
1278 4451 1616 4502 ususfructus
1651 4451 1832 4514 legalis
1866 4454 2144 4516 parentum
2181 4452 2301 4502 vide
2338 4426 2481 4503 dicta
2515 4465 2567 4503 n.
2601 4455 2714 4505 314.

230 4507 314 4622 Μ’.
341 4513 459 4627 &ortt
490 4515 614 4575 4953
645 4535 712 4552 -
747 4514 799 4565 G.
837 4512 900 4564 A.
936 4514 1030 4566 480
1062 4516 1113 4566 et
1143 4515 1270 4575 Situ
1319 4537 1384 4550 -
1419 4512 1471 4564 C.
1511 4512 1570 4565 G.
1605 4516 1730 4577 ὀίω
1783 4538 1848 4551 -
1881 4514 1933 4566 G.
1966 4514 2017 4565 S.
2053 4516 2174 4578 5503
2223 4538 2287 4551 —
2319 4514 2373 4565 C.
2411 4515 2467 4566 P.
2501 4516 2624 4578 ⁴8¹3
2676 4540 2742 4553 -
2775 4517 2830 4567 C.

294 4634 316 4673 ⁸
350 4635 523 4686 Codex
552 4637 733 4697 civilis,
762 4635 850 4698 jus
884 4635 1227 4689 habitationis
1259 4636 1462 4689 confert
1493 4637 1672 4698 uxori,
1710 4648 1851 4689 anno
1885 4637 2078 4698 luctus,
2114 4638 2174 4689 ut
2204 4636 2384 4690 videre
2427 4641 2512 4689 est
2548 4640 2645 4691 art.
2686 4639 2827 4700 1415,

222 4695 289 4746 C.
321 4698 380 4748 Δ.
412 4699 531 4758 civ„
565 4698 592 4761 ς
623 4699 874 4795 μωὲ-
907 4696 961 4749 C.
997 4698 1059 4751 G.
1094 4699 1242 4762 15703
1280 4725 1338 4738 -
1375 4702 1430 4752 C.
1466 4699 1517 4751 S.
1556 4702 1708 4763 138&
1745 4722 1809 4738 —-
1840 4700 1899 4752 C.
1935 4702 1993 4753 P.
2032 4702 2188 4763 1376;
2224 4725 2287 4739 -
2321 4701 2377 4752 G.
2414 4701 2485 4751 Π.
2523 4703 2665 4754 ¹456.
