3292 5167
425 180 564 249 444
1167 197 1281 243 un.
1329 197 1394 247 ii.
1441 197 1652 247 ruer.
1703 195 1806 245 vii.
1846 196 1976 247 nse.
2020 195 2066 248 ι,
2110 194 2247 247 ων.
2297 195 2347 241 1.

423 321 574 388 ervo
619 300 901 369 omnibus
929 299 1147 382 debita,
1192 301 1299 369 cui
1340 300 1661 381 tributum,
1693 299 2018 381 tribucum,
2053 297 2156 366 cui
2186 296 2467 383 vectium,
2502 296 2763 382 vectigal
2796 300 2851 362 ⁴.
2903 296 3033 368 Ubi

428 407 610 479 vides
643 407 839 481 etiam
889 406 1224 494 vectigalia
1255 406 1326 479 in
1359 406 1767 477 conscientia
1798 404 2115 477 solvenda
2148 422 2317 488 esse,
2352 410 2424 475 et
2461 402 2733 490 quidem
2776 405 2881 472 uti.
2908 404 3033 475 tn·-

430 516 588 583 buta
617 532 694 587 ac
727 513 966 597 debita,
1001 521 1066 582 et
1113 513 1263 583 ideo
1296 532 1376 582 ex
1399 514 1692 600 justitia:
1742 512 1905 582 adeo
1942 519 2013 585 ut
2048 518 2403 583 renuentes
2438 516 2786 589 teneantur
2817 510 2899 579 ad
2931 526 3039 583 m·

429 623 864 713 stitutionem.
892 625 972 690 Et
1000 624 1416 697 catechismus
1438 626 1757 693 Romanus
1785 622 1867 693 de
1886 623 2165 693 crimine
2198 621 2577 709 rapacitatis
2603 620 2866 691 damnat
2899 630 3039 692 tam

429 748 546 803 eos
587 730 704 816 qui
738 730 1050 801 Ecclesiae
1100 730 1417 798 ministris
1465 729 1754 799 decimas
1790 749 1923 801 non
1942 730 2238 812 solvunt,
2273 746 2472 815 quam
2504 747 2624 798 eos
2677 730 2789 816 qui
2822 731 3033 816 magi-

431 838 748 909 stratibus
775 838 1027 908 tributa
1057 846 1126 907 et
1167 837 1502 924 vectigalia
1536 838 1841 907 fraudant
1875 841 1925 908 2.
1974 837 2210 909 Merito
2261 852 2419 923 ergo
2468 837 2669 906 docet
2724 837 3031 924 Augusti-

431 965 558 1017 nus
601 945 1039 1015 christianum
1073 945 1137 1012 in
1188 963 1424 1031 magno
1474 964 1702 1015 errore
1752 947 2018 1029 versari,
2067 946 2121 1014 si
2173 953 2364 1032 putet
2416 945 2692 1030 vectigal
2723 962 2760 1011 a
2806 945 3043 1032 seipso

433 1070 566 1121 non
615 1068 762 1122 esse
807 1051 1198 1123 solvendum
1236 1059 1284 1121 ³.
1333 1052 1607 1121 Accedit
1650 1051 1857 1121 ratio:
1909 1052 2105 1123 sicuti
2154 1056 2286 1121 Rex
2336 1052 2613 1120 tenetur'
2656 1069 2883 1120 vacare
2924 1069 3035 1120 sa-

430 1159 552 1229 luti
601 1140 848 1245 populi,
895 1160 1242 1233 consulere
1291 1159 1851 1230 administrationi
1904 1158 2182 1247 Justitiae
2218 1166 2284 1229 et
2318 1158 2704 1245 prospicere
2748 1157 3041 1243 publicis

432 1266 576 1337 aliis
625 1265 1168 1347 necessitatibus;
1215 1266 1304 1333 ita
1352 1275 1418 1335 et
1469 1266 1755 1352 populus
1808 1272 2070 1336 tenetur
2146 1280 2227 1337 ex
2281 1266 2539 1351 iustitia
2608 1275 2673 1333 et
2734 1264 2816 1333 de
2872 1269 3039 1335 Jure

433 1371 714 1448 naturali
761 1372 1021 1441 solvere
1069 1371 1355 1458 principi
1421 1373 1764 1457 vectigalia
1812 1372 1890 1439 ad
1939 1372 2082 1459 ejus
2133 1381 2199 1440 et
2232 1371 2631 1458 reipublicae
2688 1388 3037 1440 conserva-

432 1478 681 1548 tionem
714 1478 1113 1559 necessaria3
1145 1498 1297 1545 nam
1329 1486 1401 1546 ut
1449 1479 1537 1545 ait
1572 1477 1859 1562 Tacitus,
1894 1498 2087 1564 neque
2116 1478 2288 1563 quies
2332 1479 2609 1563 peritiam
2636 1479 2783 1553 ,sine
2811 1478 3035 1562 arinis,

335 1563 352 1581 ’
429 1603 621 1670 neque
664 1604 850 1651 arma
890 1587 1026 1654 sine
1069 1585 1411 1672 stipendiis,
1450 1605 1643 1672 neque
1673 1586 1982 1673 stipendia
2010 1587 2146 1653 sine
2182 1586 2431 1653 tributis
2476 1586 2690 1652 haberi
2719 1597 2947 1670 queunt
2976 1582 3031 1647 ⁴.

429 1691 636 1778 quue
684 1690 975 1776 pertinet
1025 1691 1223 1758 etiam
1273 1690 1350 1757 ad
1402 1692 1651 1777 regiam
1715 1692 2103 1777 dignitatem
2163 1680 2641 1775 sustinendam,
2716 1702 2789 1759 ut
2854 1692 3033 1759 enim

431 1799 628 1870 habet
673 1797 1064 1885 Apostolus:
1115 1800 1256 1888 quis
1299 1799 1532 1867 militat
1579 1802 1713 1869 suis
1757 1788 2083 1888 stipendiis
2128 1819 2407 1886 unquam
2441 1807 2468 1852 ⁵
2504 1808 2537 1867 ?
2582 1803 2812 1888 Neque
2875 1799 3041 1868 sub·

432 1904 548 1973 diti
601 1923 749 1973 esse
797 1904 993 1973 debet
1041 1903 1450 1991 distinguere
1500 1906 1673 1975 inter
1723 1907 1969 1975 tributa
2011 1914 2076 1996 et
2112 1907 2388 1987 tributa,
2441 1925 2591 1993 quae
2631 1924 2866 1993 nempe
2898 1906 3041 1975 sint

430 2014 496 2080 in
546 2011 949 2080 conscientia
995 2011 1235 2097 debita,
1286 2032 1434 2099 quae
1486 2032 1642 2084 vero
1696 2034 1863 2098 non3
1913 2016 2198 2083 maxime
2246 2016 2399 2101 quia
2446 2015 2665 2083 omnis
2702 2015 2807 2083 lex
2842 2014 2923 2083 de
2956 2031 3039 2082 se

435 2125 585 2187 nata
632 2126 733 2189 est
778 2137 1011 2206 parere
1058 2120 1534 2206 obligationem
1581 2140 1657 2190 ac
1708 2118 1909 2207 ligare
1957 2121 2454 2192 conscientiam.
2499 2122 2567 2190 Si
2605 2140 2755 2208 quae
2807 2128 3037 2190 autem

435 2225 523 2294 sit
567 2225 892 2297 contraria
937 2226 1379 2310 consuetudo,
1430 2246 1564 2297 non
1613 2247 1775 2298 usus
1790 2255 1809 2311 ;
1859 2229 1977 2299 sed
2010 2229 2294 2315 vulgaris
2330 2246 2520 2298 error
2570 2226 2889 2298 dicendus
2926 2235 3043 2299 est

436 2350 515 2403 ex
562 2331 874 2403 cardinali
927 2334 1236 2403 Gousset.

525 2438 850 2507 Diximus:
902 2438 967 2525 i)
1014 2440 1392 2525 reputariter
1439 2453 1775 2526 antequam
1818 2452 2151 2529 ponimur,-
2198 2459 2349 2511 nain
2397 2448 2499 2510 est
2546 2440 2872 2525 obligatio
2918 2441 3037 2527 ju-

435 2545 656 2616 stitiae.
705 2546 950 2632 Excipe
999 2546 1123 2615 nisi
1156 2546 1351 2615 aliter
1381 2547 1547 2617 ferat
1580 2568 1786 2618 usus:
1837 2549 1933 2620 sic
1965 2566 2129 2618 usus
2169 2549 2415 2635 excipit
2457 2547 2733 2636 pedagia
2771 2566 2845 2617 ac
2881 2566 3039 2634 por-.

435 2655 624 2734 toria,
674 2671 822 2738 quae
876 2655 1258 2723 tribuuntur
1304 2654 1558 2724 ratione
1607 2655 1932 2727 transitus
1987 2674 2103 2742 per
2152 2664 2412 2741 portam
2461 2655 2563 2721 vel
2614 2661 2908 2738 pontem,
2958 2661 3043 2725 ut

439 2780 675 2848 nempe
723 2780 853 2829 non
903 2761 1264 2845 solvantur,
1306 2762 1430 2831 nisi
1476 2763 1831 2849 postulata.
1883 2766 2023 2832 Imo
2058 2763 2290 2832 dicunt
2331 2764 2457 2831 hoc
2493 2761 2691 2830 hodie
2726 2763 3041 2832 obtinere

359 2868 366 2875 ’
435 2871 519 2940 de
565 2869 874 2938 omnibus
908 2868 1196 2951 tributiS,
1230 2875 1302 2936 ut
1337 2888 1578 2956 nempe
1614 2889 1750 2940 non
1801 2871 2160 2952 solvantur,
2198 2871 2323 2938 nisi
2367 2869 2571 2956 petita
2589 2894 2607 2951 ;
2664 2871 2733 2955 2)
2770 2871 2838 2936 si·
2853 2870 3043 2956 justa

435 2979 599 3055 sint;
644 2964 962 3061 injustitia
1011 2974 1185 3045 enim
1235 2993 1367 3044 non
1419 2976 1594 3061 ligat.
1642 2980 1833 3046 Justa
1882 2984 2097 3060 erunt,
2137 2977 2190 3044 si
2246 2976 2755 3063 proportionata
2799 2994 3043 3045 neces-

437 3083 743 3152 sitatibus
790 3100 866 3151 ac
913 3082 1240 3168 personiS,
1289 3091 1355 3152 et
1404 3083 1699 3169 legitima
1746 3083 2144 3153 auctoritate
2193 3085 2278 3153 ob
2328 3081 2696 3168 legitimam
2732 3099 3036 3164 causam,

437 3197 506 3259 et
552 3198 807 3257 tantum
854 3188 1070 3273 quoad
1121 3190 1261 3275 ipsa
1311 3189 1660 3276 perdurat,·
1711 3209 1927 3278 neque
1996 3190 2174 3260 enim
2241 3194 2452 3275 Reges
2524 3188 2839 3258 subditos
2910 3207 3041 3275 pro

440 3295 629 3364 libitu
674 3313 1143 3381 supergravare
1193 3305 1506 3382 possunt:
1562 3288 1742 3366 Tales
1785 3317 1961 3385 reyes
2005 3317 2082 3366 ac
2121 3299 2461 3385 principes,
2498 3297 2587 3365 ait
2621 3296 2681 3365 d.
2722 3297 3043 3379 Thomas,

435 3402 524 3469 ad
549 3403 991 3470 restitutionem
1025 3406 1312 3471 tenentur
1335 3404 1499 3473 sicut
1530 3416 1584 3470 et
1618 3405 1930 3485 latrones;
1957 3417 2015 3473 et
2046 3416 2221 3473 tanto
2257 3404 2520 3491 pravius
2548 3415 2803 3493 peccant
2835 3422 3041 3489 quam

441 3510 731 3591 latrones,
775 3521 1004 3593 quanto
1041 3509 1454 3595 periculosius
1498 3522 1553 3578 et
1599 3513 1992 3579 communius
2060 3523 2279 3578 contra
2332 3511 2656 3598 publicam
2714 3509 3043 3597 justitiam

437 3628 655 3702 ayunt,
705 3615 882 3702 cajus
925 3614 1201 3684 custodes
1243 3628 1389 3685 sunt
1426 3616 1624 3704 positi
1658 3624 1708 3686 ⁶.

504 3896 527 3938 ¹
558 3898 714 3950 Rom.
746 3908 862 3948 xiii.
1727 3896 1754 3938 ²
1784 3899 1861 3950 De
1890 3909 1967 3949 vii
2001 3901 2279 3962 praecepto.
2763 3935 2772 3944 .

518 3963 540 4003 ⁸
575 3963 666 4025 Ep.
700 3972 844 4019 xcvi,
882 3959 1012 4031 alias
1037 3969 1168 4031 cxx.
1198 3983 1261 3997 -
1301 3960 1361 4011 ln
1395 3959 1495 4011 bac
1527 3960 1788 4013 sententia
1803 3966 1856 4013 et
1885 3964 2223 4036 mercatores,
2257 3962 2310 4012 et
2338 3960 2392 4011 in
2424 3959 2661 4024 ipsorum
2693 3959 2898 4012 defectu
2928 3961 2947 4011 i
3019 3962 3043 4013 t

439 4025 697 4083 vectoreS‚
738 4033 857 4072 cuin
894 4022 1118 4083 positive
1171 4033 1270 4073 coo
1310 4024 1524 4072 eremur
1556 4021 1623 4070 ad
1657 4021 1935 4082 damnum,
1993 4021 2097 4074 obii
2172 4025 2208 4074 ti
2260 4023 2540 4075 remanent
2582 4022 2636 4072 in
2688 4023 2867 4087 cpnsci
2901 4029 3037 4077 uta.

443 4086 570 4138 ltem
604 4086 851 4155 tenentur
881 4085 1043 4156 etiam
1072 4084 1165 4148 qui
1198 4084 1266 4134 do
1289 4094 1321 4135 o
1355 4084 1625 4154 occultant
1658 4086 1749 4136 aut
1784 4085 2033 4138 minuunt
2065 4034 2170 4144 fg,
2204 4086 2266 4137 ut
2298 4084 2520 4135 minoris
2541 4084 2787 4136 solvant:
2822 4086 2883 4135 ut
2924 4085 3047 4156 ,qui

442 4149 496 4198 in
531 4158 868 4200 successione
900 4156 1083 4195 omnia
1116 4144 1275 4205 bona,
1313 4145 1394 4196 vel
1434 4147 1638 4205 iustum
1676 4147 1915 4197 valorem
1972 4159 2081 4198 non
2128 4147 2416 4207 declarant,
2449 4147 2548 4197 etc.
2585 4147 2830 4197 Attamen
2865 4146 3038 4201 etiam

443 4208 602 4280 hujus
634 4208 907 4260 sententiae
938 4208 1168 4270 patroni,
1188 4206 1478 4278 generatim
1514 4207 1844 4270 permittunt,
1880 4212 1939 4261 ut
1969 4209 2288 4262 adventante
2320 4208 2619 4268 occasione,
2655 4220 2684 4259 e
2724 4207 2890 4259 istolae
2924 4209 3039 4270 pri-

441 4274 581 4322 vatis
614 4270 913 4321 tribuantur
943 4268 1256 4329 deferendae,
1291 4271 1388 4321 etsi
1422 4267 1539 4318 ideo
1576 4269 1705 4319 taxa
1739 4282 1771 4320 a
1806 4271 1913 4332 lege
1948 4272 2255 4335 praescripta
2284 4269 2586 4332 fraudetur;
2642 4273 2693 4321 ta
2718 4271 2761 4320 is
2796 4272 2879 4321 est
2911 4270 3039 4320 uni·

442 4332 663 4383 versalis
694 4334 852 4383 etiam
890 4332 1098 4396 piorum
1130 4343 1281 4392 usus,
1316 4332 1411 4394 qui
1440 4330 1507 4381 ad
1543 4333 1786 4383 mutuam
1818 4333 1989 4395 ipsam
2022 4335 2250 4398 pertinet
2281 4334 2560 4387 nominum
2597 4333 2734 4383 inter
2776 4342 2835 4383 ee
2870 4332 3041 4382 urba-

441 4395 681 4508 nitatleffi,
715 4396 1036 4508 coml'iltgtem,
1069 4396 1187 4509 (ᾖα,
1221 4392 1362 4446 unde
1395 4391 1447 4444 id
1477 4393 1761 4456 pronibere
1794 4394 1849 4446 in
1882 4397 2209 4448 conscientia
2242 4405 2531 4446 onerosum
2564 4395 2747 4445 nimis.

506 4517 530 4556 ὅ
562 4530 598 4577 ι,
631 4520 864 4571 Corinth.
900 4493 971 4570 ix'.
1005 4494 1070 4557 -'-
1100 4518 1296 4569 Notant
1327 4518 1504 4571 tamen
1541 4516 1625 4589 liic
1650 4516 1804 4589 valde
1839 4517 2092 4589 majorem
2126 4519 2478 4581 quantitatem
2504 4517 2705 4580 multi
2733 4513 2798 4568 ad
2824 4515 3045 4570 furtum

439 4593 620 4694 gravg,
646 4582 903 4707 ἓυὲωὸἑι]
932 4580 1054 4693 {ilii}
1087 4581 1416 4643 privatorum
1449 4579 1602 4629 iuriis
1633 4591 1700 4631 ex
1734 4579 1972 4631 dicendis
2004 4581 2143 4631 inira
2175 4591 2293 4644 cap.
2332 4582 2402 4633 De
2433 4583 2594 4644 furto.

594 4681 611 4703 .-
679 4678 1062 4703 ·····
