3292 5167
505 245 632 312 394
1525 266 1639 311 un.
1688 265 1750 310 ιι.
1799 262 2012 340 τιμοτ.
2057 265 2134 310 vt.

1567 509 1675 591 (J)
1719 511 1879 592 Pay-
1922 511 2058 574 252.

579 749 780 812 528.
826 753 1334 834 [negatorum
1378 744 1845 835 acceptatio
1867 775 1890 816 ε
1927 772 2008 818 ex
2041 755 2296 817 Urbano
2323 754 2461 818 Vttt
2484 763 2551 818 et
2574 754 2951 819 Innocentio
2982 753 3091 819 ΧΠ

504 830 705 909 legata
754 836 1057 912 perpetua
1103 835 1424 913 acceptari
1486 842 1816 914 nequeunt
1857 833 2191 898 Missarum
2237 835 2790 908 celebrandarum,
2821 853 2851 898 a
2901 851 3093 899 saecu·

505 911 750 974 laribus
808 917 948 975 sine
1000 914 1297 992 Episcopi
1342 914 1444 976 vel
1486 916 1626 993 eius
1682 912 1921 978 Vicarii
1967 914 2314 995 generalis,
2370 934 2404 979 a
2466 916 2874 994 regularibus
2940 933 3092 979 vero

501 994 645 1055 sine
677 991 1010 1057 Generalis
1064 994 1158 1056 vel
1203 994 1624 1058 Provincialis
1668 1011 1983 1058 consensu
2039 1006 2105 1060 et
2149 996 2407 1060 licentia
2461 999 2523 1058 in
2583 998 2840 1075 scriptis
2886 998 3090 1076 gratis

500 1074 932 1148 concedenda;
1009 1074 1196 1154 idque
1239 1075 1358 1138 sub
1422 1077 1647 1154 poenis.
1701 1074 1966 1139 Reditus
2016 1084 2243 1145 ,autem
2306 1078 2569 1139 omnino
2655 1078 3093 1156 respondeant

500 1155 809 1217 oneribus
871 1155 1188 1234 adjunctis
1232 1156 1583 1218 secundum
1630 1171 1871 1218 morem
1931 1158 2210 1235 cujusvis
2255 1159 2530 1220 civitatis
2573 1158 2674 1219 vel
2720 1159 3093 1237 provinciae.

582 1233 880 1306 Quamvis
935 1243 1145 1297 autem
1178 1252 1408 1298 census
1449 1236 1745 1314 (rendite-
1768 1235 2301 1318 fondiqrie,fondi
2326 1235 2644 1318 pubblici)
2681 1237 2865 1300 bonis
2898 1236 3094 1300 stabi·

502 1310 671 1376 libus
700 1324 1158 1378 accenseantur
1201 1332 1282 1377 ex
1326 1315 1434 1376 Pio
1475 1314 1548 1392 V,
1593 1325 1874 1380 attamen
1923 1319 2191 1396 pecunia
2237 1336 2354 1398 pro
2397 1334 2593 1382 onere
2642 1317 2978 1381 Missarum
3022 1320 3091 1380 in

502 1390 646 1455 illos
690 1397 976 1459 converti
1024 1412 1150 1457 non
1198 1400 1484 1474 possunt,
1529 1397 1654 1459 nist
1701 1398 1765 1460 in
1813 1415 1961 1460 casu
2003 1399 2216 1479 aliquo
2260 1398 2548 1479 speciali,
2603 1407 2673 1461 ut
2730 1401 2783 1463 si
2831 1397 3089 1461 stabilia

502 1488 630 1536 non
695 1480 1139 1555 reperiantur:
1213 1477 1293 1538 ita
1375 1476 1616 1556 pluries
1670 1475 1731 1541 S.
1774 1476 1836 1540 C.
1896 1477 1957 1540 C.
2016 1514 2093 1524 —
2152 1477 2207 1540 V.
2256 1478 2517 1556 Lucidi,
2579 1478 2663 1541 De
2719 1478 3089 1542 Visitatione

506 1550 968 1632 Ss.Liminum,
1013 1556 1133 1629 vol,
1178 1574 1248 1632 11,
1285 1573 1421 1637 pag.
1466 1557 1603 1619 414.

584 1637 780 1699 574.
851 1638 962 1698 Le
1024 1640 1359 1697 aton-nm
1421 1634 2210 1718 adimple-mentuunt
2280 1639 2345 1700 in
2409 1638 2697 1701 Concilio
2763 1637 3095 1719 Carthagi-

499 1720 710 1784 niensi
745 1719 852 1797 qui
889 1717 951 1779 di
1007 1726 1200 1779 eruut
1243 1716 1511 1796 implere
1559 1718 1763 1794 legata
1813 1720 1911 1796 pia
1958 1725 2275 1783 necatores
2306 1720 2617 1801 eqentium
2648 1719 3085 1799 appellantur:

498 1801 661 1864 adde
705 1799 1163 1861 detrimentum
1209 1814 1335 1859 non
1383 1798 1542 1874 leve,
1585 1797 1754 1877 quod
1799 1800 2018 1859 evenit
2062 1797 2386 1875 defuncto,
2420 1816 2546 1861 non
2576 1801 2839 1879 quidem
2887 1816 3086 1879 quan·

503 1889 636 1944 tum
677 1882 750 1942 ad
795 1881 1090 1940 meritum
1136 1877 1583 1957 eleemosynae,
1625 1879 1773 1957 quia
1823 1880 2120 1941 meritum
2170 1880 2616 1958 principaliter
2662 1898 2695 1943 a
2743 1881 3093 1957 voluntate

500 1973 564 2024 et
610 1959 969 2024 intentione
1013 1957 1368 2037 dependet3
1410 1958 1522 2020 sed
1567 1969 1878 2037 quantum
1923 1958 2002 2019 ad
2050 1958 2227 2022 illius
2297 1961 2639 2035 effectum3
2706 1976 2833 2022 non
2902 1961 3088 2042 quasi

502 2039 621 2183 {ait
664 2038 1042 2119 Angelicus3
1088 2036 1305 2113 Quodl.
1343 2038 1402 2113 6,
1450 2055 1505 2118 q.
1549 2038 1607 2113 8,
1648 2055 1710 2100 a.
1760 2038 1861 2116 13)
1908 2055 2019 2116 pro
2064 2037 2171 2100 illa
2241 2040 2543 2103 tarditate
2612 2043 2917 2118 puniatur
2988 2041 3094 2105 de·

535 2130 780 2196 unctuS,
822 2119 930 2181 sed
978 2117 1124 2197 quia
1167 2120 1225 2180 ei
1273 2120 1626 2181 remedium
1701 2134 1826 2180 non
1891 2118 2236 2183 adhibetur
2267 2167 2284 2190 ,
2351 2120 2502 2183 dum
2550 2122 2852 2199 suffragia
2900 2120 3089 2185 diffe-

505 2210 736 2266 runtur
779 2199 949 2277 (cum
996 2202 1132 2261 baec
1179 2215 1305 2261 non
1352 2199 1508 2260 fiant
1555 2203 1677 2261 nisi
1725 2198 1870 2260 data
1915 2198 2373 2281 eleemosyna),
2421 2218 2502 2264 ex
2531 2203 2763 2280 quibus
2812 2200 2926 2263 ille
2960 2203 3093 2282 plu·

504 2284 736 2360 rimum
778 2281 1132 2359 juvaretur.
1178 2278 1496 2348 Camere,
1547 2278 1631 2340 De
1674 2278 1967 2361 lustitia,
2013 2296 2072 2342 n.
2119 2281 2294 2345 1031.

580 2362 717 2425 Non
781 2370 879 2425 est
936 2361 1038 2421 bic
1082 2358 1432 2422 omittenda
1483 2357 1585 2420 lex
1627 2358 1866 2439 Synodi
1912 2358 2316 2424 Novariensis
2368 2368 2576 2440 (pagg.
2621 2360 2740 2423 327
2783 2370 2848 2424 et
2909 2361 3085 2440 330),

502 2460 623 2523 qua
672 2441 1073 2521 praecipitur:
1120 2441 1182 2519 1)
1236 2440 1316 2503 ad
1362 2440 1564 2518 legata
1614 2443 1714 2518 pia
1760 2439 1948 2502 alicui
1997 2440 2297 2505 Ecclesiae
2364 2441 2586 2504 relicta
2654 2442 3087 2505 assecuranda

503 2540 633 2587 non
678 2525 890 2585 omnia
937 2521 1312 2584 indistincte
1360 2520 1558 2598 ipsius
1602 2518 1903 2582 Ecclesiae
1934 2519 2100 2603 bona
2151 2538 2289 2586 esse
2315 2521 2835 2602 oppignoranda;
2877 2521 2944 2597 2)
2975 2525 3089 2601 qui

501 2621 576 2668 ea
642 2601 1074 2665 distribuendi
1139 2617 1300 2663 onus
1335 2599 1596 2673 habent,
1641 2616 1766 2662 non
1814 2599 2049 2663 debere
2093 2617 2190 2677 ea,
2234 2603 2357 2664 nisi
2388 2619 2471 2663 -tn
2516 2601 2811 2680 singulos
2879 2618 3093 2664 annos

506 2685 874 2764 assignare,
940 2690 1007 2743 ut
1069 2697 1289 2742 eorum
1354 2680 1692 2759 dispositio
1758 2678 2283 2745 libera·maneat
2345 2683 2440 2762 (et
2510 2685 2771 2744 nonnisi
2831 2683 2907 2744 in
2980 2683 3091 2745 da·

502 2780 797 2826 mnarum
830 2762 1102 2824 aliorum
1135 2760 1576 2840 praejudicium
1609 2760 1800 2822 aliter
1843 2764 2157 2841 agerent),
2199 2771 2263 2825 et
2305 2765 2768 2841 congruentius
2813 2778 2978 2839 esse,
3025 2770 3096 2826 ut

502 2860 646 2908 cam
690 2844 970 2906 Parecbo
1018 2858 1151 2903 rem
1211 2843 1527 2917 habeant,
1590 2843 1691 2904 cui
1760 2850 1964 2904 status
2029 2859 2448 2921 personarum
2515 2840 2772 2905 facilius
2840 2845 3100 2907 innote-

502 2927 662 3000 scit;
725 2926 791 3002 3)
868 2939 940 2985 ea
985 2921 1292 2984 solvenda
1338 2922 1568 2996 citius,
1630 2932 1696 2983 et
1740 2923 1843 3001 qui
1894 2921 2060 2985 ultra
2109 2939 2349 2986 annum
2402 2922 2622 2985 dolose
2693 2926 3096 3002 protraxerit

503 3004 752 3067 solvere
799 3003 899 3081 pia
947 3002 1175 3080 legata,
1228 3002 1502 3065 incurrit
1545 3005 2073 3077 reservationem,
2117 3019 2391 3084 eumque
2436 3003 2759 3066 Parocltus
2828 3012 3093 3068 tenetur

503 3084 812 3165 Episcopo
856 3083 1263 3145 denuntiare.
1310 3082 1469 3145 Hinc
1515 3085 1744 3147 merito
1790 3083 1868 3145 ab
1912 3082 2194 3147 Ecclesia
2241 3084 2621 3163 Legatorum
2679 3084 3094 3148 Promotores

504 3176 653 3228 sunt
693 3164 1050 3231 constituti,
1093 3178 1365 3242 quorum
1409 3170 1506 3224 est
1550 3161 1915 3241 invigilare,
1962 3180 2115 3227 num
2182 3166 2303 3226 rite
2351 3164 2765 3242 impleantur,
2838 3181 2913 3227 ac
2974 3183 3095 3229 suo
3138 3234 3145 3239 ,

508 3257 790 3324 tempore
837 3239 1082 3323 piorum
1130 3243 1511 3307 voluntates.
1552 3277 1632 3289 —
1691 3242 1747 3303 V.
1792 3243 2122 3318 Ferraris3
2167 3243 2235 3306 V.
2285 3242 2631 3325 Suffraqia.

584 3325 779 3385 575.
825 3326 1336 3404 Legatorum
1390 3321 1933 3384 commutatio
1990 3344 2146 3404 pen·
2201 3323 2750 3407 Episcopatus
2797 3340 2880 3387 an
2948 3339 3097 3389 cum

504 3420 692 3467 causa
738 3408 984 3482 possint
1028 3406 1222 3466 etiam
1267 3404 1562 3482 Episcopi
1607 3412 2001 3466 commutare
2049 3406 2184 3483 pias
2228 3405 2708 3485 dispositiones,
2747 3404 2976 3468 saltem
3028 3408 3093 3469 in

505 3484 756 3560 melius,
778 3482 1327 3558 affirmantCroix,
1354 3483 1564 3545 Alasia
1608 3483 1870 3563 aliique;
1894 3483 2346 3548 'tridentinum
2373 3487 2548 3547 enim
2573 3484 2893 3564 (sessione
2930 3502 3095 3563 κιαι,

504 3581 639 3643 cap.
680 3566 719 3628 6
760 3565 832 3627 de
876 3563 1376 3643 Refer-mationa)
1422 3562 1484 3625 id
1551 3563 1706 3640 ipsis
1751 3564 2077 3643 concedit,
2121 3567 2174 3628 si
2223 3582 2452 3646 nempe
2524 3574 2719 3645 agant
2783 3573 3095 3646 tanquam

504 3643 689 3707 Sedis
743 3643 1108 3724 apostolicae
1179 3642 1498 3722 delegati:
1562 3660 1756 3706 unam
1821 3645 1959 3707 exci
2012 3648 2154 3708 iunt
2218 3646 2664 3708 reductionem
2726 3645 3097 3724 Missarum,

505 3743 647 3806 quae
694 3728 811 3804 ipsi
861 3724 1154 3786 Pontifici
1211 3731 1536 3787 reservata
1581 3733 1683 3785 est
1715 3725 1897 3802 jussu
2001 3725 2186 3787 rbani
2231 3725 2388 3788 VIII.
2435 3725 2672 3792 Verum
2716 3727 2871 3806 (nisi
2919 3743 2949 3788 a
3003 3735 3094 3789 te·

505 3816 745 3870 statere
790 3807 871 3868 sit
916 3804 1045 3866 illis
1091 3804 1253 3867 facta
1299 3804 1619 3883 facultas),
1667 3804 2065 3883 probabilius
2110 3815 2351 3886 negant
2392 3805 2983 3889 Layman,0M01ina
3029 3813 3097 3870 et

504 3886 830 3951 Sancbez:
875 3887 1058 3958 rati0,
1102 3886 1248 3964 quia
1293 3901 1374 3946 ex
1416 3883 1801 3947 Tridentino
1848 3886 1910 3948 id
1971 3903 2171 3949 unum
2244 3888 2548 3950 tribuitur
2626 3886 2980 3968 EpiscopiS,
3026 3894 3097 3951 ut

505 3968 760 4047 quando
824 3967 1351 4028 commutationes
1395 3980 1427 4026 a
1473 3962 1637 4027 Sede
1686 3964 1967 4029 Romana
2025 3969 2118 4029 eis
2182 3970 2716 4043 committuntur,
2796 3970 2917 4048 ipsi
2985 3984 3096 4032 eas

506 4059 656 4111 ante
700 4048 1145 4110 executionem
1209 4048 1624 4119 examinent,
1687 4061 1770 4107 an
1835 4047 1920 4109 sit
1984 4062 2206 4110 verum
2271 4052 2655 4128 expositum.
2733 4047 3095 4111 Concilium

506 4131 677 4193 enim
725 4129 930 4207 capite
976 4126 1381 4189 antecedenti
1428 4124 1507 4188 de
1547 4127 1668 4187 boc
1713 4134 1960 4189 tantum
2026 4124 2237 4189 fuerat
2305 4127 2629 4191 locutum:
2688 4128 2861 4191 unde
2929 4127 3093 4192 illud

506 4220 694 4288 caput
738 4208 976 4271 trustra
1020 4207 1099 4269 ab
1143 4206 1532 4287 adversariis
1574 4208 1966 4285 opponitur;
2009 4205 2202 4287 idque
2244 4207 2578 4272 conforme
2634 4218 2732 4274 est
2796 4206 3091 4272 Clemen-

512 4290 661 4350 tinae
709 4288 871 4362 Quia
912 4288 1242 4367 continyit.

587 4367 751 4430 Sunt
795 4377 1005 4430 tamen
1050 4383 1259 4430 causae
1300 4364 1553 4444 aliquae,
1597 4365 1677 4426 ob
1721 4381 1879 4444 quas
1921 4366 2105 4429 valde
2144 4366 2559 4444 probabiliter
2588 4367 2877 4431 creditur
2907 4369 3091 4510 quasi

510 4464 625 4526 per
669 4448 1022 4528 epicbejam
1070 4461 1369 4510 concessa
1414 4446 1743 4525 Episcopis
1787 4447 2223 4509 commutandi
2270 4445 2555 4510 facultas.
2619 4447 2846 4511 Esset:
2956 4448 2981 4529 )
3043 4449 3094 4510 si

499 4531 778 4607 pecunia
825 4529 902 4590 ad
948 4529 1227 4608 aliquem
1271 4542 1454 4590 usum
1501 4525 1709 4605 legata
1756 4542 1885 4587 non
1930 4527 2201 4590 sufficiat
2228 4545 2246 4600 ;
2305 4527 2373 4605 2)
2436 4534 2488 4590 si
2538 4544 2640 4590 res
2704 4529 2914 4607 legata
2982 4545 3091 4592 ne·

509 4615 704 4688 queat
750 4607 1081 4671 deservire
1125 4625 1236 4687 pro
1280 4623 1399 4670 usu
1440 4605 1912 4681 determinato;
1956 4606 2025 4686 3)
2072 4607 2126 4669 si
2171 4605 2453 4692 legatum
2497 4624 2626 4671 non
2673 4610 2756 4672 sit
2791 4608 2866 4671 ad
2909 4623 3097 4673 usum

407 4761 411 4765 .
510 4690 598 4751 ita
670 4689 1146 4765 necessarium,
1213 4696 1363 4767 puta
1432 4686 1484 4748 si
1550 4687 1635 4748 sit
1678 4685 1970 4751 relictum
2021 4702 2135 4767 pro
2181 4689 2347 4751 vasis
2390 4688 2592 4751 sacris
2644 4680 3115 4767 conficiendis,
