<?xml version="1.0" encoding="UTF-8"?>
<!DOCTYPE html PUBLIC "-//W3C//DTD XHTML 1.0 Transitional//EN"
    "http://www.w3.org/TR/xhtml1/DTD/xhtml1-transitional.dtd">
<html xmlns="http://www.w3.org/1999/xhtml" xml:lang="en" lang="en">
 <head>
  <title>
</title>
<meta http-equiv="Content-Type" content="text/html;charset=utf-8" />
  <meta name='ocr-system' content='tesseract 3.04.00' />
  <meta name='ocr-capabilities' content='ocr_page ocr_carea ocr_par ocr_line ocrx_word'/>
</head>
<body>
  <div class='ocr_page' id='page_1' title='image "./theologiamorali04scavgoog_0235.png"; bbox 0 0 3292 5167; ppageno 0'>
   <div class='ocr_carea' id='block_1_1' title="bbox 585 227 2662 305">
    <p class='ocr_par' dir='ltr' id='par_1_1' title="bbox 585 227 2662 305">
     <span class='ocr_line' id='line_1_1' title="bbox 585 227 2662 305; baseline 0.002 -17"><span class='ocrx_word' id='word_1_1' title='bbox 585 242 662 289; x_wconf 73' lang='lat' dir='ltr'>na</span> <span class='ocrx_word' id='word_1_2' title='bbox 708 242 1143 305; x_wconf 62' lang='lat' dir='ltr'>occupartoun,</span> <span class='ocrx_word' id='word_1_3' title='bbox 1191 241 1552 289; x_wconf 60' lang='lat' dir='ltr'>accessione</span> <span class='ocrx_word' id='word_1_4' title='bbox 1599 243 1679 288; x_wconf 78' lang='lat' dir='ltr'>m·</span> <span class='ocrx_word' id='word_1_5' title='bbox 1725 243 2089 290; x_wconf 64' lang='lat' dir='ltr'>‘raam-riona</span> <span class='ocrx_word' id='word_1_6' title='bbox 2531 227 2662 298; x_wconf 76' lang='lat'>225</span> 
     </span>
    </p>
   </div>
   <div class='ocr_carea' id='block_1_2' title="bbox 111 344 2702 3772">
    <p class='ocr_par' dir='ltr' id='par_1_2' title="bbox 176 344 2319 433">
     <span class='ocr_line' id='line_1_2' title="bbox 176 344 2319 433; baseline -0.002 -14"><span class='ocrx_word' id='word_1_7' title='bbox 176 353 240 419; x_wconf 84' lang='lat' dir='ltr'>R.</span> <span class='ocrx_word' id='word_1_8' title='bbox 275 350 397 415; x_wconf 88' lang='lat' dir='ltr'>Hac</span> <span class='ocrx_word' id='word_1_9' title='bbox 442 345 523 415; x_wconf 91' lang='lat' dir='ltr'>de</span> <span class='ocrx_word' id='word_1_10' title='bbox 573 363 644 414; x_wconf 87' lang='lat' dir='ltr'>re</span> <span class='ocrx_word' id='word_1_11' title='bbox 692 353 830 415; x_wconf 78' lang='lat' dir='ltr'>tres</span> <span class='ocrx_word' id='word_1_12' title='bbox 877 346 1206 414; x_wconf 85' lang='lat' dir='ltr'>factorum</span> <span class='ocrx_word' id='word_1_13' title='bbox 1255 344 1513 432; x_wconf 84' lang='lat' dir='ltr'>species</span> <span class='ocrx_word' id='word_1_14' title='bbox 1564 346 1853 432; x_wconf 90' lang='lat' dir='ltr'>supponi</span> <span class='ocrx_word' id='word_1_15' title='bbox 1909 353 2198 433; x_wconf 84' lang='lat' dir='ltr'><strong>possunt</strong></span> <span class='ocrx_word' id='word_1_16' title='bbox 2249 350 2319 414; x_wconf 80' lang='lat'>¹:</span> 
     </span>
    </p>

    <p class='ocr_par' dir='ltr' id='par_1_3' title="bbox 120 451 2661 1078">
     <span class='ocr_line' id='line_1_3' title="bbox 250 451 2647 542; baseline 0.002 -20"><span class='ocrx_word' id='word_1_17' title='bbox 250 458 299 523; x_wconf 86' lang='lat' dir='ltr'>l.</span> <span class='ocrx_word' id='word_1_18' title='bbox 345 452 530 535; x_wconf 88' lang='lat' dir='ltr'>Quod</span> <span class='ocrx_word' id='word_1_19' title='bbox 579 452 891 522; x_wconf 89' lang='lat' dir='ltr'>dominus</span> <span class='ocrx_word' id='word_1_20' title='bbox 939 453 1193 539; x_wconf 90' lang='lat' dir='ltr'>plantet</span> <span class='ocrx_word' id='word_1_21' title='bbox 1217 451 1316 522; x_wconf 93' lang='lat' dir='ltr'>vel</span> <span class='ocrx_word' id='word_1_22' title='bbox 1366 452 1651 521; x_wconf 71' lang='lat' dir='ltr'>aedificet</span> <span class='ocrx_word' id='word_1_23' title='bbox 1692 452 1754 521; x_wconf 88' lang='lat' dir='ltr'>in</span> <span class='ocrx_word' id='word_1_24' title='bbox 1805 452 2008 522; x_wconf 83' lang='lat' dir='ltr'>fundo</span> <span class='ocrx_word' id='word_1_25' title='bbox 2045 454 2314 540; x_wconf 88' lang='lat' dir='ltr'>quidem</span> <span class='ocrx_word' id='word_1_26' title='bbox 2350 456 2647 542; x_wconf 91' lang='lat' dir='ltr'>proprio,</span> 
     </span>
     <span class='ocr_line' id='line_1_4' title="bbox 120 559 2660 648; baseline 0 -16"><span class='ocrx_word' id='word_1_27' title='bbox 120 562 211 632; x_wconf 82' lang='lat' dir='ltr'>sed</span> <span class='ocrx_word' id='word_1_28' title='bbox 244 560 494 629; x_wconf 87' lang='lat' dir='ltr'>materia</span> <span class='ocrx_word' id='word_1_29' title='bbox 542 560 790 630; x_wconf 87' lang='lat' dir='ltr'>aliena:</span> <span class='ocrx_word' id='word_1_30' title='bbox 846 567 911 628; x_wconf 91' lang='lat' dir='ltr'>et</span> <span class='ocrx_word' id='word_1_31' title='bbox 958 567 1120 629; x_wconf 91' lang='lat' dir='ltr'>tunc</span> <span class='ocrx_word' id='word_1_32' title='bbox 1168 559 1383 629; x_wconf 90' lang='lat' dir='ltr'>evadit</span> <span class='ocrx_word' id='word_1_33' title='bbox 1430 559 1743 628; x_wconf 90' lang='lat' dir='ltr'>dominus</span> <span class='ocrx_word' id='word_1_34' title='bbox 1793 561 2221 647; x_wconf 80' lang='lat' dir='ltr'>plantationis</span> <span class='ocrx_word' id='word_1_35' title='bbox 2269 569 2335 630; x_wconf 93' lang='lat' dir='ltr'>et</span> <span class='ocrx_word' id='word_1_36' title='bbox 2373 563 2660 648; x_wconf 77' lang='lat' dir='ltr'>aedificii,</span> 
     </span>
     <span class='ocr_line' id='line_1_5' title="bbox 127 667 2654 756; baseline 0 -15"><span class='ocrx_word' id='word_1_37' title='bbox 127 671 214 741; x_wconf 83' lang='lat' dir='ltr'>sed</span> <span class='ocrx_word' id='word_1_38' title='bbox 246 676 486 737; x_wconf 86' lang='lat' dir='ltr'>tenetur</span> <span class='ocrx_word' id='word_1_39' title='bbox 534 667 795 738; x_wconf 90' lang='lat' dir='ltr'>solvere</span> <span class='ocrx_word' id='word_1_40' title='bbox 843 667 1141 737; x_wconf 76' lang='lat' dir='ltr'>materiae</span> <span class='ocrx_word' id='word_1_41' title='bbox 1192 668 1501 751; x_wconf 87' lang='lat' dir='ltr'>valorem,</span> <span class='ocrx_word' id='word_1_42' title='bbox 1557 675 1622 737; x_wconf 90' lang='lat' dir='ltr'>et</span> <span class='ocrx_word' id='word_1_43' title='bbox 1657 675 1879 755; x_wconf 90' lang='lat' dir='ltr'>potest</span> <span class='ocrx_word' id='word_1_44' title='bbox 1930 669 2129 738; x_wconf 89' lang='lat' dir='ltr'>etiam</span> <span class='ocrx_word' id='word_1_45' title='bbox 2170 670 2315 756; x_wconf 84' lang='lat' dir='ltr'>cogi</span> <span class='ocrx_word' id='word_1_46' title='bbox 2353 671 2433 738; x_wconf 93' lang='lat' dir='ltr'>ad</span> <span class='ocrx_word' id='word_1_47' title='bbox 2474 690 2654 741; x_wconf 91' lang='lat' dir='ltr'>com-</span> 
     </span>
     <span class='ocr_line' id='line_1_6' title="bbox 126 775 2661 865; baseline 0 -19"><span class='ocrx_word' id='word_1_48' title='bbox 126 777 508 865; x_wconf 78' lang='lat' dir='ltr'>pensationem</span> <span class='ocrx_word' id='word_1_49' title='bbox 559 775 779 845; x_wconf 88' lang='lat' dir='ltr'>damni</span> <span class='ocrx_word' id='word_1_50' title='bbox 832 783 896 845; x_wconf 91' lang='lat' dir='ltr'>et</span> <span class='ocrx_word' id='word_1_51' title='bbox 950 793 1344 844; x_wconf 86' lang='lat' dir='ltr'>usurarum:</span> <span class='ocrx_word' id='word_1_52' title='bbox 1395 778 1528 844; x_wconf 90' lang='lat' dir='ltr'>imo</span> <span class='ocrx_word' id='word_1_53' title='bbox 1581 777 2063 861; x_wconf 88' lang='lat' dir='ltr'>proprietarius</span> <span class='ocrx_word' id='word_1_54' title='bbox 2112 778 2408 854; x_wconf 79' lang='lat' dir='ltr'>materiae</span> <span class='ocrx_word' id='word_1_55' title='bbox 2460 779 2661 849; x_wconf 86' lang='lat' dir='ltr'>habet</span> 
     </span>
     <span class='ocr_line' id='line_1_7' title="bbox 120 883 2661 974; baseline 0.001 -20"><span class='ocrx_word' id='word_1_56' title='bbox 120 885 285 971; x_wconf 78' lang='lat' dir='ltr'>Jusad</span> <span class='ocrx_word' id='word_1_57' title='bbox 324 884 498 952; x_wconf 86' lang='lat' dir='ltr'>illam</span> <span class='ocrx_word' id='word_1_58' title='bbox 546 884 677 952; x_wconf 90' lang='lat' dir='ltr'>sibi</span> <span class='ocrx_word' id='word_1_59' title='bbox 728 883 1224 964; x_wconf 75' lang='lat' dir='ltr'><strong>resumendam,</strong></span> <span class='ocrx_word' id='word_1_60' title='bbox 1276 884 1328 951; x_wconf 92' lang='lat' dir='ltr'>si</span> <span class='ocrx_word' id='word_1_61' title='bbox 1386 883 1450 951; x_wconf 91' lang='lat' dir='ltr'>id</span> <span class='ocrx_word' id='word_1_62' title='bbox 1498 884 1716 965; x_wconf 81' lang='lat' dir='ltr'>facere</span> <span class='ocrx_word' id='word_1_63' title='bbox 1751 885 1985 971; x_wconf 83' lang='lat' dir='ltr'>possit,</span> <span class='ocrx_word' id='word_1_64' title='bbox 2026 885 2188 971; x_wconf 86' lang='lat' dir='ltr'>quin</span> <span class='ocrx_word' id='word_1_65' title='bbox 2229 904 2398 974; x_wconf 90' lang='lat' dir='ltr'>opus</span> <span class='ocrx_word' id='word_1_66' title='bbox 2423 887 2661 957; x_wconf 83' lang='lat' dir='ltr'>confe-</span> 
     </span>
     <span class='ocr_line' id='line_1_8' title="bbox 125 991 2510 1078; baseline 0.003 -18"><span class='ocrx_word' id='word_1_67' title='bbox 125 1001 253 1060; x_wconf 86' lang='lat' dir='ltr'>ctum</span> <span class='ocrx_word' id='word_1_68' title='bbox 292 992 694 1075; x_wconf 81' lang='lat' dir='ltr'>destruatur,</span> <span class='ocrx_word' id='word_1_69' title='bbox 743 991 842 1060; x_wconf 91' lang='lat' dir='ltr'>vel</span> <span class='ocrx_word' id='word_1_70' title='bbox 891 992 1060 1061; x_wconf 84' lang='lat' dir='ltr'>facta</span> <span class='ocrx_word' id='word_1_71' title='bbox 1110 991 1432 1078; x_wconf 88' lang='lat' dir='ltr'>plantatio</span> <span class='ocrx_word' id='word_1_72' title='bbox 1482 991 1820 1078; x_wconf 82' lang='lat' dir='ltr'>depereat.</span> <span class='ocrx_word' id='word_1_73' title='bbox 2499 1058 2510 1066; x_wconf 93' lang='lat'>.</span> 
     </span>
    </p>

    <p class='ocr_par' dir='ltr' id='par_1_4' title="bbox 111 1098 2702 2477">
     <span class='ocr_line' id='line_1_9' title="bbox 250 1098 2661 1185; baseline 0.001 -19"><span class='ocrx_word' id='word_1_74' title='bbox 250 1102 300 1166; x_wconf 78' lang='lat'>2.</span> <span class='ocrx_word' id='word_1_75' title='bbox 346 1098 535 1181; x_wconf 88' lang='lat' dir='ltr'>Quod</span> <span class='ocrx_word' id='word_1_76' title='bbox 584 1107 937 1167; x_wconf 82' lang='lat' dir='ltr'>extraneus</span> <span class='ocrx_word' id='word_1_77' title='bbox 989 1098 1241 1185; x_wconf 84' lang='lat' dir='ltr'>plantet</span> <span class='ocrx_word' id='word_1_78' title='bbox 1290 1098 1389 1167; x_wconf 92' lang='lat' dir='ltr'>vel</span> <span class='ocrx_word' id='word_1_79' title='bbox 1467 1099 1753 1168; x_wconf 84' lang='lat' dir='ltr'>aedificet</span> <span class='ocrx_word' id='word_1_80' title='bbox 1816 1099 1879 1167; x_wconf 92' lang='lat' dir='ltr'>in</span> <span class='ocrx_word' id='word_1_81' title='bbox 1953 1099 2156 1169; x_wconf 87' lang='lat' dir='ltr'>fundo</span> <span class='ocrx_word' id='word_1_82' title='bbox 2229 1100 2491 1184; x_wconf 90' lang='lat' dir='ltr'>alien0,</span> <span class='ocrx_word' id='word_1_83' title='bbox 2543 1100 2661 1168; x_wconf 92' lang='lat' dir='ltr'>sed</span> 
     </span>
     <span class='ocr_line' id='line_1_10' title="bbox 125 1205 2655 1294; baseline -0.001 -17"><span class='ocrx_word' id='word_1_84' title='bbox 125 1206 335 1277; x_wconf 83' lang='lat' dir='ltr'>materia</span> <span class='ocrx_word' id='word_1_85' title='bbox 382 1208 689 1292; x_wconf 90' lang='lat' dir='ltr'>propria:</span> <span class='ocrx_word' id='word_1_86' title='bbox 739 1214 805 1275; x_wconf 90' lang='lat' dir='ltr'>et</span> <span class='ocrx_word' id='word_1_87' title='bbox 853 1215 1012 1275; x_wconf 90' lang='lat' dir='ltr'>tunc</span> <span class='ocrx_word' id='word_1_88' title='bbox 1058 1207 1113 1275; x_wconf 92' lang='lat' dir='ltr'>si</span> <span class='ocrx_word' id='word_1_89' title='bbox 1164 1206 1232 1274; x_wconf 93' lang='lat' dir='ltr'>id</span> <span class='ocrx_word' id='word_1_90' title='bbox 1280 1205 1412 1291; x_wconf 89' lang='lat' dir='ltr'>egit</span> <span class='ocrx_word' id='word_1_91' title='bbox 1460 1207 1636 1273; x_wconf 83' lang='lat' dir='ltr'>mala</span> <span class='ocrx_word' id='word_1_92' title='bbox 1679 1206 1816 1294; x_wconf 82' lang='lat' dir='ltr'>fide,</span> <span class='ocrx_word' id='word_1_93' title='bbox 1866 1205 2177 1275; x_wconf 89' lang='lat' dir='ltr'>dominus</span> <span class='ocrx_word' id='word_1_94' title='bbox 2226 1207 2408 1275; x_wconf 87' lang='lat' dir='ltr'>fundi</span> <span class='ocrx_word' id='word_1_95' title='bbox 2457 1209 2655 1276; x_wconf 84' lang='lat' dir='ltr'>habet</span> 
     </span>
     <span class='ocr_line' id='line_1_11' title="bbox 117 1313 2702 1416; baseline -0.001 -32"><span class='ocrx_word' id='word_1_96' title='bbox 117 1318 195 1401; x_wconf 82' lang='lat' dir='ltr'>J‘us</span> <span class='ocrx_word' id='word_1_97' title='bbox 230 1313 316 1383; x_wconf 83' lang='lat' dir='ltr'>vel</span> <span class='ocrx_word' id='word_1_98' title='bbox 362 1313 487 1382; x_wconf 89' lang='lat' dir='ltr'>sibi</span> <span class='ocrx_word' id='word_1_99' title='bbox 539 1313 866 1383; x_wconf 89' lang='lat' dir='ltr'>retinendi</span> <span class='ocrx_word' id='word_1_100' title='bbox 912 1314 1007 1383; x_wconf 89' lang='lat' dir='ltr'>uti</span> <span class='ocrx_word' id='word_1_101' title='bbox 1058 1314 1327 1401; x_wconf 87' lang='lat' dir='ltr'>propria</span> <span class='ocrx_word' id='word_1_102' title='bbox 1375 1314 1501 1392; x_wconf 66' lang='lat' dir='ltr'>illa,</span> <span class='ocrx_word' id='word_1_103' title='bbox 1536 1332 1737 1400; x_wconf 91' lang='lat' dir='ltr'>opera</span> <span class='ocrx_word' id='word_1_104' title='bbox 1788 1315 1854 1382; x_wconf 89' lang='lat' dir='ltr'>in</span> <span class='ocrx_word' id='word_1_105' title='bbox 1925 1314 2130 1383; x_wconf 88' lang='lat' dir='ltr'>fundo</span> <span class='ocrx_word' id='word_1_106' title='bbox 2180 1334 2303 1384; x_wconf 90' lang='lat' dir='ltr'>suo</span> <span class='ocrx_word' id='word_1_107' title='bbox 2373 1323 2702 1416; x_wconf 65' lang='lat' dir='ltr'>peracta,</span> 
     </span>
     <span class='ocr_line' id='line_1_12' title="bbox 120 1421 2656 1508; baseline 0.001 -21"><span class='ocrx_word' id='word_1_108' title='bbox 120 1422 188 1490; x_wconf 80' lang='lat' dir='ltr'>vel</span> <span class='ocrx_word' id='word_1_109' title='bbox 222 1421 508 1508; x_wconf 82' lang='lat' dir='ltr'>exigendi</span> <span class='ocrx_word' id='word_1_110' title='bbox 558 1429 635 1489; x_wconf 89' lang='lat' dir='ltr'>ut</span> <span class='ocrx_word' id='word_1_111' title='bbox 682 1440 717 1491; x_wconf 93' lang='lat' dir='ltr'>e</span> <span class='ocrx_word' id='word_1_112' title='bbox 766 1421 971 1490; x_wconf 82' lang='lat' dir='ltr'>fundo</span> <span class='ocrx_word' id='word_1_113' title='bbox 1021 1422 1288 1507; x_wconf 89' lang='lat' dir='ltr'>penitus</span> <span class='ocrx_word' id='word_1_114' title='bbox 1338 1421 1725 1490; x_wconf 83' lang='lat' dir='ltr'>evellantur.</span> <span class='ocrx_word' id='word_1_115' title='bbox 1779 1422 1845 1490; x_wconf 93' lang='lat' dir='ltr'>Si</span> <span class='ocrx_word' id='word_1_116' title='bbox 1923 1421 2060 1489; x_wconf 89' lang='lat' dir='ltr'>vult</span> <span class='ocrx_word' id='word_1_117' title='bbox 2131 1422 2464 1492; x_wconf 89' lang='lat' dir='ltr'>vindicare</span> <span class='ocrx_word' id='word_1_118' title='bbox 2531 1424 2656 1492; x_wconf 87' lang='lat' dir='ltr'>sibi</span> 
     </span>
     <span class='ocr_line' id='line_1_13' title="bbox 116 1527 2660 1622; baseline 0 -24"><span class='ocrx_word' id='word_1_119' title='bbox 116 1547 269 1617; x_wconf 84' lang='lat' dir='ltr'>opera</span> <span class='ocrx_word' id='word_1_120' title='bbox 308 1531 464 1615; x_wconf 87' lang='lat' dir='ltr'>ipsa,</span> <span class='ocrx_word' id='word_1_121' title='bbox 518 1528 899 1616; x_wconf 86' lang='lat' dir='ltr'>persolvere</span> <span class='ocrx_word' id='word_1_122' title='bbox 949 1529 1147 1598; x_wconf 88' lang='lat' dir='ltr'>debet</span> <span class='ocrx_word' id='word_1_123' title='bbox 1196 1527 1295 1597; x_wconf 86' lang='lat' dir='ltr'>vel</span> <span class='ocrx_word' id='word_1_124' title='bbox 1344 1529 1688 1622; x_wconf 86' lang='lat' dir='ltr'>materiam</span> <span class='ocrx_word' id='word_1_125' title='bbox 1747 1535 1811 1597; x_wconf 90' lang='lat' dir='ltr'>et</span> <span class='ocrx_word' id='word_1_126' title='bbox 1893 1547 2224 1615; x_wconf 84' lang='lat' dir='ltr'>expensas</span> <span class='ocrx_word' id='word_1_127' title='bbox 2293 1530 2458 1613; x_wconf 81' lang='lat' dir='ltr'>illaS,</span> <span class='ocrx_word' id='word_1_128' title='bbox 2511 1547 2660 1616; x_wconf 84' lang='lat' dir='ltr'>quae</span> 
     </span>
     <span class='ocr_line' id='line_1_14' title="bbox 118 1635 2660 1726; baseline 0.002 -25"><span class='ocrx_word' id='word_1_129' title='bbox 118 1638 264 1724; x_wconf 84' lang='lat' dir='ltr'>vulgo</span> <span class='ocrx_word' id='word_1_130' title='bbox 306 1637 622 1707; x_wconf 89' lang='lat' dir='ltr'>dicuntur</span> <span class='ocrx_word' id='word_1_131' title='bbox 671 1638 735 1704; x_wconf 80' lang='lat' dir='ltr'>la</span> <span class='ocrx_word' id='word_1_132' title='bbox 779 1658 968 1705; x_wconf 83' lang='lat' dir='ltr'>mano</span> <span class='ocrx_word' id='word_1_133' title='bbox 1015 1638 1307 1725; x_wconf 81' lang='lat' dir='ltr'>d’opera;</span> <span class='ocrx_word' id='word_1_134' title='bbox 1352 1637 1452 1706; x_wconf 89' lang='lat' dir='ltr'>vel</span> <span class='ocrx_word' id='word_1_135' title='bbox 1502 1636 1794 1705; x_wconf 88' lang='lat' dir='ltr'>valorem</span> <span class='ocrx_word' id='word_1_136' title='bbox 1843 1635 2044 1723; x_wconf 87' lang='lat' dir='ltr'>longe</span> <span class='ocrx_word' id='word_1_137' title='bbox 2077 1637 2419 1724; x_wconf 89' lang='lat' dir='ltr'>majorem,</span> <span class='ocrx_word' id='word_1_138' title='bbox 2458 1656 2660 1726; x_wconf 90' lang='lat' dir='ltr'>quem</span> 
     </span>
     <span class='ocr_line' id='line_1_15' title="bbox 114 1743 2659 1833; baseline 0.001 -21"><span class='ocrx_word' id='word_1_139' title='bbox 114 1746 303 1814; x_wconf 80' lang='lat' dir='ltr'>fundus</span> <span class='ocrx_word' id='word_1_140' title='bbox 347 1746 697 1832; x_wconf 88' lang='lat' dir='ltr'>acquisivit</span> <span class='ocrx_word' id='word_1_141' title='bbox 747 1754 1023 1832; x_wconf 86' lang='lat' dir='ltr'>propter</span> <span class='ocrx_word' id='word_1_142' title='bbox 1071 1743 1273 1831; x_wconf 83' lang='lat' dir='ltr'>opera</span> <span class='ocrx_word' id='word_1_143' title='bbox 1323 1744 1451 1812; x_wconf 76' lang='lat' dir='ltr'>illa.</span> <span class='ocrx_word' id='word_1_144' title='bbox 1505 1745 1572 1812; x_wconf 91' lang='lat' dir='ltr'>Si</span> <span class='ocrx_word' id='word_1_145' title='bbox 1628 1762 1781 1813; x_wconf 91' lang='lat' dir='ltr'>vero</span> <span class='ocrx_word' id='word_1_146' title='bbox 1831 1744 2002 1812; x_wconf 73' lang='lat' dir='ltr'>vult*</span> <span class='ocrx_word' id='word_1_147' title='bbox 2041 1747 2303 1832; x_wconf 84' lang='lat' dir='ltr'>exigere</span> <span class='ocrx_word' id='word_1_148' title='bbox 2376 1764 2659 1833; x_wconf 91' lang='lat' dir='ltr'>operum</span> 
     </span>
     <span class='ocr_line' id='line_1_16' title="bbox 114 1851 2658 1943; baseline 0.001 -24"><span class='ocrx_word' id='word_1_149' title='bbox 114 1853 323 1921; x_wconf 87' lang='lat' dir='ltr'>illorum</span> <span class='ocrx_word' id='word_1_150' title='bbox 366 1854 918 1936; x_wconf 82' lang='lat' dir='ltr'>destructionem,</span> <span class='ocrx_word' id='word_1_151' title='bbox 969 1853 1315 1939; x_wconf 88' lang='lat' dir='ltr'>operarius</span> <span class='ocrx_word' id='word_1_152' title='bbox 1363 1851 1562 1922; x_wconf 92' lang='lat' dir='ltr'>debet</span> <span class='ocrx_word' id='word_1_153' title='bbox 1611 1871 1686 1921; x_wconf 92' lang='lat' dir='ltr'>ea</span> <span class='ocrx_word' id='word_1_154' title='bbox 1737 1855 2004 1940; x_wconf 90' lang='lat' dir='ltr'>penitus</span> <span class='ocrx_word' id='word_1_155' title='bbox 2047 1855 2326 1923; x_wconf 87' lang='lat' dir='ltr'>evellere</span> <span class='ocrx_word' id='word_1_156' title='bbox 2367 1854 2658 1943; x_wconf 89' lang='lat' dir='ltr'>propriis</span> 
     </span>
     <span class='ocr_line' id='line_1_17' title="bbox 113 1960 2662 2047; baseline 0 -18"><span class='ocrx_word' id='word_1_157' title='bbox 113 1963 385 2046; x_wconf 78' lang='lat' dir='ltr'>expensiS,</span> <span class='ocrx_word' id='word_1_158' title='bbox 434 1968 505 2029; x_wconf 89' lang='lat' dir='ltr'>et</span> <span class='ocrx_word' id='word_1_159' title='bbox 556 1979 993 2047; x_wconf 87' lang='lat' dir='ltr'>compensare</span> <span class='ocrx_word' id='word_1_160' title='bbox 1041 1960 1299 2044; x_wconf 89' lang='lat' dir='ltr'>damna,</span> <span class='ocrx_word' id='word_1_161' title='bbox 1349 1979 1500 2047; x_wconf 84' lang='lat' dir='ltr'>quae</span> <span class='ocrx_word' id='word_1_162' title='bbox 1549 1960 1702 2030; x_wconf 91' lang='lat' dir='ltr'>inde</span> <span class='ocrx_word' id='word_1_163' title='bbox 1750 1961 1954 2031; x_wconf 87' lang='lat' dir='ltr'>fundo</span> <span class='ocrx_word' id='word_1_164' title='bbox 2005 1962 2437 2032; x_wconf 86' lang='lat' dir='ltr'>obvenerunt.</span> <span class='ocrx_word' id='word_1_165' title='bbox 2490 1961 2662 2045; x_wconf 83' lang='lat' dir='ltr'>Quid</span> 
     </span>
     <span class='ocr_line' id='line_1_18' title="bbox 111 2066 2657 2157; baseline 0.002 -26"><span class='ocrx_word' id='word_1_166' title='bbox 111 2085 238 2135; x_wconf 86' lang='lat' dir='ltr'>vero</span> <span class='ocrx_word' id='word_1_167' title='bbox 274 2068 318 2135; x_wconf 88' lang='lat' dir='ltr'>si</span> <span class='ocrx_word' id='word_1_168' title='bbox 360 2066 531 2136; x_wconf 88' lang='lat' dir='ltr'>adsit</span> <span class='ocrx_word' id='word_1_169' title='bbox 580 2069 756 2137; x_wconf 87' lang='lat' dir='ltr'>bona</span> <span class='ocrx_word' id='word_1_170' title='bbox 804 2068 1012 2137; x_wconf 75' lang='lat' dir='ltr'>fides?</span> <span class='ocrx_word' id='word_1_171' title='bbox 1057 2069 1123 2137; x_wconf 89' lang='lat' dir='ltr'>in</span> <span class='ocrx_word' id='word_1_172' title='bbox 1174 2069 1296 2136; x_wconf 88' lang='lat' dir='ltr'>hac</span> <span class='ocrx_word' id='word_1_173' title='bbox 1367 2068 1718 2155; x_wconf 82' lang='lat' dir='ltr'>hypothesi</span> <span class='ocrx_word' id='word_1_174' title='bbox 1791 2067 2103 2137; x_wconf 91' lang='lat' dir='ltr'>dominus</span> <span class='ocrx_word' id='word_1_175' title='bbox 2176 2068 2358 2137; x_wconf 81' lang='lat' dir='ltr'>fundi</span> <span class='ocrx_word' id='word_1_176' title='bbox 2433 2076 2657 2157; x_wconf 92' lang='lat' dir='ltr'>potest</span> 
     </span>
     <span class='ocr_line' id='line_1_19' title="bbox 112 2176 2660 2264; baseline 0.002 -25"><span class='ocrx_word' id='word_1_177' title='bbox 112 2177 197 2243; x_wconf 91' lang='lat' dir='ltr'>vel</span> <span class='ocrx_word' id='word_1_178' title='bbox 237 2177 583 2261; x_wconf 86' lang='lat' dir='ltr'>persolvere</span> <span class='ocrx_word' id='word_1_179' title='bbox 630 2176 921 2246; x_wconf 89' lang='lat' dir='ltr'>valorem</span> <span class='ocrx_word' id='word_1_180' title='bbox 969 2176 1264 2245; x_wconf 77' lang='lat' dir='ltr'>materiae</span> <span class='ocrx_word' id='word_1_181' title='bbox 1316 2183 1381 2246; x_wconf 92' lang='lat' dir='ltr'>et</span> <span class='ocrx_word' id='word_1_182' title='bbox 1447 2195 1774 2264; x_wconf 81' lang='lat' dir='ltr'>expensas</span> <span class='ocrx_word' id='word_1_183' title='bbox 1846 2194 2143 2263; x_wconf 89' lang='lat' dir='ltr'>operum,</span> <span class='ocrx_word' id='word_1_184' title='bbox 2191 2178 2295 2246; x_wconf 83' lang='lat' dir='ltr'>vel</span> <span class='ocrx_word' id='word_1_185' title='bbox 2368 2177 2660 2264; x_wconf 91' lang='lat' dir='ltr'>pretium</span> 
     </span>
     <span class='ocr_line' id='line_1_20' title="bbox 116 2283 2657 2372; baseline 0.002 -22"><span class='ocrx_word' id='word_1_186' title='bbox 116 2284 465 2369; x_wconf 80' lang='lat' dir='ltr'>respondens</span> <span class='ocrx_word' id='word_1_187' title='bbox 516 2293 875 2370; x_wconf 86' lang='lat' dir='ltr'>augmento</span> <span class='ocrx_word' id='word_1_188' title='bbox 910 2285 1064 2354; x_wconf 90' lang='lat' dir='ltr'>dato</span> <span class='ocrx_word' id='word_1_189' title='bbox 1098 2283 1281 2352; x_wconf 88' lang='lat' dir='ltr'>fundi</span> <span class='ocrx_word' id='word_1_190' title='bbox 1316 2284 1555 2354; x_wconf 88' lang='lat' dir='ltr'>valori:</span> <span class='ocrx_word' id='word_1_191' title='bbox 1607 2292 1673 2353; x_wconf 86' lang='lat' dir='ltr'>at</span> <span class='ocrx_word' id='word_1_192' title='bbox 1716 2285 2103 2372; x_wconf 90' lang='lat' dir='ltr'>neutiquam</span> <span class='ocrx_word' id='word_1_193' title='bbox 2137 2291 2359 2371; x_wconf 88' lang='lat' dir='ltr'>potest</span> <span class='ocrx_word' id='word_1_194' title='bbox 2393 2286 2657 2371; x_wconf 82' lang='lat' dir='ltr'>exigere</span> 
     </span>
     <span class='ocr_line' id='line_1_21' title="bbox 115 2389 1149 2477; baseline 0.001 -20"><span class='ocrx_word' id='word_1_195' title='bbox 115 2397 173 2457; x_wconf 88' lang='lat' dir='ltr'>ut</span> <span class='ocrx_word' id='word_1_196' title='bbox 206 2408 377 2477; x_wconf 87' lang='lat' dir='ltr'>opera</span> <span class='ocrx_word' id='word_1_197' title='bbox 421 2410 459 2459; x_wconf 92' lang='lat' dir='ltr'>e</span> <span class='ocrx_word' id='word_1_198' title='bbox 505 2390 714 2459; x_wconf 87' lang='lat' dir='ltr'>fundo</span> <span class='ocrx_word' id='word_1_199' title='bbox 764 2389 1149 2461; x_wconf 86' lang='lat' dir='ltr'>evellantur.</span> 
     </span>
    </p>

    <p class='ocr_par' dir='ltr' id='par_1_5' title="bbox 113 2497 2665 3013">
     <span class='ocr_line' id='line_1_22' title="bbox 250 2497 2658 2588; baseline -0 -22"><span class='ocrx_word' id='word_1_200' title='bbox 250 2500 301 2566; x_wconf 86' lang='lat'>3.</span> <span class='ocrx_word' id='word_1_201' title='bbox 346 2498 534 2580; x_wconf 85' lang='lat' dir='ltr'>Quod</span> <span class='ocrx_word' id='word_1_202' title='bbox 582 2500 820 2588; x_wconf 85' lang='lat' dir='ltr'>tertius</span> <span class='ocrx_word' id='word_1_203' title='bbox 870 2500 1118 2586; x_wconf 88' lang='lat' dir='ltr'>plantet</span> <span class='ocrx_word' id='word_1_204' title='bbox 1166 2499 1267 2568; x_wconf 87' lang='lat' dir='ltr'>vel</span> <span class='ocrx_word' id='word_1_205' title='bbox 1316 2497 1599 2568; x_wconf 79' lang='lat' dir='ltr'>aedificet</span> <span class='ocrx_word' id='word_1_206' title='bbox 1650 2499 1716 2566; x_wconf 92' lang='lat' dir='ltr'>in</span> <span class='ocrx_word' id='word_1_207' title='bbox 1759 2498 1962 2567; x_wconf 88' lang='lat' dir='ltr'>fundo</span> <span class='ocrx_word' id='word_1_208' title='bbox 2012 2499 2227 2567; x_wconf 89' lang='lat' dir='ltr'>alieno</span> <span class='ocrx_word' id='word_1_209' title='bbox 2269 2505 2334 2568; x_wconf 88' lang='lat' dir='ltr'>et</span> <span class='ocrx_word' id='word_1_210' title='bbox 2383 2498 2658 2568; x_wconf 88' lang='lat' dir='ltr'>materia</span> 
     </span>
     <span class='ocr_line' id='line_1_23' title="bbox 113 2603 2658 2694; baseline 0.002 -24"><span class='ocrx_word' id='word_1_211' title='bbox 113 2604 293 2689; x_wconf 86' lang='lat' dir='ltr'>aliena,</span> <span class='ocrx_word' id='word_1_212' title='bbox 337 2626 389 2674; x_wconf 89' lang='lat' dir='ltr'>v.</span> <span class='ocrx_word' id='word_1_213' title='bbox 437 2625 496 2694; x_wconf 89' lang='lat' dir='ltr'>g.</span> <span class='ocrx_word' id='word_1_214' title='bbox 547 2607 602 2675; x_wconf 87' lang='lat' dir='ltr'>si</span> <span class='ocrx_word' id='word_1_215' title='bbox 655 2607 865 2676; x_wconf 87' lang='lat' dir='ltr'>Titius</span> <span class='ocrx_word' id='word_1_216' title='bbox 917 2607 1199 2676; x_wconf 84' lang='lat' dir='ltr'>aedificet</span> <span class='ocrx_word' id='word_1_217' title='bbox 1246 2607 1313 2675; x_wconf 92' lang='lat' dir='ltr'>in</span> <span class='ocrx_word' id='word_1_218' title='bbox 1362 2603 1564 2675; x_wconf 87' lang='lat' dir='ltr'>fundo</span> <span class='ocrx_word' id='word_1_219' title='bbox 1600 2607 1978 2693; x_wconf 89' lang='lat' dir='ltr'>Sempronii</span> <span class='ocrx_word' id='word_1_220' title='bbox 2022 2606 2297 2675; x_wconf 91' lang='lat' dir='ltr'>domum</span> <span class='ocrx_word' id='word_1_221' title='bbox 2336 2606 2658 2675; x_wconf 87' lang='lat' dir='ltr'>adhibens</span> 
     </span>
     <span class='ocr_line' id='line_1_24' title="bbox 117 2713 2665 2801; baseline 0.002 -24"><span class='ocrx_word' id='word_1_222' title='bbox 117 2714 404 2783; x_wconf 74' lang='lat' dir='ltr'>materiam</span> <span class='ocrx_word' id='word_1_223' title='bbox 434 2715 608 2800; x_wconf 88' lang='lat' dir='ltr'>Caji:</span> <span class='ocrx_word' id='word_1_224' title='bbox 662 2714 972 2783; x_wconf 90' lang='lat' dir='ltr'>dominus</span> <span class='ocrx_word' id='word_1_225' title='bbox 1021 2715 1315 2784; x_wconf 84' lang='lat' dir='ltr'>materiae</span> <span class='ocrx_word' id='word_1_226' title='bbox 1368 2733 1500 2783; x_wconf 90' lang='lat' dir='ltr'>non</span> <span class='ocrx_word' id='word_1_227' title='bbox 1535 2732 1681 2783; x_wconf 90' lang='lat' dir='ltr'>eam</span> <span class='ocrx_word' id='word_1_228' title='bbox 1717 2714 1843 2783; x_wconf 89' lang='lat' dir='ltr'>sibi</span> <span class='ocrx_word' id='word_1_229' title='bbox 1893 2714 2224 2784; x_wconf 89' lang='lat' dir='ltr'>vindicare</span> <span class='ocrx_word' id='word_1_230' title='bbox 2256 2720 2509 2801; x_wconf 88' lang='lat' dir='ltr'>potest,</span> <span class='ocrx_word' id='word_1_231' title='bbox 2547 2713 2665 2783; x_wconf 90' lang='lat' dir='ltr'>sed</span> 
     </span>
     <span class='ocr_line' id='line_1_25' title="bbox 117 2821 2665 2906; baseline 0.001 -20"><span class='ocrx_word' id='word_1_232' title='bbox 117 2827 291 2902; x_wconf 86' lang='lat' dir='ltr'>petere</span> <span class='ocrx_word' id='word_1_233' title='bbox 336 2839 368 2887; x_wconf 88' lang='lat' dir='ltr'>a</span> <span class='ocrx_word' id='word_1_234' title='bbox 412 2822 613 2890; x_wconf 88' lang='lat' dir='ltr'>tertio</span> <span class='ocrx_word' id='word_1_235' title='bbox 669 2821 781 2890; x_wconf 90' lang='lat' dir='ltr'>illo</span> <span class='ocrx_word' id='word_1_236' title='bbox 834 2821 1500 2903; x_wconf 85' lang='lat' dir='ltr'>indemnniationem,</span> <span class='ocrx_word' id='word_1_237' title='bbox 1560 2828 1626 2890; x_wconf 89' lang='lat' dir='ltr'>et</span> <span class='ocrx_word' id='word_1_238' title='bbox 1677 2822 1874 2890; x_wconf 91' lang='lat' dir='ltr'>etiam</span> <span class='ocrx_word' id='word_1_239' title='bbox 1924 2839 1958 2889; x_wconf 86' lang='lat' dir='ltr'>a</span> <span class='ocrx_word' id='word_1_240' title='bbox 2007 2822 2279 2906; x_wconf 90' lang='lat' dir='ltr'>domino</span> <span class='ocrx_word' id='word_1_241' title='bbox 2327 2821 2510 2890; x_wconf 79' lang='lat' dir='ltr'>fundi</span> <span class='ocrx_word' id='word_1_242' title='bbox 2562 2839 2665 2888; x_wconf 89' lang='lat' dir='ltr'>va-</span> 
     </span>
     <span class='ocr_line' id='line_1_26' title="bbox 118 2924 1577 3013; baseline 0.005 -22"><span class='ocrx_word' id='word_1_243' title='bbox 118 2924 277 2996; x_wconf 88' lang='lat' dir='ltr'>lorem</span> <span class='ocrx_word' id='word_1_244' title='bbox 320 2931 636 3013; x_wconf 75' lang='lat' dir='ltr'>materiae,</span> <span class='ocrx_word' id='word_1_245' title='bbox 685 2930 741 2997; x_wconf 79' lang='lat' dir='ltr'>&#39;si</span> <span class='ocrx_word' id='word_1_246' title='bbox 792 2930 1076 2999; x_wconf 89' lang='lat' dir='ltr'>retineat</span> <span class='ocrx_word' id='word_1_247' title='bbox 1124 2930 1480 2999; x_wconf 84' lang='lat' dir='ltr'>aedificium</span> <span class='ocrx_word' id='word_1_248' title='bbox 1527 2933 1577 2999; x_wconf 76' lang='lat'>².</span> 
     </span>
    </p>

    <p class='ocr_par' dir='ltr' id='par_1_6' title="bbox 122 3030 2666 3324">
     <span class='ocr_line' id='line_1_27' title="bbox 178 3030 2666 3126; baseline -0.002 -20"><span class='ocrx_word' id='word_1_249' title='bbox 178 3030 350 3099; x_wconf 70' lang='lat'>⁸⁸1·</span> <span class='ocrx_word' id='word_1_250' title='bbox 383 3040 451 3119; x_wconf 87' lang='lat' dir='ltr'>Q.</span> <span class='ocrx_word' id='word_1_251' title='bbox 478 3042 542 3106; x_wconf 74' lang='lat'>4.</span> <span class='ocrx_word' id='word_1_252' title='bbox 579 3038 894 3120; x_wconf 83' lang='lat' dir='ltr'>Quomodo</span> <span class='ocrx_word' id='word_1_253' title='bbox 918 3039 1215 3126; x_wconf 73' lang='lat' dir='ltr'>continqit</span> <span class='ocrx_word' id='word_1_254' title='bbox 1240 3040 1506 3107; x_wconf 67' lang='lat' dir='ltr'>accessio</span> <span class='ocrx_word' id='word_1_255' title='bbox 1530 3037 1944 3106; x_wconf 78' lang='lat' dir='ltr'>immobilium</span> <span class='ocrx_word' id='word_1_256' title='bbox 1971 3037 2034 3105; x_wconf 84' lang='lat' dir='ltr'>vi</span> <span class='ocrx_word' id='word_1_257' title='bbox 2057 3056 2281 3105; x_wconf 75' lang='lat' dir='ltr'>cursus</span> <span class='ocrx_word' id='word_1_258' title='bbox 2303 3055 2615 3122; x_wconf 79' lang='lat' dir='ltr'>aquarum</span> <span class='ocrx_word' id='word_1_259' title='bbox 2634 3042 2666 3102; x_wconf 74' lang='lat' dir='ltr'><em>P</em></span> 
     </span>
     <span class='ocr_line' id='line_1_28' title="bbox 183 3142 2664 3235; baseline 0 -24"><span class='ocrx_word' id='word_1_260' title='bbox 183 3144 238 3212; x_wconf 80' lang='lat' dir='ltr'>R.</span> <span class='ocrx_word' id='word_1_261' title='bbox 280 3147 576 3226; x_wconf 87' lang='lat' dir='ltr'>Quatuor</span> <span class='ocrx_word' id='word_1_262' title='bbox 621 3154 779 3214; x_wconf 87' lang='lat' dir='ltr'>sunt</span> <span class='ocrx_word' id='word_1_263' title='bbox 828 3146 1087 3234; x_wconf 87' lang='lat' dir='ltr'>species</span> <span class='ocrx_word' id='word_1_264' title='bbox 1135 3147 1331 3235; x_wconf 87' lang='lat' dir='ltr'>hujus</span> <span class='ocrx_word' id='word_1_265' title='bbox 1382 3146 1806 3231; x_wconf 81' lang='lat' dir='ltr'>accessionis,</span> <span class='ocrx_word' id='word_1_266' title='bbox 1834 3163 2074 3231; x_wconf 91' lang='lat' dir='ltr'>nempe</span> <span class='ocrx_word' id='word_1_267' title='bbox 2107 3143 2367 3228; x_wconf 89' lang='lat' dir='ltr'>alluvio,</span> <span class='ocrx_word' id='word_1_268' title='bbox 2394 3142 2664 3226; x_wconf 88' lang='lat' dir='ltr'>avulsio,</span> 
     </span>
     <span class='ocr_line' id='line_1_29' title="bbox 122 3252 1585 3324; baseline 0.003 -9"><span class='ocrx_word' id='word_1_269' title='bbox 122 3252 343 3321; x_wconf 84' lang='lat' dir='ltr'>mutatio</span> <span class='ocrx_word' id='word_1_270' title='bbox 390 3253 555 3322; x_wconf 90' lang='lat' dir='ltr'>alvei</span> <span class='ocrx_word' id='word_1_271' title='bbox 603 3260 670 3322; x_wconf 87' lang='lat' dir='ltr'>et</span> <span class='ocrx_word' id='word_1_272' title='bbox 717 3253 931 3322; x_wconf 90' lang='lat' dir='ltr'>insula</span> <span class='ocrx_word' id='word_1_273' title='bbox 980 3253 1046 3322; x_wconf 91' lang='lat' dir='ltr'>in</span> <span class='ocrx_word' id='word_1_274' title='bbox 1095 3255 1367 3324; x_wconf 92' lang='lat' dir='ltr'>flumine</span> <span class='ocrx_word' id='word_1_275' title='bbox 1416 3260 1585 3322; x_wconf 86' lang='lat' dir='ltr'>nata.</span> 
     </span>
    </p>

    <p class='ocr_par' dir='ltr' id='par_1_7' title="bbox 118 3359 2669 3772">
     <span class='ocr_line' id='line_1_30' title="bbox 257 3359 2669 3449; baseline 0.001 -23"><span class='ocrx_word' id='word_1_276' title='bbox 257 3362 307 3426; x_wconf 81' lang='lat'>1.</span> <span class='ocrx_word' id='word_1_277' title='bbox 352 3362 604 3429; x_wconf 78' lang='lat' dir='ltr'>Attuvio</span> <span class='ocrx_word' id='word_1_278' title='bbox 653 3361 978 3447; x_wconf 89' lang='lat' dir='ltr'>contingit</span> <span class='ocrx_word' id='word_1_279' title='bbox 1029 3361 1290 3447; x_wconf 88' lang='lat' dir='ltr'>quando</span> <span class='ocrx_word' id='word_1_280' title='bbox 1326 3361 1574 3449; x_wconf 86' lang='lat' dir='ltr'>aliquid</span> <span class='ocrx_word' id='word_1_281' title='bbox 1607 3359 1668 3428; x_wconf 91' lang='lat' dir='ltr'>vi</span> <span class='ocrx_word' id='word_1_282' title='bbox 1708 3360 1998 3429; x_wconf 89' lang='lat' dir='ltr'>fluminis</span> <span class='ocrx_word' id='word_1_283' title='bbox 2031 3359 2133 3429; x_wconf 90' lang='lat' dir='ltr'>vel</span> <span class='ocrx_word' id='word_1_284' title='bbox 2172 3359 2486 3428; x_wconf 89' lang='lat' dir='ltr'>torrentis</span> <span class='ocrx_word' id='word_1_285' title='bbox 2519 3378 2669 3428; x_wconf 86' lang='lat' dir='ltr'>suc-</span> 
     </span>
     <span class='ocr_line' id='line_1_31' title="bbox 118 3464 2669 3555; baseline 0.002 -26"><span class='ocrx_word' id='word_1_286' title='bbox 118 3465 317 3534; x_wconf 84' lang='lat' dir='ltr'>cessive</span> <span class='ocrx_word' id='word_1_287' title='bbox 360 3474 425 3536; x_wconf 88' lang='lat' dir='ltr'>et</span> <span class='ocrx_word' id='word_1_288' title='bbox 466 3467 952 3537; x_wconf 81' lang='lat' dir='ltr'>insensibiliter</span> <span class='ocrx_word' id='word_1_289' title='bbox 1000 3469 1088 3546; x_wconf 84' lang='lat' dir='ltr'>i-ta</span> <span class='ocrx_word' id='word_1_290' title='bbox 1127 3464 1351 3538; x_wconf 82' lang='lat' dir='ltr'>fundo&#39;</span> <span class='ocrx_word' id='word_1_291' title='bbox 1376 3468 1526 3537; x_wconf 83' lang='lat' dir='ltr'>Titii</span> <span class='ocrx_word' id='word_1_292' title='bbox 1562 3468 1889 3555; x_wconf 86' lang='lat' dir='ltr'>adjicitur,</span> <span class='ocrx_word' id='word_1_293' title='bbox 1925 3475 1997 3537; x_wconf 88' lang='lat' dir='ltr'>ut</span> <span class='ocrx_word' id='word_1_294' title='bbox 2044 3468 2325 3553; x_wconf 87' lang='lat' dir='ltr'>intelligi</span> <span class='ocrx_word' id='word_1_295' title='bbox 2380 3475 2669 3555; x_wconf 87' lang='lat' dir='ltr'>nequeat</span> 
     </span>
     <span class='ocr_line' id='line_1_32' title="bbox 119 3568 2666 3666; baseline 0.003 -30"><span class='ocrx_word' id='word_1_296' title='bbox 119 3581 383 3654; x_wconf 84' lang='lat' dir='ltr'>quantum</span> <span class='ocrx_word' id='word_1_297' title='bbox 432 3577 670 3662; x_wconf 87' lang='lat' dir='ltr'>quovis</span> <span class='ocrx_word' id='word_1_298' title='bbox 722 3577 1044 3663; x_wconf 91' lang='lat' dir='ltr'>temporis</span> <span class='ocrx_word' id='word_1_299' title='bbox 1093 3584 1342 3665; x_wconf 91' lang='lat' dir='ltr'>puncto</span> <span class='ocrx_word' id='word_1_300' title='bbox 1393 3568 1783 3666; x_wconf 76' lang='lat' dir='ltr'>adJiciatui·;</span> <span class='ocrx_word' id='word_1_301' title='bbox 1819 3578 1946 3647; x_wconf 88' lang='lat' dir='ltr'>hoc</span> <span class='ocrx_word' id='word_1_302' title='bbox 1985 3577 2473 3647; x_wconf 91' lang='lat' dir='ltr'>incrementum</span> <span class='ocrx_word' id='word_1_303' title='bbox 2523 3594 2666 3662; x_wconf 86' lang='lat' dir='ltr'>per·</span> 
     </span>
     <span class='ocr_line' id='line_1_33' title="bbox 122 3677 2669 3772; baseline 0.003 -29"><span class='ocrx_word' id='word_1_304' title='bbox 122 3677 247 3748; x_wconf 86' lang='lat' dir='ltr'>tinet</span> <span class='ocrx_word' id='word_1_305' title='bbox 284 3683 358 3751; x_wconf 87' lang='lat' dir='ltr'>ad</span> <span class='ocrx_word' id='word_1_306' title='bbox 406 3684 695 3770; x_wconf 73' lang='lat' dir='ltr'>Titium„</span> <span class='ocrx_word' id='word_1_307' title='bbox 724 3685 914 3772; x_wconf 85' lang='lat' dir='ltr'>qu&#39;us</span> <span class='ocrx_word' id='word_1_308' title='bbox 964 3693 1065 3756; x_wconf 90' lang='lat' dir='ltr'>est</span> <span class='ocrx_word' id='word_1_309' title='bbox 1112 3685 1379 3770; x_wconf 75' lang='lat' dir='ltr'>fundus,</span> <span class='ocrx_word' id='word_1_310' title='bbox 1447 3688 1572 3757; x_wconf 89' lang='lat' dir='ltr'>sub</span> <span class='ocrx_word' id='word_1_311' title='bbox 1621 3689 1822 3756; x_wconf 87' lang='lat' dir='ltr'>certis</span> <span class='ocrx_word' id='word_1_312' title='bbox 1894 3685 2208 3756; x_wconf 88' lang='lat' dir='ltr'>clausulis</span> <span class='ocrx_word' id='word_1_313' title='bbox 2258 3681 2308 3753; x_wconf 77' lang='lat'>⁸.</span> <span class='ocrx_word' id='word_1_314' title='bbox 2353 3683 2669 3752; x_wconf 91' lang='lat' dir='ltr'>Similiter</span> 
     </span>
    </p>
   </div>
   <div class='ocr_carea' id='block_1_3' title="bbox 118 3944 2675 4762">
    <p class='ocr_par' dir='ltr' id='par_1_8' title="bbox 122 3944 2672 4387">
     <span class='ocr_line' id='line_1_34' title="bbox 167 3944 2670 4025; baseline 0 -25"><span class='ocrx_word' id='word_1_315' title='bbox 167 3944 187 3984; x_wconf 90' lang='lat'><strong>¹</strong></span> <span class='ocrx_word' id='word_1_316' title='bbox 214 3967 228 3990; x_wconf 80' lang='grc' dir='ltr'>ι</span> <span class='ocrx_word' id='word_1_317' title='bbox 257 3949 673 4025; x_wconf 63' lang='grc' dir='ltr'>Πρτᾳριίοιαιζίο</span> <span class='ocrx_word' id='word_1_318' title='bbox 709 3950 816 4014; x_wconf 83' lang='lat' dir='ltr'>puo</span> <span class='ocrx_word' id='word_1_319' title='bbox 848 3950 959 4003; x_wconf 76' lang='lat' dir='ltr'>fare</span> <span class='ocrx_word' id='word_1_320' title='bbox 992 3965 1148 4015; x_wconf 80' lang='lat' dir='ltr'>sopra</span> <span class='ocrx_word' id='word_1_321' title='bbox 1180 3952 1218 4003; x_wconf 80' lang='lat' dir='ltr'>it</span> <span class='ocrx_word' id='word_1_322' title='bbox 1249 3952 1395 4003; x_wconf 69' lang='lat' dir='ltr'>:uolo</span> <span class='ocrx_word' id='word_1_323' title='bbox 1427 3952 1684 4017; x_wconf 81' lang='lat' dir='ltr'>qualsiasi</span> <span class='ocrx_word' id='word_1_324' title='bbox 1718 3954 2057 4007; x_wconf 86' lang='lat' dir='ltr'>costruzione</span> <span class='ocrx_word' id='word_1_325' title='bbox 2083 3965 2113 4006; x_wconf 92' lang='lat' dir='ltr'>e</span> <span class='ocrx_word' id='word_1_326' title='bbox 2141 3953 2497 4018; x_wconf 80' lang='lat' dir='ltr'>piantagione,</span> <span class='ocrx_word' id='word_1_327' title='bbox 2522 3951 2670 4001; x_wconf 84' lang='lat' dir='ltr'>salve</span> 
     </span>
     <span class='ocr_line' id='line_1_35' title="bbox 122 4004 2668 4084; baseline 0.002 -25"><span class='ocrx_word' id='word_1_328' title='bbox 122 4004 163 4076; x_wconf 65' lang='lat' dir='ltr'>lq</span> <span class='ocrx_word' id='word_1_329' title='bbox 181 4018 407 4084; x_wconf 55' lang='lat' dir='ltr'>marom</span> <span class='ocrx_word' id='word_1_330' title='bbox 441 4013 679 4064; x_wconf 71' lang='lat' dir='ltr'>stabilite</span> <span class='ocrx_word' id='word_1_331' title='bbox 710 4013 797 4064; x_wconf 88' lang='lat' dir='ltr'>nel</span> <span class='ocrx_word' id='word_1_332' title='bbox 832 4026 966 4077; x_wconf 83' lang='lat' dir='ltr'>capo</span> <span class='ocrx_word' id='word_1_333' title='bbox 998 4015 1131 4066; x_wconf 75' lang='lat' dir='ltr'>delle</span> <span class='ocrx_word' id='word_1_334' title='bbox 1165 4015 1369 4066; x_wconf 75' lang='lat' dir='ltr'>servitu</span> <span class='ocrx_word' id='word_1_335' title='bbox 1405 4014 1642 4078; x_wconf 82' lang='lat' dir='ltr'>prediall,</span> <span class='ocrx_word' id='word_1_336' title='bbox 1679 4014 1928 4068; x_wconf 89' lang='lat' dir='ltr'>dovendo</span> <span class='ocrx_word' id='word_1_337' title='bbox 1962 4030 2012 4081; x_wconf 93' lang='lat' dir='ltr'>p.</span> <span class='ocrx_word' id='word_1_338' title='bbox 2049 4028 2098 4069; x_wconf 89' lang='lat' dir='ltr'>e.</span> <span class='ocrx_word' id='word_1_339' title='bbox 2127 4016 2421 4080; x_wconf 79' lang='lat' dir='ltr'>rispettare,</span> <span class='ocrx_word' id='word_1_340' title='bbox 2459 4015 2513 4064; x_wconf 88' lang='lat' dir='ltr'>in</span> <span class='ocrx_word' id='word_1_341' title='bbox 2538 4024 2668 4064; x_wconf 79' lang='lat' dir='ltr'>caso</span> 
     </span>
     <span class='ocr_line' id='line_1_36' title="bbox 124 4065 2670 4143; baseline 0.002 -22"><span class='ocrx_word' id='word_1_342' title='bbox 124 4065 165 4117; x_wconf 81' lang='grc' dir='ltr'>ὼ</span> <span class='ocrx_word' id='word_1_343' title='bbox 186 4069 403 4137; x_wconf 64' lang='lat' dir='ltr'>(aphrica,</span> <span class='ocrx_word' id='word_1_344' title='bbox 438 4075 630 4126; x_wconf 86' lang='lat' dir='ltr'>alcune</span> <span class='ocrx_word' id='word_1_345' title='bbox 663 4074 900 4128; x_wconf 74' lang='lat' dir='ltr'>distante</span> <span class='ocrx_word' id='word_1_346' title='bbox 931 4076 1015 4126; x_wconf 85' lang='lat' dir='ltr'>dai</span> <span class='ocrx_word' id='word_1_347' title='bbox 1051 4076 1197 4130; x_wconf 75' lang='lat' dir='ltr'>tondi</span> <span class='ocrx_word' id='word_1_348' title='bbox 1233 4077 1429 4138; x_wconf 81' lang='lat' dir='ltr'>vicin13</span> <span class='ocrx_word' id='word_1_349' title='bbox 1466 4090 1495 4129; x_wconf 91' lang='lat' dir='ltr'>e</span> <span class='ocrx_word' id='word_1_350' title='bbox 1523 4081 1657 4128; x_wconf 73' lang='lat' dir='ltr'>sotto</span> <span class='ocrx_word' id='word_1_351' title='bbox 1691 4080 1730 4128; x_wconf 78' lang='lat' dir='ltr'>it</span> <span class='ocrx_word' id='word_1_352' title='bbox 1775 4077 1918 4129; x_wconf 77' lang='lat' dir='ltr'>suolo</span> <span class='ocrx_word' id='word_1_353' title='bbox 1970 4079 2078 4143; x_wconf 83' lang='lat' dir='ltr'>puo</span> <span class='ocrx_word' id='word_1_354' title='bbox 2129 4079 2239 4131; x_wconf 82' lang='lat' dir='ltr'>fare</span> <span class='ocrx_word' id='word_1_355' title='bbox 2288 4075 2537 4139; x_wconf 82' lang='lat' dir='ltr'>qualslasi</span> <span class='ocrx_word' id='word_1_356' title='bbox 2589 4086 2670 4125; x_wconf 91' lang='lat' dir='ltr'>co·</span> 
     </span>
     <span class='ocr_line' id='line_1_37' title="bbox 125 4130 2672 4204; baseline 0.001 -19"><span class='ocrx_word' id='word_1_357' title='bbox 125 4130 339 4204; x_wconf 51' lang='lat' dir='ltr'>&amp;mone</span> <span class='ocrx_word' id='word_1_358' title='bbox 367 4151 397 4190; x_wconf 85' lang='lat' dir='ltr'>e</span> <span class='ocrx_word' id='word_1_359' title='bbox 429 4138 779 4188; x_wconf 75' lang='lat' dir='ltr'>scavamento</span> <span class='ocrx_word' id='word_1_360' title='bbox 811 4150 841 4189; x_wconf 88' lang='lat' dir='ltr'>e</span> <span class='ocrx_word' id='word_1_361' title='bbox 880 4139 1060 4190; x_wconf 81' lang='lat' dir='ltr'>trame</span> <span class='ocrx_word' id='word_1_362' title='bbox 1094 4140 1211 4191; x_wconf 84' lang='lat' dir='ltr'>tuttl</span> <span class='ocrx_word' id='word_1_363' title='bbox 1267 4140 1282 4189; x_wconf 89' lang='lat' dir='ltr'>i</span> <span class='ocrx_word' id='word_1_364' title='bbox 1317 4139 1547 4203; x_wconf 83' lang='lat' dir='ltr'>prodottt</span> <span class='ocrx_word' id='word_1_365' title='bbox 1584 4139 1848 4203; x_wconf 85' lang='lat' dir='ltr'>possibili,</span> <span class='ocrx_word' id='word_1_366' title='bbox 1885 4141 2032 4191; x_wconf 83' lang='lat' dir='ltr'>salve</span> <span class='ocrx_word' id='word_1_367' title='bbox 2069 4141 2116 4192; x_wconf 88' lang='lat' dir='ltr'>le</span> <span class='ocrx_word' id='word_1_368' title='bbox 2149 4136 2495 4201; x_wconf 79' lang='lat' dir='ltr'>disposlzionl</span> <span class='ocrx_word' id='word_1_369' title='bbox 2532 4133 2672 4188; x_wconf 87' lang='lat' dir='ltr'>delle</span> 
     </span>
     <span class='ocr_line' id='line_1_38' title="bbox 124 4190 2667 4265; baseline 0.001 -17"><span class='ocrx_word' id='word_1_370' title='bbox 124 4190 223 4255; x_wconf 64' lang='lat' dir='ltr'>legal</span> <span class='ocrx_word' id='word_1_371' title='bbox 248 4207 271 4248; x_wconf 85' lang='lat' dir='ltr'>e</span> <span class='ocrx_word' id='word_1_372' title='bbox 297 4199 374 4250; x_wconf 80' lang='lat' dir='ltr'>dei</span> <span class='ocrx_word' id='word_1_373' title='bbox 406 4199 752 4264; x_wconf 83' lang='lat' dir='ltr'>regolamenti</span> <span class='ocrx_word' id='word_1_374' title='bbox 785 4200 836 4251; x_wconf 87' lang='lat' dir='ltr'>di</span> <span class='ocrx_word' id='word_1_375' title='bbox 875 4201 1099 4254; x_wconf 76' lang='lat' dir='ltr'>mintere</span> <span class='ocrx_word' id='word_1_376' title='bbox 1132 4202 1315 4265; x_wconf 66' lang='lat' dir='ltr'>(Legae</span> <span class='ocrx_word' id='word_1_377' title='bbox 1347 4203 1411 4253; x_wconf 77' lang='lat'>20</span> <span class='ocrx_word' id='word_1_378' title='bbox 1444 4213 1568 4252; x_wconf 87' lang='lat' dir='ltr'>nov.</span> <span class='ocrx_word' id='word_1_379' title='bbox 1614 4204 1759 4264; x_wconf 77' lang='lat'>1859)</span> <span class='ocrx_word' id='word_1_380' title='bbox 1804 4214 1834 4253; x_wconf 88' lang='lat' dir='ltr'>e</span> <span class='ocrx_word' id='word_1_381' title='bbox 1888 4202 1942 4253; x_wconf 89' lang='lat' dir='ltr'>di</span> <span class='ocrx_word' id='word_1_382' title='bbox 2030 4202 2201 4253; x_wconf 78' lang='lat' dir='ltr'>Ouzia.</span> <span class='ocrx_word' id='word_1_383' title='bbox 2253 4199 2344 4257; x_wconf 84' lang='lat' dir='ltr'>(V.</span> <span class='ocrx_word' id='word_1_384' title='bbox 2367 4213 2372 4220; x_wconf 89' lang='lat'><strong>·</strong></span> <span class='ocrx_word' id='word_1_385' title='bbox 2399 4199 2553 4260; x_wconf 71' lang='lat' dir='ltr'>Leype</span> <span class='ocrx_word' id='word_1_386' title='bbox 2599 4200 2667 4250; x_wconf 72' lang='lat'>20</span> 
     </span>
     <span class='ocr_line' id='line_1_39' title="bbox 126 4261 2668 4326; baseline 0.004 -24"><span class='ocrx_word' id='word_1_387' title='bbox 126 4263 263 4308; x_wconf 83' lang='lat' dir='ltr'>marzo</span> <span class='ocrx_word' id='word_1_388' title='bbox 292 4263 408 4315; x_wconf 75' lang='lat'>1865</span> <span class='ocrx_word' id='word_1_389' title='bbox 433 4263 573 4313; x_wconf 76' lang='lat' dir='ltr'>sulla</span> <span class='ocrx_word' id='word_1_390' title='bbox 604 4263 872 4314; x_wconf 72' lang='lat' dir='ltr'>sicurezza</span> <span class='ocrx_word' id='word_1_391' title='bbox 894 4263 1169 4326; x_wconf 56' lang='lat' dir='ltr'>pauonem·</span> <span class='ocrx_word' id='word_1_392' title='bbox 1200 4277 1231 4318; x_wconf 89' lang='lat' dir='ltr'>e</span> <span class='ocrx_word' id='word_1_393' title='bbox 1261 4265 1655 4326; x_wconf 70' lang='lat' dir='ltr'>Reqotamento;</span> <span class='ocrx_word' id='word_1_394' title='bbox 1679 4275 1708 4314; x_wconf 88' lang='lat' dir='ltr'>e</span> <span class='ocrx_word' id='word_1_395' title='bbox 1741 4264 1834 4316; x_wconf 88' lang='lat' dir='ltr'>lib.</span> <span class='ocrx_word' id='word_1_396' title='bbox 1888 4276 1942 4315; x_wconf 84' lang='lat'>111</span> <span class='ocrx_word' id='word_1_397' title='bbox 2039 4265 2057 4315; x_wconf 81' lang='lat' dir='ltr'><strong><em>l</em></strong></span> <span class='ocrx_word' id='word_1_398' title='bbox 2092 4263 2212 4314; x_wconf 87' lang='lat' dir='ltr'>Cod.</span> <span class='ocrx_word' id='word_1_399' title='bbox 2245 4261 2471 4323; x_wconf 76' lang='lat' dir='ltr'>penate.)</span> <span class='ocrx_word' id='word_1_400' title='bbox 2510 4279 2528 4302; x_wconf 74' lang='grc' dir='ltr'>ι</span> <span class='ocrx_word' id='word_1_401' title='bbox 2571 4261 2668 4312; x_wconf 85' lang='lat' dir='ltr'>Ca·</span> 
     </span>
     <span class='ocr_line' id='line_1_40' title="bbox 125 4315 1085 4387; baseline 0.008 -18"><span class='ocrx_word' id='word_1_402' title='bbox 125 4315 283 4381; x_wconf 76' lang='lat' dir='ltr'>tabelli,</span> <span class='ocrx_word' id='word_1_403' title='bbox 312 4323 383 4375; x_wconf 78' lang='lat' dir='ltr'>La</span> <span class='ocrx_word' id='word_1_404' title='bbox 409 4326 620 4387; x_wconf 70' lang='lat' dir='ltr'>pratica</span> <span class='ocrx_word' id='word_1_405' title='bbox 652 4324 736 4374; x_wconf 82' lang='lat' dir='ltr'>del</span> <span class='ocrx_word' id='word_1_406' title='bbox 771 4326 889 4377; x_wconf 81' lang='lat' dir='ltr'>Cod.</span> <span class='ocrx_word' id='word_1_407' title='bbox 923 4326 1085 4377; x_wconf 81' lang='lat' dir='ltr'>civile.</span> 
     </span>
    </p>

    <p class='ocr_par' dir='ltr' id='par_1_9' title="bbox 168 4378 2665 4500">
     <span class='ocr_line' id='line_1_41' title="bbox 168 4378 2665 4500; baseline 0 -62"><span class='ocrx_word' id='word_1_408' title='bbox 168 4378 452 4500; x_wconf 45' lang='grc' dir='ltr'>’ἐῐξιὲὣ</span> <span class='ocrx_word' id='word_1_409' title='bbox 481 4412 549 4425; x_wconf 96' lang='grc'>-</span> <span class='ocrx_word' id='word_1_410' title='bbox 582 4386 638 4438; x_wconf 87' lang='lat' dir='ltr'>G.</span> <span class='ocrx_word' id='word_1_411' title='bbox 674 4385 742 4437; x_wconf 79' lang='grc' dir='ltr'>Α.</span> <span class='ocrx_word' id='word_1_412' title='bbox 776 4387 901 4450; x_wconf 55' lang='grc' dir='ltr'>ΗΜ</span> <span class='ocrx_word' id='word_1_413' title='bbox 934 4413 997 4426; x_wconf 93' lang='grc'><strong>-</strong></span> <span class='ocrx_word' id='word_1_414' title='bbox 1034 4389 1087 4440; x_wconf 90' lang='lat' dir='ltr'>C.</span> <span class='ocrx_word' id='word_1_415' title='bbox 1127 4389 1187 4440; x_wconf 79' lang='lat' dir='ltr'>G.</span> <span class='ocrx_word' id='word_1_416' title='bbox 1219 4389 1344 4450; x_wconf 61' lang='lat' dir='ltr'>&amp;m</span> <span class='ocrx_word' id='word_1_417' title='bbox 1375 4409 1442 4425; x_wconf 87' lang='lat'>-·-</span> <span class='ocrx_word' id='word_1_418' title='bbox 1476 4387 1532 4438; x_wconf 89' lang='lat' dir='ltr'>G.</span> <span class='ocrx_word' id='word_1_419' title='bbox 1566 4387 1617 4439; x_wconf 86' lang='lat' dir='ltr'>S.</span> <span class='ocrx_word' id='word_1_420' title='bbox 1653 4388 1775 4451; x_wconf 75' lang='lat'><strong>477;</strong></span> <span class='ocrx_word' id='word_1_421' title='bbox 1809 4412 1873 4425; x_wconf 96' lang='lat'><strong>—</strong></span> <span class='ocrx_word' id='word_1_422' title='bbox 1909 4385 1963 4439; x_wconf 85' lang='lat' dir='ltr'>G.</span> <span class='ocrx_word' id='word_1_423' title='bbox 1999 4388 2058 4438; x_wconf 85' lang='lat' dir='ltr'>P.</span> <span class='ocrx_word' id='word_1_424' title='bbox 2094 4387 2228 4446; x_wconf 77' lang='lat'>5793</span> <span class='ocrx_word' id='word_1_425' title='bbox 2267 4409 2330 4422; x_wconf 90' lang='lat'>-</span> <span class='ocrx_word' id='word_1_426' title='bbox 2365 4384 2665 4448; x_wconf 72' lang='lat' dir='ltr'>c.n.040;</span> 
     </span>
    </p>

    <p class='ocr_par' dir='ltr' id='par_1_10' title="bbox 118 4504 2675 4755">
     <span class='ocr_line' id='line_1_42' title="bbox 169 4504 2669 4576; baseline 0.001 -17"><span class='ocrx_word' id='word_1_427' title='bbox 169 4504 187 4542; x_wconf 81' lang='lat'>⁸</span> <span class='ocrx_word' id='word_1_428' title='bbox 218 4525 234 4548; x_wconf 73' lang='grc' dir='ltr'>ι</span> <span class='ocrx_word' id='word_1_429' title='bbox 264 4509 465 4562; x_wconf 81' lang='lat' dir='ltr'>Credest</span> <span class='ocrx_word' id='word_1_430' title='bbox 505 4512 606 4564; x_wconf 88' lang='lat' dir='ltr'>che</span> <span class='ocrx_word' id='word_1_431' title='bbox 654 4513 692 4563; x_wconf 85' lang='lat' dir='ltr'>il</span> <span class='ocrx_word' id='word_1_432' title='bbox 726 4510 985 4576; x_wconf 81' lang='lat' dir='ltr'>flttajuolo</span> <span class='ocrx_word' id='word_1_433' title='bbox 1020 4511 1180 4563; x_wconf 82' lang='lat' dir='ltr'>abbia</span> <span class='ocrx_word' id='word_1_434' title='bbox 1211 4512 1392 4564; x_wconf 82' lang='lat' dir='ltr'>diritto</span> <span class='ocrx_word' id='word_1_435' title='bbox 1426 4508 1810 4571; x_wconf 85' lang='lat' dir='ltr'>all’alluvione,</span> <span class='ocrx_word' id='word_1_436' title='bbox 1848 4522 1935 4562; x_wconf 85' lang='lat' dir='ltr'>ma</span> <span class='ocrx_word' id='word_1_437' title='bbox 1968 4510 2255 4563; x_wconf 84' lang='lat' dir='ltr'>crescendo</span> <span class='ocrx_word' id='word_1_438' title='bbox 2278 4507 2445 4562; x_wconf 84' lang='lat' dir='ltr'>llfitto</span> <span class='ocrx_word' id='word_1_439' title='bbox 2467 4508 2523 4560; x_wconf 87' lang='lat' dir='ltr'>in</span> <span class='ocrx_word' id='word_1_440' title='bbox 2549 4521 2669 4572; x_wconf 85' lang='lat' dir='ltr'>pro-</span> 
     </span>
     <span class='ocr_line' id='line_1_43' title="bbox 118 4569 2675 4637; baseline 0.002 -18"><span class='ocrx_word' id='word_1_441' title='bbox 118 4569 353 4636; x_wconf 66' lang='lat' dir='ltr'>nomene:</span> <span class='ocrx_word' id='word_1_442' title='bbox 391 4573 688 4635; x_wconf 62' lang='lat' dir='ltr'>zachariae,</span> <span class='ocrx_word' id='word_1_443' title='bbox 718 4575 948 4636; x_wconf 85' lang='lat' dir='ltr'>Pothier‚</span> <span class='ocrx_word' id='word_1_444' title='bbox 982 4574 1251 4626; x_wconf 83' lang='lat' dir='ltr'>Chardon.</span> <span class='ocrx_word' id='word_1_445' title='bbox 1286 4573 1419 4625; x_wconf 84' lang='lat' dir='ltr'>Pero</span> <span class='ocrx_word' id='word_1_446' title='bbox 1455 4574 1726 4637; x_wconf 83' lang='lat' dir='ltr'>Troplong</span> <span class='ocrx_word' id='word_1_447' title='bbox 1770 4585 1870 4625; x_wconf 89' lang='lat' dir='ltr'>con</span> <span class='ocrx_word' id='word_1_448' title='bbox 1905 4575 2181 4626; x_wconf 85' lang='lat' dir='ltr'>Duranton</span> <span class='ocrx_word' id='word_1_449' title='bbox 2214 4572 2394 4624; x_wconf 87' lang='lat' dir='ltr'>dando</span> <span class='ocrx_word' id='word_1_450' title='bbox 2444 4572 2547 4625; x_wconf 84' lang='lat' dir='ltr'>tale</span> <span class='ocrx_word' id='word_1_451' title='bbox 2599 4571 2675 4623; x_wconf 85' lang='lat' dir='ltr'>di·</span> 
     </span>
     <span class='ocr_line' id='line_1_44' title="bbox 119 4628 2671 4755; baseline 0.003 -15"><span class='ocrx_word' id='word_1_452' title='bbox 119 4628 234 4741; x_wconf 62' lang='lat' dir='ltr'>att</span> <span class='ocrx_word' id='word_1_453' title='bbox 255 4635 412 4747; x_wconf 60' lang='lat' dir='ltr'>aia</span> <span class='ocrx_word' id='word_1_454' title='bbox 439 4634 2013 4755; x_wconf 49' lang='lat' dir='ltr'>310222302253233&#39;51203320&amp;2132132w5’1v333001-2hatl‘</span> <span class='ocrx_word' id='word_1_455' title='bbox 2039 4634 2671 4753; x_wconf 47' lang='lat' dir='ltr'>glattikissv‘ifivffisstn</span> 
     </span>
    </p>

    <p class='ocr_par' dir='ltr' id='par_1_11' title="bbox 846 4718 2499 4762">
     <span class='ocr_line' id='line_1_45' title="bbox 846 4718 2499 4762; baseline 0 -1"><span class='ocrx_word' id='word_1_456' title='bbox 846 4752 855 4762; x_wconf 83' lang='lat'>.</span> <span class='ocrx_word' id='word_1_457' title='bbox 1219 4718 1238 4745; x_wconf 65' lang='lat'>²</span> <span class='ocrx_word' id='word_1_458' title='bbox 1531 4737 1552 4760; x_wconf 67' lang='grc' dir='ltr'>ι</span> <span class='ocrx_word' id='word_1_459' title='bbox 1756 4737 1768 4749; x_wconf 86' lang='grc'><em>·</em></span> <span class='ocrx_word' id='word_1_460' title='bbox 1874 4738 1887 4752; x_wconf 86' lang='grc'>·</span> <span class='ocrx_word' id='word_1_461' title='bbox 2010 4740 2021 4752; x_wconf 89' lang='grc'><em>·</em></span> <span class='ocrx_word' id='word_1_462' title='bbox 2296 4734 2312 4761; x_wconf 73' lang='lat'><em>2</em></span> <span class='ocrx_word' id='word_1_463' title='bbox 2492 4737 2499 4744; x_wconf 90' lang='lat'><em>·</em></span> 
     </span>
    </p>
   </div>
  </div>
 </body>
</html>
