<?xml version="1.0" encoding="UTF-8"?>
<!DOCTYPE html PUBLIC "-//W3C//DTD XHTML 1.0 Transitional//EN"
    "http://www.w3.org/TR/xhtml1/DTD/xhtml1-transitional.dtd">
<html xmlns="http://www.w3.org/1999/xhtml" xml:lang="en" lang="en">
 <head>
  <title>
</title>
<meta http-equiv="Content-Type" content="text/html;charset=utf-8" />
  <meta name='ocr-system' content='tesseract 3.04.00' />
  <meta name='ocr-capabilities' content='ocr_page ocr_carea ocr_par ocr_line ocrx_word'/>
</head>
<body>
  <div class='ocr_page' id='page_1' title='image "./theologiamorali04scavgoog_0714.png"; bbox 0 0 3292 5167; ppageno 0'>
   <div class='ocr_carea' id='block_1_1' title="bbox 517 184 2475 262">
    <p class='ocr_par' dir='ltr' id='par_1_1' title="bbox 517 184 2475 262">
     <span class='ocr_line' id='line_1_1' title="bbox 517 184 2475 262; baseline 0 -12"><span class='ocrx_word' id='word_1_1' title='bbox 517 184 646 254; x_wconf 76' lang='lat'>702</span> <span class='ocrx_word' id='word_1_2' title='bbox 936 209 939 214; x_wconf 93' lang='lat'><em>·</em></span> <span class='ocrx_word' id='word_1_3' title='bbox 1180 204 1295 249; x_wconf 77' lang='lat' dir='ltr'>mn.</span> <span class='ocrx_word' id='word_1_4' title='bbox 1340 203 1402 248; x_wconf 84' lang='lat'>11.</span> <span class='ocrx_word' id='word_1_5' title='bbox 1453 204 1666 262; x_wconf 65' lang='lat' dir='ltr'>ruitur.</span> <span class='ocrx_word' id='word_1_6' title='bbox 1716 205 1842 251; x_wconf 77' lang='lat' dir='ltr'>vni.</span> <span class='ocrx_word' id='word_1_7' title='bbox 1891 206 2044 253; x_wconf 67' lang='lat' dir='ltr'>mse.</span> <span class='ocrx_word' id='word_1_8' title='bbox 2094 203 2181 252; x_wconf 81' lang='grc' dir='ltr'><strong>ιιι.</strong></span> <span class='ocrx_word' id='word_1_9' title='bbox 2231 205 2361 252; x_wconf 62' lang='lat' dir='ltr'>car.</span> <span class='ocrx_word' id='word_1_10' title='bbox 2409 203 2475 251; x_wconf 89' lang='lat' dir='ltr'>n.</span> 
     </span>
    </p>
   </div>
   <div class='ocr_carea' id='block_1_2' title="bbox 466 304 3124 1691">
    <p class='ocr_par' dir='ltr' id='par_1_2' title="bbox 466 304 3124 722">
     <span class='ocr_line' id='line_1_2' title="bbox 504 304 3124 395; baseline 0 -22"><span class='ocrx_word' id='word_1_11' title='bbox 504 306 789 395; x_wconf 69' lang='lat' dir='ltr'>poi-alis,</span> <span class='ocrx_word' id='word_1_12' title='bbox 836 304 961 375; x_wconf 89' lang='lat' dir='ltr'>etsi</span> <span class='ocrx_word' id='word_1_13' title='bbox 1009 305 1139 372; x_wconf 84' lang='lat' dir='ltr'>vita</span> <span class='ocrx_word' id='word_1_14' title='bbox 1187 305 1471 392; x_wconf 81' lang='lat' dir='ltr'><strong>proximi</strong></span> <span class='ocrx_word' id='word_1_15' title='bbox 1522 306 1800 376; x_wconf 81' lang='lat' dir='ltr'>excellat</span> <span class='ocrx_word' id='word_1_16' title='bbox 1848 307 2158 378; x_wconf 87' lang='lat' dir='ltr'>omnibus</span> <span class='ocrx_word' id='word_1_17' title='bbox 2206 307 2490 392; x_wconf 79' lang='lat' dir='ltr'>divitiis,</span> <span class='ocrx_word' id='word_1_18' title='bbox 2541 314 2830 378; x_wconf 81' lang='lat' dir='ltr'><strong>attamen</strong></span> <span class='ocrx_word' id='word_1_19' title='bbox 2881 311 3124 377; x_wconf 82' lang='lat' dir='ltr'>notant</span> 
     </span>
     <span class='ocr_line' id='line_1_3' title="bbox 514 413 3117 502; baseline -0.001 -20"><span class='ocrx_word' id='word_1_20' title='bbox 514 413 667 482; x_wconf 86' lang='lat' dir='ltr'>Viva</span> <span class='ocrx_word' id='word_1_21' title='bbox 718 418 784 481; x_wconf 90' lang='lat' dir='ltr'>et</span> <span class='ocrx_word' id='word_1_22' title='bbox 833 413 1272 481; x_wconf 84' lang='lat' dir='ltr'>continuator</span> <span class='ocrx_word' id='word_1_23' title='bbox 1315 414 1647 500; x_wconf 84' lang='lat' dir='ltr'>Tournely</span> <span class='ocrx_word' id='word_1_24' title='bbox 1695 431 1845 483; x_wconf 88' lang='lat' dir='ltr'>cum</span> <span class='ocrx_word' id='word_1_25' title='bbox 1895 414 2137 500; x_wconf 85' lang='lat' dir='ltr'>Sylvio,</span> <span class='ocrx_word' id='word_1_26' title='bbox 2191 415 2371 502; x_wconf 84' lang='lat' dir='ltr'>quod</span> <span class='ocrx_word' id='word_1_27' title='bbox 2419 432 2636 502; x_wconf 88' lang='lat' dir='ltr'>neque</span> <span class='ocrx_word' id='word_1_28' title='bbox 2709 416 2773 482; x_wconf 90' lang='lat' dir='ltr'>in</span> <span class='ocrx_word' id='word_1_29' title='bbox 2817 421 3117 483; x_wconf 83' lang='lat' dir='ltr'>extrema</span> 
     </span>
     <span class='ocr_line' id='line_1_4' title="bbox 466 513 3120 610; baseline 0.002 -22"><span class='ocrx_word' id='word_1_30' title='bbox 466 513 471 520; x_wconf 80' lang='grc'>’</span> <span class='ocrx_word' id='word_1_31' title='bbox 511 522 911 590; x_wconf 77' lang='lat' dir='ltr'>necessitate</span> <span class='ocrx_word' id='word_1_32' title='bbox 961 521 1292 607; x_wconf 85' lang='lat' dir='ltr'>pauperis,</span> <span class='ocrx_word' id='word_1_33' title='bbox 1330 529 1636 602; x_wconf 83' lang='lat' dir='ltr'>teneatur</span> <span class='ocrx_word' id='word_1_34' title='bbox 1673 523 1855 593; x_wconf 88' lang='lat' dir='ltr'>dives</span> <span class='ocrx_word' id='word_1_35' title='bbox 1891 541 2193 609; x_wconf 84' lang='lat' dir='ltr'>magnam</span> <span class='ocrx_word' id='word_1_36' title='bbox 2230 524 2578 610; x_wconf 85' lang='lat' dir='ltr'>pecuniam</span> <span class='ocrx_word' id='word_1_37' title='bbox 2611 541 2923 608; x_wconf 83' lang='lat' dir='ltr'>erogare3</span> <span class='ocrx_word' id='word_1_38' title='bbox 2962 540 3120 592; x_wconf 89' lang='lat' dir='ltr'>cum</span> 
     </span>
     <span class='ocr_line' id='line_1_5' title="bbox 512 628 2889 722; baseline 0.002 -27"><span class='ocrx_word' id='word_1_39' title='bbox 512 628 658 696; x_wconf 87' lang='lat' dir='ltr'>haec</span> <span class='ocrx_word' id='word_1_40' title='bbox 707 630 839 698; x_wconf 89' lang='lat' dir='ltr'>sint</span> <span class='ocrx_word' id='word_1_41' title='bbox 888 629 1099 697; x_wconf 86' lang='lat' dir='ltr'>media</span> <span class='ocrx_word' id='word_1_42' title='bbox 1149 630 1335 699; x_wconf 84' lang='lat' dir='ltr'>valde</span> <span class='ocrx_word' id='word_1_43' title='bbox 1383 630 1693 714; x_wconf 87' lang='lat' dir='ltr'>difficilia,</span> <span class='ocrx_word' id='word_1_44' title='bbox 1743 638 1810 702; x_wconf 90' lang='lat' dir='ltr'>et</span> <span class='ocrx_word' id='word_1_45' title='bbox 1855 632 1993 701; x_wconf 80' lang='lat' dir='ltr'>sere</span> <span class='ocrx_word' id='word_1_46' title='bbox 2023 632 2384 722; x_wconf 32' lang='lat' dir='ltr'>,moraliter</span> <span class='ocrx_word' id='word_1_47' title='bbox 2431 631 2889 719; x_wconf 87' lang='lat' dir='ltr'>impossibilia.</span> 
     </span>
    </p>

    <p class='ocr_par' dir='ltr' id='par_1_3' title="bbox 510 737 3119 1691">
     <span class='ocr_line' id='line_1_6' title="bbox 606 737 3119 827; baseline 0.001 -22"><span class='ocrx_word' id='word_1_48' title='bbox 606 739 853 806; x_wconf 69' lang='lat' dir='ltr'>Renum</span> <span class='ocrx_word' id='word_1_49' title='bbox 902 738 1001 806; x_wconf 77' lang='lat'>4⁸:</span> <span class='ocrx_word' id='word_1_50' title='bbox 1054 738 1120 805; x_wconf 92' lang='lat' dir='ltr'>Si</span> <span class='ocrx_word' id='word_1_51' title='bbox 1165 737 1505 823; x_wconf 86' lang='lat' dir='ltr'>proximus</span> <span class='ocrx_word' id='word_1_52' title='bbox 1536 738 1621 807; x_wconf 89' lang='lat' dir='ltr'>sit</span> <span class='ocrx_word' id='word_1_53' title='bbox 1656 739 1944 827; x_wconf 72' lang='lat' dir='ltr'>idyravi</span> <span class='ocrx_word' id='word_1_54' title='bbox 1995 740 2350 807; x_wconf 76' lang='lat' dir='ltr'>necessitate</span> <span class='ocrx_word' id='word_1_55' title='bbox 2404 739 2541 806; x_wconf 88' lang='lat' dir='ltr'>sive</span> <span class='ocrx_word' id='word_1_56' title='bbox 2596 738 2922 825; x_wconf 78' lang='lat' dir='ltr'>spirituali</span> <span class='ocrx_word' id='word_1_57' title='bbox 2981 740 3119 808; x_wconf 78' lang='lat' dir='ltr'>sive</span> 
     </span>
     <span class='ocr_line' id='line_1_7' title="bbox 510 833 3116 933; baseline 0 -18"><span class='ocrx_word' id='word_1_58' title='bbox 510 846 859 930; x_wconf 83' lang='lat' dir='ltr'>temperali</span> <span class='ocrx_word' id='word_1_59' title='bbox 896 863 1091 913; x_wconf 90' lang='lat' dir='ltr'>nemo</span> <span class='ocrx_word' id='word_1_60' title='bbox 1129 846 1186 913; x_wconf 93' lang='lat' dir='ltr'>ei</span> <span class='ocrx_word' id='word_1_61' title='bbox 1239 864 1356 931; x_wconf 91' lang='lat' dir='ltr'>per</span> <span class='ocrx_word' id='word_1_62' title='bbox 1403 865 1476 916; x_wconf 90' lang='lat' dir='ltr'>se</span> <span class='ocrx_word' id='word_1_63' title='bbox 1523 855 1791 915; x_wconf 89' lang='lat' dir='ltr'>tenetur</span> <span class='ocrx_word' id='word_1_64' title='bbox 1837 866 2229 916; x_wconf 79' lang='lat' dir='ltr'>succurrere</span> <span class='ocrx_word' id='word_1_65' title='bbox 2261 866 2410 916; x_wconf 90' lang='lat' dir='ltr'>cum</span> <span class='ocrx_word' id='word_1_66' title='bbox 2446 847 2619 933; x_wconf 85' lang='lat' dir='ltr'>gravi</span> <span class='ocrx_word' id='word_1_67' title='bbox 2655 833 3116 930; x_wconf 82' lang='lat' dir='ltr'>incommodo3</span> 
     </span>
     <span class='ocr_line' id='line_1_8' title="bbox 511 954 3117 1042; baseline -0.002 -15"><span class='ocrx_word' id='word_1_68' title='bbox 511 974 662 1027; x_wconf 91' lang='lat' dir='ltr'>nam</span> <span class='ocrx_word' id='word_1_69' title='bbox 691 954 955 1041; x_wconf 86' lang='lat' dir='ltr'>quando</span> <span class='ocrx_word' id='word_1_70' title='bbox 991 955 1155 1022; x_wconf 89' lang='lat' dir='ltr'>alter</span> <span class='ocrx_word' id='word_1_71' title='bbox 1178 954 1484 1023; x_wconf 90' lang='lat' dir='ltr'>absolute</span> <span class='ocrx_word' id='word_1_72' title='bbox 1512 962 1733 1041; x_wconf 91' lang='lat' dir='ltr'>potest</span> <span class='ocrx_word' id='word_1_73' title='bbox 1760 973 1793 1022; x_wconf 87' lang='lat' dir='ltr'>a</span> <span class='ocrx_word' id='word_1_74' title='bbox 1820 955 2118 1042; x_wconf 90' lang='lat' dir='ltr'>periculo</span> <span class='ocrx_word' id='word_1_75' title='bbox 2144 974 2217 1024; x_wconf 89' lang='lat' dir='ltr'>se</span> <span class='ocrx_word' id='word_1_76' title='bbox 2242 956 2654 1037; x_wconf 84' lang='lat' dir='ltr'>subtrahere,</span> <span class='ocrx_word' id='word_1_77' title='bbox 2685 975 2820 1024; x_wconf 91' lang='lat' dir='ltr'>non</span> <span class='ocrx_word' id='word_1_78' title='bbox 2854 956 3117 1024; x_wconf 83' lang='lat' dir='ltr'>videtur</span> 
     </span>
     <span class='ocr_line' id='line_1_9' title="bbox 510 1061 3116 1148; baseline -0.002 -12"><span class='ocrx_word' id='word_1_79' title='bbox 510 1065 797 1142; x_wconf 82' lang='lat' dir='ltr'>charitas</span> <span class='ocrx_word' id='word_1_80' title='bbox 831 1081 952 1131; x_wconf 92' lang='lat' dir='ltr'>nos</span> <span class='ocrx_word' id='word_1_81' title='bbox 988 1062 1282 1148; x_wconf 85' lang='lat' dir='ltr'>obligare</span> <span class='ocrx_word' id='word_1_82' title='bbox 1316 1061 1403 1129; x_wconf 77' lang='lat' dir='ltr'>ad.</span> <span class='ocrx_word' id='word_1_83' title='bbox 1430 1062 1522 1129; x_wconf 91' lang='lat' dir='ltr'>illi</span> <span class='ocrx_word' id='word_1_84' title='bbox 1557 1063 2085 1144; x_wconf 81' lang='lat' dir='ltr'>subveniendum</span> <span class='ocrx_word' id='word_1_85' title='bbox 2119 1081 2269 1133; x_wconf 90' lang='lat' dir='ltr'>cum</span> <span class='ocrx_word' id='word_1_86' title='bbox 2305 1071 2485 1132; x_wconf 84' lang='lat' dir='ltr'>tanta</span> <span class='ocrx_word' id='word_1_87' title='bbox 2521 1064 2930 1145; x_wconf 84' lang='lat' dir='ltr'>difficultate,</span> <span class='ocrx_word' id='word_1_88' title='bbox 2962 1082 3116 1133; x_wconf 89' lang='lat' dir='ltr'>cum</span> 
     </span>
     <span class='ocr_line' id='line_1_10' title="bbox 511 1170 3110 1258; baseline -0.001 -16"><span class='ocrx_word' id='word_1_89' title='bbox 511 1182 670 1242; x_wconf 89' lang='lat' dir='ltr'>tunc</span> <span class='ocrx_word' id='word_1_90' title='bbox 708 1171 1047 1258; x_wconf 84' lang='lat' dir='ltr'>proximus</span> <span class='ocrx_word' id='word_1_91' title='bbox 1080 1188 1232 1239; x_wconf 79' lang='lat' dir='ltr'>vere</span> <span class='ocrx_word' id='word_1_92' title='bbox 1266 1170 1388 1239; x_wconf 87' lang='lat' dir='ltr'>dici</span> <span class='ocrx_word' id='word_1_93' title='bbox 1415 1176 1701 1256; x_wconf 83' lang='lat' dir='ltr'>ne&#39;queat</span> <span class='ocrx_word' id='word_1_94' title='bbox 1729 1171 1793 1238; x_wconf 92' lang='lat' dir='ltr'>in</span> <span class='ocrx_word' id='word_1_95' title='bbox 1824 1190 1978 1240; x_wconf 86' lang='lat' dir='ltr'>casu</span> <span class='ocrx_word' id='word_1_96' title='bbox 2021 1171 2455 1242; x_wconf 83' lang='lat' dir='ltr'>necessitatis.</span> <span class='ocrx_word' id='word_1_97' title='bbox 2507 1172 2847 1241; x_wconf 81' lang='lat' dir='ltr'>Diximus:</span> <span class='ocrx_word' id='word_1_98' title='bbox 2895 1173 2962 1257; x_wconf 80' lang='lat' dir='ltr'>l)</span> <span class='ocrx_word' id='word_1_99' title='bbox 2994 1192 3110 1257; x_wconf 82' lang='lat' dir='ltr'>per</span> 
     </span>
     <span class='ocr_line' id='line_1_11' title="bbox 510 1277 3107 1365; baseline -0.001 -17"><span class='ocrx_word' id='word_1_100' title='bbox 510 1302 603 1358; x_wconf 88' lang='lat' dir='ltr'>se,·</span> <span class='ocrx_word' id='word_1_101' title='bbox 632 1296 783 1347; x_wconf 90' lang='lat' dir='ltr'>nam</span> <span class='ocrx_word' id='word_1_102' title='bbox 815 1283 1158 1346; x_wconf 89' lang='lat' dir='ltr'>teneretur</span> <span class='ocrx_word' id='word_1_103' title='bbox 1183 1277 1379 1346; x_wconf 87' lang='lat' dir='ltr'>etiam</span> <span class='ocrx_word' id='word_1_104' title='bbox 1407 1296 1558 1346; x_wconf 90' lang='lat' dir='ltr'>cum</span> <span class='ocrx_word' id='word_1_105' title='bbox 1594 1279 1891 1364; x_wconf 90' lang='lat' dir='ltr'>periculo</span> <span class='ocrx_word' id='word_1_106' title='bbox 1917 1280 2096 1364; x_wconf 83' lang='lat' dir='ltr'>vitae,</span> <span class='ocrx_word' id='word_1_107' title='bbox 2124 1280 2178 1348; x_wconf 91' lang='lat' dir='ltr'>si</span> <span class='ocrx_word' id='word_1_108' title='bbox 2231 1281 2378 1365; x_wconf 80' lang='lat' dir='ltr'>quis</span> <span class='ocrx_word' id='word_1_109' title='bbox 2419 1280 2499 1348; x_wconf 90' lang='lat' dir='ltr'>ad</span> <span class='ocrx_word' id='word_1_110' title='bbox 2534 1280 2600 1348; x_wconf 93' lang='lat' dir='ltr'>id</span> <span class='ocrx_word' id='word_1_111' title='bbox 2635 1280 2972 1364; x_wconf 81' lang='lat' dir='ltr'>obligetur</span> <span class='ocrx_word' id='word_1_112' title='bbox 3005 1279 3107 1348; x_wconf 87' lang='lat' dir='ltr'>vel</span> 
     </span>
     <span class='ocr_line' id='line_1_12' title="bbox 511 1379 3112 1472; baseline -0.001 -15"><span class='ocrx_word' id='word_1_113' title='bbox 511 1389 768 1472; x_wconf 85' lang='lat' dir='ltr'>ratione</span> <span class='ocrx_word' id='word_1_114' title='bbox 819 1386 1036 1468; x_wconf 87' lang='lat' dir='ltr'>officii,</span> <span class='ocrx_word' id='word_1_115' title='bbox 1088 1386 1184 1452; x_wconf 91' lang='lat' dir='ltr'>uti</span> <span class='ocrx_word' id='word_1_116' title='bbox 1231 1392 1388 1454; x_wconf 90' lang='lat' dir='ltr'>sunt</span> <span class='ocrx_word' id='word_1_117' title='bbox 1436 1387 1803 1455; x_wconf 84' lang='lat' dir='ltr'>animarum</span> <span class='ocrx_word' id='word_1_118' title='bbox 1852 1391 2198 1470; x_wconf 78' lang='lat' dir='ltr'>Pastores3</span> <span class='ocrx_word' id='word_1_119' title='bbox 2248 1388 2348 1456; x_wconf 83' lang='lat' dir='ltr'>vel</span> <span class='ocrx_word' id='word_1_120' title='bbox 2386 1379 2658 1457; x_wconf 79' lang='lat' dir='ltr'>ratione·</span> <span class='ocrx_word' id='word_1_121' title='bbox 2693 1388 2964 1470; x_wconf 87' lang='lat' dir='ltr'>delicti,</span> <span class='ocrx_word' id='word_1_122' title='bbox 3011 1389 3112 1456; x_wconf 82' lang='lat' dir='ltr'>uti</span> 
     </span>
     <span class='ocr_line' id='line_1_13' title="bbox 510 1491 3115 1580; baseline -0.002 -15"><span class='ocrx_word' id='word_1_123' title='bbox 510 1500 689 1577; x_wconf 80' lang='lat' dir='ltr'>esset</span> <span class='ocrx_word' id='word_1_124' title='bbox 759 1493 812 1562; x_wconf 90' lang='lat' dir='ltr'>si</span> <span class='ocrx_word' id='word_1_125' title='bbox 864 1492 1037 1576; x_wconf 84' lang='lat' dir='ltr'>&#39;quis</span> <span class='ocrx_word' id='word_1_126' title='bbox 1112 1491 1420 1561; x_wconf 85' lang='lat' dir='ltr'>haeresim</span> <span class='ocrx_word' id='word_1_127' title='bbox 1493 1491 1866 1572; x_wconf 87' lang='lat' dir='ltr'>docuisset;</span> <span class='ocrx_word' id='word_1_128' title='bbox 1938 1495 2038 1564; x_wconf 87' lang='lat' dir='ltr'>vel</span> <span class='ocrx_word' id='word_1_129' title='bbox 2088 1494 2143 1563; x_wconf 85' lang='lat' dir='ltr'>si</span> <span class='ocrx_word' id='word_1_130' title='bbox 2192 1496 2555 1564; x_wconf 87' lang='lat' dir='ltr'>necessitas</span> <span class='ocrx_word' id='word_1_131' title='bbox 2602 1493 2711 1562; x_wconf 87' lang='lat' dir='ltr'>illa</span> <span class='ocrx_word' id='word_1_132' title='bbox 2761 1493 2977 1580; x_wconf 83' lang='lat' dir='ltr'>gravis</span> <span class='ocrx_word' id='word_1_133' title='bbox 3024 1493 3115 1562; x_wconf 87' lang='lat' dir='ltr'>sit</span> 
     </span>
     <span class='ocr_line' id='line_1_14' title="bbox 512 1599 3112 1691; baseline -0.001 -20"><span class='ocrx_word' id='word_1_134' title='bbox 512 1602 799 1691; x_wconf 83' lang='lat' dir='ltr'>publica,</span> <span class='ocrx_word' id='word_1_135' title='bbox 852 1599 1005 1685; x_wconf 87' lang='lat' dir='ltr'>quia</span> <span class='ocrx_word' id='word_1_136' title='bbox 1054 1600 1417 1668; x_wconf 87' lang='lat' dir='ltr'>necessitas</span> <span class='ocrx_word' id='word_1_137' title='bbox 1467 1601 1681 1685; x_wconf 83' lang='lat' dir='ltr'>gravis</span> <span class='ocrx_word' id='word_1_138' title='bbox 1731 1602 1992 1687; x_wconf 82' lang='lat' dir='ltr'>publica</span> <span class='ocrx_word' id='word_1_139' title='bbox 2041 1603 2215 1670; x_wconf 90' lang='lat' dir='ltr'>solet</span> <span class='ocrx_word' id='word_1_140' title='bbox 2259 1619 2526 1688; x_wconf 88' lang='lat' dir='ltr'>semper</span> <span class='ocrx_word' id='word_1_141' title='bbox 2573 1619 2721 1670; x_wconf 91' lang='lat' dir='ltr'>esse</span> <span class='ocrx_word' id='word_1_142' title='bbox 2755 1602 3112 1687; x_wconf 85' lang='lat' dir='ltr'>conjuncta</span> 
     </span>
    </p>
   </div>
   <div class='ocr_carea' id='block_1_3' title="bbox 426 1716 3162 4271">
    <p class='ocr_par' dir='ltr' id='par_1_4' title="bbox 426 1716 3110 2018">
     <span class='ocr_line' id='line_1_15' title="bbox 507 1716 3110 1805; baseline -0.002 -20"><span class='ocrx_word' id='word_1_143' title='bbox 507 1734 660 1787; x_wconf 88' lang='lat' dir='ltr'>cum</span> <span class='ocrx_word' id='word_1_144' title='bbox 692 1725 981 1788; x_wconf 81' lang='lat' dir='ltr'>extrema</span> <span class='ocrx_word' id='word_1_145' title='bbox 1012 1716 1399 1802; x_wconf 81' lang='lat' dir='ltr'>aliquorum</span> <span class='ocrx_word' id='word_1_146' title='bbox 1434 1716 1844 1803; x_wconf 87' lang='lat' dir='ltr'>privatorum</span> <span class='ocrx_word' id='word_1_147' title='bbox 1876 1726 1921 1785; x_wconf 75' lang='lat'>¹.</span> <span class='ocrx_word' id='word_1_148' title='bbox 1964 1718 2303 1786; x_wconf 83' lang='lat' dir='ltr'>Diximus:</span> <span class='ocrx_word' id='word_1_149' title='bbox 2338 1719 2407 1805; x_wconf 78' lang='lat'>2)</span> <span class='ocrx_word' id='word_1_150' title='bbox 2455 1738 2600 1785; x_wconf 82' lang='lat' dir='ltr'>cum</span> <span class='ocrx_word' id='word_1_151' title='bbox 2638 1717 2823 1803; x_wconf 74' lang='lat' dir='ltr'>qravi</span> <span class='ocrx_word' id='word_1_152' title='bbox 2860 1717 3110 1784; x_wconf 81' lang='lat' dir='ltr'>incom-</span> 
     </span>
     <span class='ocr_line' id='line_1_16' title="bbox 506 1823 3106 1911; baseline -0.001 -18"><span class='ocrx_word' id='word_1_153' title='bbox 506 1825 729 1904; x_wconf 81' lang='lat' dir='ltr'>modo;</span> <span class='ocrx_word' id='word_1_154' title='bbox 771 1841 921 1891; x_wconf 89' lang='lat' dir='ltr'>nam</span> <span class='ocrx_word' id='word_1_155' title='bbox 972 1824 1259 1909; x_wconf 86' lang='lat' dir='ltr'>quisque</span> <span class='ocrx_word' id='word_1_156' title='bbox 1308 1830 1572 1896; x_wconf 82' lang='lat' dir='ltr'>tenetur</span> <span class='ocrx_word' id='word_1_157' title='bbox 1604 1825 1929 1910; x_wconf 82' lang='lat' dir='ltr'>proximo,</span> <span class='ocrx_word' id='word_1_158' title='bbox 1967 1825 2028 1892; x_wconf 92' lang='lat' dir='ltr'>in</span> <span class='ocrx_word' id='word_1_159' title='bbox 2067 1826 2241 1911; x_wconf 84' lang='lat' dir='ltr'>gravi</span> <span class='ocrx_word' id='word_1_160' title='bbox 2278 1825 2675 1894; x_wconf 87' lang='lat' dir='ltr'>necessitate</span> <span class='ocrx_word' id='word_1_161' title='bbox 2709 1823 3106 1905; x_wconf 81' lang='lat' dir='ltr'>constitute,</span> 
     </span>
     <span class='ocr_line' id='line_1_17' title="bbox 426 1929 3107 2018; baseline -0.003 -16"><span class='ocrx_word' id='word_1_162' title='bbox 426 1963 431 1970; x_wconf 87' lang='lat'><em>·</em></span> <span class='ocrx_word' id='word_1_163' title='bbox 507 1931 861 2002; x_wconf 85' lang='lat' dir='ltr'>subvenire</span> <span class='ocrx_word' id='word_1_164' title='bbox 895 1948 1044 1998; x_wconf 89' lang='lat' dir='ltr'>cum</span> <span class='ocrx_word' id='word_1_165' title='bbox 1071 1930 1333 1998; x_wconf 90' lang='lat' dir='ltr'>modico</span> <span class='ocrx_word' id='word_1_166' title='bbox 1365 1931 1764 1999; x_wconf 86' lang='lat' dir='ltr'>detrimento</span> <span class='ocrx_word' id='word_1_167' title='bbox 1802 1931 2050 2018; x_wconf 87' lang='lat' dir='ltr'>proprii</span> <span class='ocrx_word' id='word_1_168' title='bbox 2086 1939 2320 2013; x_wconf 77' lang='lat' dir='ltr'>statuS,</span> <span class='ocrx_word' id='word_1_169' title='bbox 2358 1937 2429 1999; x_wconf 91' lang='lat' dir='ltr'>ut</span> <span class='ocrx_word' id='word_1_170' title='bbox 2458 1949 2564 2000; x_wconf 88' lang='lat' dir='ltr'>res</span> <span class='ocrx_word' id='word_1_171' title='bbox 2604 1931 2746 2016; x_wconf 86' lang='lat' dir='ltr'>ipsa</span> <span class='ocrx_word' id='word_1_172' title='bbox 2779 1929 3107 2014; x_wconf 89' lang='lat' dir='ltr'>loquitur.</span> 
     </span>
    </p>

    <p class='ocr_par' dir='ltr' id='par_1_5' title="bbox 507 2036 3112 2557">
     <span class='ocr_line' id='line_1_18' title="bbox 597 2036 3112 2123; baseline -0.002 -16"><span class='ocrx_word' id='word_1_173' title='bbox 597 2041 844 2107; x_wconf 62' lang='lat' dir='ltr'>Renum</span> <span class='ocrx_word' id='word_1_174' title='bbox 892 2038 987 2104; x_wconf 76' lang='lat'>5⁸:</span> <span class='ocrx_word' id='word_1_175' title='bbox 1038 2037 1103 2104; x_wconf 90' lang='lat' dir='ltr'>Si</span> <span class='ocrx_word' id='word_1_176' title='bbox 1143 2037 1486 2122; x_wconf 86' lang='lat' dir='ltr'>proximus</span> <span class='ocrx_word' id='word_1_177' title='bbox 1536 2044 1838 2106; x_wconf 85' lang='lat' dir='ltr'>versetur</span> <span class='ocrx_word' id='word_1_178' title='bbox 1885 2040 1948 2107; x_wconf 90' lang='lat' dir='ltr'>in</span> <span class='ocrx_word' id='word_1_179' title='bbox 1981 2040 2335 2106; x_wconf 80' lang='lat' dir='ltr'>necessitate</span> <span class='ocrx_word' id='word_1_180' title='bbox 2381 2039 2696 2106; x_wconf 79' lang='lat' dir='ltr'>communi</span> <span class='ocrx_word' id='word_1_181' title='bbox 2742 2038 2880 2106; x_wconf 83' lang='lat' dir='ltr'>sive</span> <span class='ocrx_word' id='word_1_182' title='bbox 2913 2036 3112 2123; x_wconf 88' lang='lat' dir='ltr'>spiri-</span> 
     </span>
     <span class='ocr_line' id='line_1_19' title="bbox 507 2141 3106 2234; baseline -0.001 -21"><span class='ocrx_word' id='word_1_183' title='bbox 507 2146 667 2214; x_wconf 86' lang='lat' dir='ltr'>tuali</span> <span class='ocrx_word' id='word_1_184' title='bbox 719 2145 854 2214; x_wconf 86' lang='lat' dir='ltr'>sive</span> <span class='ocrx_word' id='word_1_185' title='bbox 903 2144 1293 2231; x_wconf 87' lang='lat' dir='ltr'>temporali,</span> <span class='ocrx_word' id='word_1_186' title='bbox 1352 2151 1454 2212; x_wconf 91' lang='lat' dir='ltr'>est</span> <span class='ocrx_word' id='word_1_187' title='bbox 1511 2145 1743 2231; x_wconf 84' lang='lat' dir='ltr'>utique</span> <span class='ocrx_word' id='word_1_188' title='bbox 1776 2141 2204 2232; x_wconf 84' lang='lat' dir='ltr'>adjuvandus,</span> <span class='ocrx_word' id='word_1_189' title='bbox 2240 2148 2392 2234; x_wconf 87' lang='lat' dir='ltr'>quia</span> <span class='ocrx_word' id='word_1_190' title='bbox 2451 2145 2516 2214; x_wconf 93' lang='lat' dir='ltr'>id</span> <span class='ocrx_word' id='word_1_191' title='bbox 2571 2163 2762 2213; x_wconf 88' lang='lat' dir='ltr'>amor</span> <span class='ocrx_word' id='word_1_192' title='bbox 2819 2145 3106 2231; x_wconf 83' lang='lat' dir='ltr'>proximi</span> 
     </span>
     <span class='ocr_line' id='line_1_20' title="bbox 510 2252 3106 2348; baseline -0 -26"><span class='ocrx_word' id='word_1_193' title='bbox 510 2255 756 2338; x_wconf 84' lang='lat' dir='ltr'>exigit3</span> <span class='ocrx_word' id='word_1_194' title='bbox 804 2252 922 2321; x_wconf 92' lang='lat' dir='ltr'>sed</span> <span class='ocrx_word' id='word_1_195' title='bbox 970 2271 1090 2344; x_wconf 91' lang='lat' dir='ltr'>per</span> <span class='ocrx_word' id='word_1_196' title='bbox 1135 2271 1207 2319; x_wconf 89' lang='lat' dir='ltr'>se</span> <span class='ocrx_word' id='word_1_197' title='bbox 1247 2252 1580 2337; x_wconf 88' lang='lat' dir='ltr'>loquendo</span> <span class='ocrx_word' id='word_1_198' title='bbox 1633 2272 1763 2322; x_wconf 88' lang='lat' dir='ltr'>non</span> <span class='ocrx_word' id='word_1_199' title='bbox 1814 2262 2035 2341; x_wconf 88' lang='lat' dir='ltr'>potest</span> <span class='ocrx_word' id='word_1_200' title='bbox 2062 2253 2295 2323; x_wconf 87' lang='lat' dir='ltr'>adesse</span> <span class='ocrx_word' id='word_1_201' title='bbox 2343 2254 2467 2348; x_wconf 77' lang='lat' dir='ltr'>nisi</span> <span class='ocrx_word' id='word_1_202' title='bbox 2520 2253 2678 2321; x_wconf 90' lang='lat' dir='ltr'>levis</span> <span class='ocrx_word' id='word_1_203' title='bbox 2736 2252 3106 2339; x_wconf 85' lang='lat' dir='ltr'>obligatio,</span> 
     </span>
     <span class='ocr_line' id='line_1_21' title="bbox 510 2361 3100 2449; baseline -0.001 -20"><span class='ocrx_word' id='word_1_204' title='bbox 510 2379 658 2430; x_wconf 88' lang='lat' dir='ltr'>nam</span> <span class='ocrx_word' id='word_1_205' title='bbox 710 2361 1051 2449; x_wconf 85' lang='lat' dir='ltr'>proximus</span> <span class='ocrx_word' id='word_1_206' title='bbox 1102 2361 1244 2447; x_wconf 92' lang='lat' dir='ltr'>ipse</span> <span class='ocrx_word' id='word_1_207' title='bbox 1292 2368 1394 2428; x_wconf 87' lang='lat' dir='ltr'>sat</span> <span class='ocrx_word' id='word_1_208' title='bbox 1444 2361 1630 2431; x_wconf 77' lang='lat' dir='ltr'>facile</span> <span class='ocrx_word' id='word_1_209' title='bbox 1679 2381 1713 2430; x_wconf 90' lang='lat' dir='ltr'>a</span> <span class='ocrx_word' id='word_1_210' title='bbox 1763 2362 1873 2429; x_wconf 86' lang='lat' dir='ltr'>tali</span> <span class='ocrx_word' id='word_1_211' title='bbox 1924 2364 2319 2432; x_wconf 88' lang='lat' dir='ltr'>necessitate</span> <span class='ocrx_word' id='word_1_212' title='bbox 2367 2368 2590 2448; x_wconf 86' lang='lat' dir='ltr'>potest</span> <span class='ocrx_word' id='word_1_213' title='bbox 2638 2379 2711 2430; x_wconf 90' lang='lat' dir='ltr'>se</span> <span class='ocrx_word' id='word_1_214' title='bbox 2767 2361 3052 2429; x_wconf 86' lang='lat' dir='ltr'>liberare</span> <span class='ocrx_word' id='word_1_215' title='bbox 3083 2414 3100 2441; x_wconf 91' lang='lat'>,</span> 
     </span>
     <span class='ocr_line' id='line_1_22' title="bbox 509 2467 1580 2557; baseline -0.001 -19"><span class='ocrx_word' id='word_1_216' title='bbox 509 2487 727 2557; x_wconf 88' lang='lat' dir='ltr'>neque</span> <span class='ocrx_word' id='word_1_217' title='bbox 774 2477 875 2539; x_wconf 89' lang='lat' dir='ltr'>est</span> <span class='ocrx_word' id='word_1_218' title='bbox 924 2469 1013 2536; x_wconf 88' lang='lat' dir='ltr'>illi</span> <span class='ocrx_word' id='word_1_219' title='bbox 1064 2467 1228 2536; x_wconf 91' lang='lat' dir='ltr'>adeo</span> <span class='ocrx_word' id='word_1_220' title='bbox 1277 2470 1580 2538; x_wconf 88' lang='lat' dir='ltr'>molesta.</span> 
     </span>
    </p>

    <p class='ocr_par' dir='ltr' id='par_1_6' title="bbox 482 2576 3162 4271">
     <span class='ocr_line' id='line_1_23' title="bbox 595 2576 3104 2664; baseline -0.001 -19"><span class='ocrx_word' id='word_1_221' title='bbox 595 2580 840 2645; x_wconf 69' lang='lat' dir='ltr'>Rasum</span> <span class='ocrx_word' id='word_1_222' title='bbox 890 2576 989 2644; x_wconf 78' lang='lat'>6⁸:</span> <span class='ocrx_word' id='word_1_223' title='bbox 1041 2577 1106 2643; x_wconf 92' lang='lat' dir='ltr'>Si</span> <span class='ocrx_word' id='word_1_224' title='bbox 1158 2577 1569 2664; x_wconf 87' lang='lat' dir='ltr'>comparatio</span> <span class='ocrx_word' id='word_1_225' title='bbox 1619 2577 1885 2646; x_wconf 89' lang='lat' dir='ltr'>demum</span> <span class='ocrx_word' id='word_1_226' title='bbox 1931 2577 2317 2648; x_wconf 84' lang='lat' dir='ltr'>instituatur</span> <span class='ocrx_word' id='word_1_227' title='bbox 2370 2577 2544 2644; x_wconf 88' lang='lat' dir='ltr'>inter</span> <span class='ocrx_word' id='word_1_228' title='bbox 2594 2577 2889 2644; x_wconf 87' lang='lat' dir='ltr'>diversas</span> <span class='ocrx_word' id='word_1_229' title='bbox 2958 2593 3104 2662; x_wconf 89' lang='lat' dir='ltr'>per-</span> 
     </span>
     <span class='ocr_line' id='line_1_24' title="bbox 506 2682 3108 2770; baseline -0.001 -19"><span class='ocrx_word' id='word_1_230' title='bbox 506 2701 706 2751; x_wconf 87' lang='lat' dir='ltr'>sonas</span> <span class='ocrx_word' id='word_1_231' title='bbox 748 2736 765 2762; x_wconf 91' lang='lat'>,</span> <span class='ocrx_word' id='word_1_232' title='bbox 820 2683 884 2749; x_wconf 89' lang='lat' dir='ltr'>in</span> <span class='ocrx_word' id='word_1_233' title='bbox 936 2682 1075 2768; x_wconf 89' lang='lat' dir='ltr'>pari</span> <span class='ocrx_word' id='word_1_234' title='bbox 1129 2684 1527 2752; x_wconf 87' lang='lat' dir='ltr'>necessitate</span> <span class='ocrx_word' id='word_1_235' title='bbox 1576 2684 1897 2753; x_wconf 81' lang='lat' dir='ltr'>debemus</span> <span class='ocrx_word' id='word_1_236' title='bbox 1948 2684 2277 2753; x_wconf 83' lang='lat' dir='ltr'>extraneis</span> <span class='ocrx_word' id='word_1_237' title='bbox 2336 2683 2648 2770; x_wconf 83' lang='lat' dir='ltr'>proeferre</span> <span class='ocrx_word' id='word_1_238' title='bbox 2706 2682 3108 2767; x_wconf 81' lang='lat' dir='ltr'>consangui-</span> 
     </span>
     <span class='ocr_line' id='line_1_25' title="bbox 506 2781 3136 2877; baseline -0.001 -20"><span class='ocrx_word' id='word_1_239' title='bbox 506 2808 692 2871; x_wconf 61' lang='lat' dir='ltr'>nem,</span> <span class='ocrx_word' id='word_1_240' title='bbox 749 2794 860 2856; x_wconf 90' lang='lat' dir='ltr'>aut</span> <span class='ocrx_word' id='word_1_241' title='bbox 917 2788 1038 2855; x_wconf 92' lang='lat' dir='ltr'>alia</span> <span class='ocrx_word' id='word_1_242' title='bbox 1097 2789 1351 2857; x_wconf 87' lang='lat' dir='ltr'>ratione</span> <span class='ocrx_word' id='word_1_243' title='bbox 1407 2791 1840 2876; x_wconf 89' lang='lat' dir='ltr'>conjunctos;</span> <span class='ocrx_word' id='word_1_244' title='bbox 1898 2781 2072 2877; x_wconf 67' lang='lat' dir='ltr'>quia,</span> <span class='ocrx_word' id='word_1_245' title='bbox 2127 2790 2389 2860; x_wconf 89' lang='lat' dir='ltr'>dicente</span> <span class='ocrx_word' id='word_1_246' title='bbox 2437 2789 2772 2875; x_wconf 80' lang='lat' dir='ltr'>AngelicO,</span> <span class='ocrx_word' id='word_1_247' title='bbox 2822 2790 3136 2856; x_wconf 51' lang='lat' dir='ltr'>charitas*</span> 
     </span>
     <span class='ocr_line' id='line_1_26' title="bbox 504 2894 3106 2985; baseline 0 -23"><span class='ocrx_word' id='word_1_248' title='bbox 504 2896 787 2962; x_wconf 75' lang='lat' dir='ltr'>ordinem</span> <span class='ocrx_word' id='word_1_249' title='bbox 832 2908 1079 2962; x_wconf 77' lang='lat' dir='ltr'>naturae</span> <span class='ocrx_word' id='word_1_250' title='bbox 1123 2915 1250 2962; x_wconf 82' lang='lat' dir='ltr'>non</span> <span class='ocrx_word' id='word_1_251' title='bbox 1296 2908 1495 2963; x_wconf 77' lang='lat' dir='ltr'>mutat</span> <span class='ocrx_word' id='word_1_252' title='bbox 1508 2924 1535 2976; x_wconf 81' lang='lat'>,·</span> <span class='ocrx_word' id='word_1_253' title='bbox 1580 2898 1687 2965; x_wconf 82' lang='lat' dir='ltr'>sed</span> <span class='ocrx_word' id='word_1_254' title='bbox 1725 2899 1966 2985; x_wconf 81' lang='lat' dir='ltr'>perficit</span> <span class='ocrx_word' id='word_1_255' title='bbox 2014 2894 2070 2965; x_wconf 84' lang='lat'>².</span> <span class='ocrx_word' id='word_1_256' title='bbox 2128 2899 2332 2965; x_wconf 83' lang='lat' dir='ltr'>Nota:</span> <span class='ocrx_word' id='word_1_257' title='bbox 2387 2898 2456 2963; x_wconf 81' lang='lat' dir='ltr'>in</span> <span class='ocrx_word' id='word_1_258' title='bbox 2502 2898 2654 2985; x_wconf 78' lang='lat' dir='ltr'>pari</span> <span class='ocrx_word' id='word_1_259' title='bbox 2705 2897 3106 2973; x_wconf 74' lang='lat' dir='ltr'>necessitate,-</span> 
     </span>
     <span class='ocr_line' id='line_1_27' title="bbox 506 3003 3101 3088; baseline -0 -17"><span class='ocrx_word' id='word_1_260' title='bbox 506 3020 654 3071; x_wconf 85' lang='lat' dir='ltr'>nam</span> <span class='ocrx_word' id='word_1_261' title='bbox 705 3021 855 3071; x_wconf 89' lang='lat' dir='ltr'>cum</span> <span class='ocrx_word' id='word_1_262' title='bbox 906 3003 1222 3088; x_wconf 86' lang='lat' dir='ltr'>obligatio</span> <span class='ocrx_word' id='word_1_263' title='bbox 1272 3004 1610 3082; x_wconf 83' lang='lat' dir='ltr'>charitatis</span> <span class='ocrx_word' id='word_1_264' title='bbox 1662 3024 1794 3073; x_wconf 91' lang='lat' dir='ltr'>non</span> <span class='ocrx_word' id='word_1_265' title='bbox 1845 3005 1952 3086; x_wconf 88' lang='lat' dir='ltr'>sit,</span> <span class='ocrx_word' id='word_1_266' title='bbox 2006 3004 2129 3073; x_wconf 87' lang='lat' dir='ltr'>nisi</span> <span class='ocrx_word' id='word_1_267' title='bbox 2183 3007 2441 3074; x_wconf 87' lang='lat' dir='ltr'>ratione</span> <span class='ocrx_word' id='word_1_268' title='bbox 2490 3003 2932 3085; x_wconf 87' lang='lat' dir='ltr'>necessitatis,</span> <span class='ocrx_word' id='word_1_269' title='bbox 2985 3019 3101 3088; x_wconf 84' lang='lat' dir='ltr'>pa-</span> 
     </span>
     <span class='ocr_line' id='line_1_28' title="bbox 501 3101 3101 3198; baseline -0.001 -20"><span class='ocrx_word' id='word_1_270' title='bbox 501 3118 597 3179; x_wconf 84' lang='lat' dir='ltr'>tet</span> <span class='ocrx_word' id='word_1_271' title='bbox 624 3111 797 3185; x_wconf 86' lang='lat' dir='ltr'>illam</span> <span class='ocrx_word' id='word_1_272' title='bbox 823 3112 1030 3196; x_wconf 86' lang='lat' dir='ltr'>magis</span> <span class='ocrx_word' id='word_1_273' title='bbox 1057 3111 1368 3197; x_wconf 84' lang='lat' dir='ltr'>obligare,</span> <span class='ocrx_word' id='word_1_274' title='bbox 1397 3112 1506 3180; x_wconf 88' lang='lat' dir='ltr'>ubi</span> <span class='ocrx_word' id='word_1_275' title='bbox 1535 3113 1747 3198; x_wconf 86' lang='lat' dir='ltr'>major</span> <span class='ocrx_word' id='word_1_276' title='bbox 1771 3113 1955 3182; x_wconf 89' lang='lat' dir='ltr'>adest</span> <span class='ocrx_word' id='word_1_277' title='bbox 1982 3113 2363 3183; x_wconf 81' lang='lat' dir='ltr'>necessitas,</span> <span class='ocrx_word' id='word_1_278' title='bbox 2386 3101 2672 3182; x_wconf 74' lang='lat' dir='ltr'>-Intei&#39;</span> <span class='ocrx_word' id='word_1_279' title='bbox 2704 3111 3101 3197; x_wconf 74' lang='lat' dir='ltr'>conjunctos</span> 
     </span>
     <span class='ocr_line' id='line_1_29' title="bbox 503 3215 3100 3318; baseline 0 -34"><span class='ocrx_word' id='word_1_280' title='bbox 503 3215 721 3286; x_wconf 81' lang='lat' dir='ltr'>autem</span> <span class='ocrx_word' id='word_1_281' title='bbox 762 3235 1027 3303; x_wconf 86' lang='lat' dir='ltr'>semper</span> <span class='ocrx_word' id='word_1_282' title='bbox 1062 3218 1453 3310; x_wconf 67' lang='lat' dir='ltr'>praeferendi</span> <span class='ocrx_word' id='word_1_283' title='bbox 1489 3228 1644 3287; x_wconf 87' lang='lat' dir='ltr'>sunt</span> <span class='ocrx_word' id='word_1_284' title='bbox 1681 3220 2174 3306; x_wconf 87' lang='lat' dir='ltr'>conjunctiores</span> <span class='ocrx_word' id='word_1_285' title='bbox 2208 3219 2575 3318; x_wconf 64' lang='lat' dir='ltr'>secundugn</span> <span class='ocrx_word' id='word_1_286' title='bbox 2613 3219 2829 3288; x_wconf 85' lang='lat' dir='ltr'>varios</span> <span class='ocrx_word' id='word_1_287' title='bbox 2865 3233 3100 3286; x_wconf 89' lang='lat' dir='ltr'>eorum</span> 
     </span>
     <span class='ocr_line' id='line_1_30' title="bbox 502 3323 3100 3428; baseline 0.001 -39"><span class='ocrx_word' id='word_1_288' title='bbox 502 3324 764 3411; x_wconf 79' lang='lat' dir='ltr'>graduS,</span> <span class='ocrx_word' id='word_1_289' title='bbox 814 3324 1032 3392; x_wconf 87' lang='lat' dir='ltr'>habita</span> <span class='ocrx_word' id='word_1_290' title='bbox 1085 3324 1338 3393; x_wconf 90' lang='lat' dir='ltr'>ratione</span> <span class='ocrx_word' id='word_1_291' title='bbox 1390 3327 1802 3395; x_wconf 81' lang='lat' dir='ltr'>necessitatis</span> <span class='ocrx_word' id='word_1_292' title='bbox 1851 3335 1917 3428; x_wconf 66' lang='lat' dir='ltr'>et</span> <span class='ocrx_word' id='word_1_293' title='bbox 1956 3328 2307 3408; x_wconf 82' lang='lat' dir='ltr'>bonorum,</span> <span class='ocrx_word' id='word_1_294' title='bbox 2349 3344 2499 3413; x_wconf 83' lang='lat' dir='ltr'>quae</span> <span class='ocrx_word' id='word_1_295' title='bbox 2540 3325 2953 3394; x_wconf 71' lang='lat' dir='ltr'>debita&#39;sunt</span> <span class='ocrx_word' id='word_1_296' title='bbox 2987 3323 3100 3391; x_wconf 84' lang='lat' dir='ltr'>tali</span> 
     </span>
     <span class='ocr_line' id='line_1_31' title="bbox 500 3427 3162 3518; baseline -0 -19"><span class='ocrx_word' id='word_1_297' title='bbox 500 3430 1002 3516; x_wconf 76' lang='lat' dir='ltr'>conjunctioni,</span> <span class='ocrx_word' id='word_1_298' title='bbox 1042 3438 1132 3498; x_wconf 92' lang='lat' dir='ltr'>-et</span> <span class='ocrx_word' id='word_1_299' title='bbox 1184 3431 1247 3499; x_wconf 92' lang='lat' dir='ltr'>in</span> <span class='ocrx_word' id='word_1_300' title='bbox 1297 3433 1539 3518; x_wconf 83' lang='lat' dir='ltr'>quibus</span> <span class='ocrx_word' id='word_1_301' title='bbox 1589 3452 1666 3502; x_wconf 88' lang='lat' dir='ltr'>ea</span> <span class='ocrx_word' id='word_1_302' title='bbox 1713 3433 2048 3509; x_wconf 70' lang='lat' dir='ltr'>fundatur,</span> <span class='ocrx_word' id='word_1_303' title='bbox 2099 3427 2269 3500; x_wconf 87' lang='lat' dir='ltr'>Hinc</span> <span class='ocrx_word' id='word_1_304' title='bbox 2321 3433 2383 3501; x_wconf 89' lang='lat' dir='ltr'>in</span> <span class='ocrx_word' id='word_1_305' title='bbox 2433 3434 2831 3502; x_wconf 84' lang='lat' dir='ltr'>necessitate</span> <span class='ocrx_word' id='word_1_306' title='bbox 2879 3430 3098 3516; x_wconf 84' lang='lat' dir='ltr'>gravi:</span> <span class='ocrx_word' id='word_1_307' title='bbox 3155 3441 3162 3446; x_wconf 73' lang='grc'><em>“</em></span> 
     </span>
     <span class='ocr_line' id='line_1_32' title="bbox 501 3537 3098 3627; baseline 0.001 -22"><span class='ocrx_word' id='word_1_308' title='bbox 501 3537 568 3625; x_wconf 74' lang='lat' dir='ltr'>l)</span> <span class='ocrx_word' id='word_1_309' title='bbox 619 3546 719 3605; x_wconf 92' lang='lat' dir='ltr'>est</span> <span class='ocrx_word' id='word_1_310' title='bbox 769 3539 1173 3625; x_wconf 67' lang='lat' dir='ltr'>praeferenda</span> <span class='ocrx_word' id='word_1_311' title='bbox 1245 3558 1449 3622; x_wconf 83' lang='lat' dir='ltr'>uxor3</span> <span class='ocrx_word' id='word_1_312' title='bbox 1522 3542 1675 3627; x_wconf 85' lang='lat' dir='ltr'>quia</span> <span class='ocrx_word' id='word_1_313' title='bbox 1747 3548 1849 3610; x_wconf 90' lang='lat' dir='ltr'>est</span> <span class='ocrx_word' id='word_1_314' title='bbox 1897 3558 2024 3610; x_wconf 89' lang='lat' dir='ltr'>una</span> <span class='ocrx_word' id='word_1_315' title='bbox 2074 3559 2229 3610; x_wconf 89' lang='lat' dir='ltr'>caro</span> <span class='ocrx_word' id='word_1_316' title='bbox 2279 3558 2431 3610; x_wconf 91' lang='lat' dir='ltr'>cum</span> <span class='ocrx_word' id='word_1_317' title='bbox 2479 3542 2618 3609; x_wconf 89' lang='lat' dir='ltr'>viro</span> <span class='ocrx_word' id='word_1_318' title='bbox 2648 3594 2668 3622; x_wconf 87' lang='lat'>,</span> <span class='ocrx_word' id='word_1_319' title='bbox 2713 3547 2781 3607; x_wconf 91' lang='lat' dir='ltr'>et</span> <span class='ocrx_word' id='word_1_320' title='bbox 2846 3539 3098 3607; x_wconf 89' lang='lat' dir='ltr'>libero—</span> 
     </span>
     <span class='ocr_line' id='line_1_33' title="bbox 497 3643 3094 3734; baseline -0 -21"><span class='ocrx_word' id='word_1_321' title='bbox 497 3664 646 3713; x_wconf 89' lang='lat' dir='ltr'>rum</span> <span class='ocrx_word' id='word_1_322' title='bbox 697 3644 1123 3732; x_wconf 83' lang='lat' dir='ltr'>principium3</span> <span class='ocrx_word' id='word_1_323' title='bbox 1173 3647 1242 3732; x_wconf 73' lang='lat'>2)</span> <span class='ocrx_word' id='word_1_324' title='bbox 1293 3647 1431 3730; x_wconf 84' lang='lat' dir='ltr'>filii,</span> <span class='ocrx_word' id='word_1_325' title='bbox 1482 3649 1591 3734; x_wconf 83' lang='lat' dir='ltr'>qui</span> <span class='ocrx_word' id='word_1_326' title='bbox 1630 3643 2345 3734; x_wconf 50' lang='lat' dir='ltr'>sunt-conjunctiores</span> <span class='ocrx_word' id='word_1_327' title='bbox 2391 3666 2541 3716; x_wconf 88' lang='lat' dir='ltr'>cum</span> <span class='ocrx_word' id='word_1_328' title='bbox 2592 3646 2674 3715; x_wconf 92' lang='lat' dir='ltr'>de</span> <span class='ocrx_word' id='word_1_329' title='bbox 2721 3646 3094 3714; x_wconf 88' lang='lat' dir='ltr'>substantia</span> 
     </span>
     <span class='ocr_line' id='line_1_34' title="bbox 496 3753 3093 3843; baseline 0.001 -24"><span class='ocrx_word' id='word_1_330' title='bbox 496 3760 847 3840; x_wconf 88' lang='lat' dir='ltr'>parentum</span> <span class='ocrx_word' id='word_1_331' title='bbox 898 3753 1293 3839; x_wconf 86' lang='lat' dir='ltr'>procedant;</span> <span class='ocrx_word' id='word_1_332' title='bbox 1343 3757 1411 3842; x_wconf 89' lang='lat'>3)</span> <span class='ocrx_word' id='word_1_333' title='bbox 1449 3764 1793 3842; x_wconf 80' lang='lat' dir='ltr'>parenteS,</span> <span class='ocrx_word' id='word_1_334' title='bbox 1845 3757 1954 3843; x_wconf 88' lang='lat' dir='ltr'>qui</span> <span class='ocrx_word' id='word_1_335' title='bbox 2008 3764 2162 3842; x_wconf 88' lang='lat' dir='ltr'>post</span> <span class='ocrx_word' id='word_1_336' title='bbox 2209 3757 2423 3828; x_wconf 86' lang='lat' dir='ltr'>dictos</span> <span class='ocrx_word' id='word_1_337' title='bbox 2474 3755 2554 3823; x_wconf 86' lang='lat' dir='ltr'>ad</span> <span class='ocrx_word' id='word_1_338' title='bbox 2599 3755 2754 3824; x_wconf 83' lang='lat' dir='ltr'>vitae</span> <span class='ocrx_word' id='word_1_339' title='bbox 2808 3753 3093 3822; x_wconf 80' lang='lat' dir='ltr'>societa-</span> 
     </span>
     <span class='ocr_line' id='line_1_35' title="bbox 497 3861 3098 3953; baseline 0 -25"><span class='ocrx_word' id='word_1_340' title='bbox 497 3867 631 3928; x_wconf 87' lang='lat' dir='ltr'>tem</span> <span class='ocrx_word' id='word_1_341' title='bbox 680 3867 745 3929; x_wconf 90' lang='lat' dir='ltr'>et</span> <span class='ocrx_word' id='word_1_342' title='bbox 794 3861 1179 3946; x_wconf 82' lang='lat' dir='ltr'>reipublicae</span> <span class='ocrx_word' id='word_1_343' title='bbox 1229 3872 1654 3949; x_wconf 85' lang='lat' dir='ltr'>augmentum</span> <span class='ocrx_word' id='word_1_344' title='bbox 1708 3873 2114 3950; x_wconf 78' lang='lat' dir='ltr'>concurrunt</span> <span class='ocrx_word' id='word_1_345' title='bbox 2131 3892 2149 3948; x_wconf 80' lang='lat'><em>3</em></span> <span class='ocrx_word' id='word_1_346' title='bbox 2199 3865 2267 3953; x_wconf 74' lang='lat'>4)</span> <span class='ocrx_word' id='word_1_347' title='bbox 2315 3866 2573 3948; x_wconf 79' lang='lat' dir='ltr'>fratres,</span> <span class='ocrx_word' id='word_1_348' title='bbox 2610 3881 2901 3945; x_wconf 64' lang='lat' dir='ltr'>sorores»,</span> <span class='ocrx_word' id='word_1_349' title='bbox 2945 3877 3098 3947; x_wconf 85' lang='lat' dir='ltr'>pro·</span> 
     </span>
     <span class='ocr_line' id='line_1_36' title="bbox 496 3967 2339 4059; baseline 0.002 -24"><span class='ocrx_word' id='word_1_350' title='bbox 496 3967 747 4055; x_wconf 86' lang='lat' dir='ltr'>piuqui,</span> <span class='ocrx_word' id='word_1_351' title='bbox 799 3967 1167 4052; x_wconf 87' lang='lat' dir='ltr'>domestici,</span> <span class='ocrx_word' id='word_1_352' title='bbox 1219 3971 1525 4039; x_wconf 89' lang='lat' dir='ltr'>concives</span> <span class='ocrx_word' id='word_1_353' title='bbox 1572 3977 1778 4059; x_wconf 88' lang='lat' dir='ltr'>atque</span> <span class='ocrx_word' id='word_1_354' title='bbox 1827 3971 2339 4040; x_wconf 72' lang='lat' dir='ltr'>commilitones</span> 
     </span>
     <span class='ocr_line' id='line_1_37' title="bbox 482 4063 3092 4165; baseline -0.001 -20"><span class='ocrx_word' id='word_1_355' title='bbox 482 4139 487 4145; x_wconf 85' lang='lat'><strong>.</strong></span> <span class='ocrx_word' id='word_1_356' title='bbox 582 4075 917 4143; x_wconf 86' lang='lat' dir='ltr'>Diximus:</span> <span class='ocrx_word' id='word_1_357' title='bbox 965 4077 1034 4142; x_wconf 82' lang='lat' dir='ltr'>in</span> <span class='ocrx_word' id='word_1_358' title='bbox 1078 4063 1432 4144; x_wconf 76' lang='lat' dir='ltr'>necessitate</span> <span class='ocrx_word' id='word_1_359' title='bbox 1476 4079 1699 4165; x_wconf 49' lang='lat' dir='ltr'>yram}</span> <span class='ocrx_word' id='word_1_360' title='bbox 1747 4096 1897 4146; x_wconf 89' lang='lat' dir='ltr'>nam</span> <span class='ocrx_word' id='word_1_361' title='bbox 1944 4079 1999 4147; x_wconf 89' lang='lat' dir='ltr'>si</span> <span class='ocrx_word' id='word_1_362' title='bbox 2049 4079 2409 4148; x_wconf 85' lang='lat' dir='ltr'>necessitas</span> <span class='ocrx_word' id='word_1_363' title='bbox 2457 4078 2543 4147; x_wconf 92' lang='lat' dir='ltr'>sit</span> <span class='ocrx_word' id='word_1_364' title='bbox 2591 4083 3092 4161; x_wconf 69' lang='lat' dir='ltr'>extrema‚‚non</span> 
     </span>
     <span class='ocr_line' id='line_1_38' title="bbox 494 4180 3092 4271; baseline -0 -21"><span class='ocrx_word' id='word_1_365' title='bbox 494 4180 743 4250; x_wconf 88' lang='lat' dir='ltr'>bonum</span> <span class='ocrx_word' id='word_1_366' title='bbox 791 4182 1181 4252; x_wconf 83' lang='lat' dir='ltr'>familiarum</span> <span class='ocrx_word' id='word_1_367' title='bbox 1224 4185 1341 4254; x_wconf 89' lang='lat' dir='ltr'>sed</span> <span class='ocrx_word' id='word_1_368' title='bbox 1390 4186 1538 4256; x_wconf 85' lang='lat' dir='ltr'>vitae</span> <span class='ocrx_word' id='word_1_369' title='bbox 1588 4186 2063 4255; x_wconf 88' lang='lat' dir='ltr'>attendendum</span> <span class='ocrx_word' id='word_1_370' title='bbox 2112 4194 2232 4268; x_wconf 87' lang='lat' dir='ltr'>est,</span> <span class='ocrx_word' id='word_1_371' title='bbox 2270 4192 2345 4253; x_wconf 93' lang='lat' dir='ltr'>ut</span> <span class='ocrx_word' id='word_1_372' title='bbox 2393 4183 2802 4271; x_wconf 86' lang='lat' dir='ltr'>probabilius</span> <span class='ocrx_word' id='word_1_373' title='bbox 2848 4183 3092 4253; x_wconf 81' lang='lat' dir='ltr'>docent</span> 
     </span>
    </p>
   </div>
   <div class='ocr_carea' id='block_1_4' title="bbox 489 4409 3096 4730">
    <p class='ocr_par' dir='ltr' id='par_1_7' title="bbox 489 4409 3096 4649">
     <span class='ocr_line' id='line_1_39' title="bbox 557 4409 3088 4487; baseline -0 -25"><span class='ocrx_word' id='word_1_374' title='bbox 557 4411 577 4451; x_wconf 90' lang='lat'><strong>¹</strong></span> <span class='ocrx_word' id='word_1_375' title='bbox 610 4412 743 4464; x_wconf 84' lang='lat' dir='ltr'>Hinc</span> <span class='ocrx_word' id='word_1_376' title='bbox 775 4413 819 4464; x_wconf 85' lang='lat' dir='ltr'>sl</span> <span class='ocrx_word' id='word_1_377' title='bbox 850 4414 974 4477; x_wconf 81' lang='lat' dir='ltr'>quis</span> <span class='ocrx_word' id='word_1_378' title='bbox 1008 4414 1252 4465; x_wconf 72' lang='lat' dir='ltr'>baeresim</span> <span class='ocrx_word' id='word_1_379' title='bbox 1288 4413 1480 4465; x_wconf 86' lang='lat' dir='ltr'>alicubi</span> <span class='ocrx_word' id='word_1_380' title='bbox 1515 4425 1642 4478; x_wconf 81' lang='lat' dir='ltr'>spar</span> <span class='ocrx_word' id='word_1_381' title='bbox 1678 4416 1752 4476; x_wconf 77' lang='lat' dir='ltr'>at,</span> <span class='ocrx_word' id='word_1_382' title='bbox 1789 4416 1982 4466; x_wconf 81' lang='lat' dir='ltr'>teneris</span> <span class='ocrx_word' id='word_1_383' title='bbox 2016 4425 2138 4465; x_wconf 87' lang='lat' dir='ltr'>cum</span> <span class='ocrx_word' id='word_1_384' title='bbox 2192 4413 2428 4479; x_wconf 88' lang='lat' dir='ltr'>periculo</span> <span class='ocrx_word' id='word_1_385' title='bbox 2472 4414 2595 4465; x_wconf 79' lang='lat' dir='ltr'>vitae</span> <span class='ocrx_word' id='word_1_386' title='bbox 2648 4413 2909 4487; x_wconf 79' lang='lat' dir='ltr'>impedire</span> <span class='ocrx_word' id='word_1_387' title='bbox 2939 4413 2981 4484; x_wconf 76' lang='lat' dir='ltr'>si</span> <span class='ocrx_word' id='word_1_388' title='bbox 3034 4409 3088 4461; x_wconf 85' lang='lat' dir='ltr'>id</span> 
     </span>
     <span class='ocr_line' id='line_1_40' title="bbox 492 4471 3088 4541; baseline -0.001 -15"><span class='ocrx_word' id='word_1_389' title='bbox 492 4471 777 4526; x_wconf 70' lang='lat' dir='ltr'>efficaciter</span> <span class='ocrx_word' id='word_1_390' title='bbox 807 4477 1000 4539; x_wconf 77' lang='lat' dir='ltr'>possis,</span> <span class='ocrx_word' id='word_1_391' title='bbox 1036 4478 1088 4528; x_wconf 89' lang='lat' dir='ltr'>et</span> <span class='ocrx_word' id='word_1_392' title='bbox 1119 4487 1279 4527; x_wconf 89' lang='lat' dir='ltr'>nemo</span> <span class='ocrx_word' id='word_1_393' title='bbox 1314 4478 1449 4536; x_wconf 84' lang='lat' dir='ltr'>alius</span> <span class='ocrx_word' id='word_1_394' title='bbox 1485 4479 1625 4541; x_wconf 86' lang='lat' dir='ltr'>impe</span> <span class='ocrx_word' id='word_1_395' title='bbox 1665 4479 1757 4528; x_wconf 82' lang='lat' dir='ltr'>iat.</span> <span class='ocrx_word' id='word_1_396' title='bbox 1790 4479 1921 4528; x_wconf 84' lang='lat' dir='ltr'>Item</span> <span class='ocrx_word' id='word_1_397' title='bbox 1940 4476 2064 4528; x_wconf 87' lang='lat' dir='ltr'>siin</span> <span class='ocrx_word' id='word_1_398' title='bbox 2090 4477 2458 4540; x_wconf 79' lang='lat' dir='ltr'>persecutione</span> <span class='ocrx_word' id='word_1_399' title='bbox 2474 4480 2556 4528; x_wconf 84' lang='lat' dir='ltr'>vel</span> <span class='ocrx_word' id='word_1_400' title='bbox 2575 4476 2754 4528; x_wconf 74' lang='lat' dir='ltr'>hostili</span> <span class='ocrx_word' id='word_1_401' title='bbox 2779 4477 3088 4527; x_wconf 77' lang='lat' dir='ltr'>incursione</span> 
     </span>
     <span class='ocr_line' id='line_1_41' title="bbox 489 4534 3096 4649; baseline 0 -62"><span class='ocrx_word' id='word_1_402' title='bbox 489 4535 656 4649; x_wconf 36' lang='lat' dir='ltr'>{sebs-</span> <span class='ocrx_word' id='word_1_403' title='bbox 675 4535 853 4600; x_wconf 80' lang='lat' dir='ltr'>aliqua</span> <span class='ocrx_word' id='word_1_404' title='bbox 887 4545 1095 4589; x_wconf 80' lang='lat' dir='ltr'>careret</span> <span class='ocrx_word' id='word_1_405' title='bbox 1138 4539 1431 4598; x_wconf 78' lang='lat' dir='ltr'>sacerdote,</span> <span class='ocrx_word' id='word_1_406' title='bbox 1466 4542 1518 4591; x_wconf 91' lang='lat' dir='ltr'>et</span> <span class='ocrx_word' id='word_1_407' title='bbox 1550 4538 1766 4594; x_wconf 75' lang='lat' dir='ltr'>aliunde</span> <span class='ocrx_word' id='word_1_408' title='bbox 1798 4541 1937 4590; x_wconf 82' lang='lat' dir='ltr'>esset</span> <span class='ocrx_word' id='word_1_409' title='bbox 1967 4540 2212 4602; x_wconf 76' lang='lat' dir='ltr'>exposita</span> <span class='ocrx_word' id='word_1_410' title='bbox 2243 4538 2494 4602; x_wconf 76' lang='lat' dir='ltr'>gravibus</span> <span class='ocrx_word' id='word_1_411' title='bbox 2529 4539 2774 4603; x_wconf 80' lang='lat' dir='ltr'>periculis</span> <span class='ocrx_word' id='word_1_412' title='bbox 2809 4534 3096 4602; x_wconf 66' lang='lat' dir='ltr'>peccandi,</span> 
     </span>
    </p>

    <p class='ocr_par' dir='ltr' id='par_1_8' title="bbox 545 4597 2532 4669">
     <span class='ocr_line' id='line_1_42' title="bbox 545 4597 2532 4669; baseline 0.003 -22"><span class='ocrx_word' id='word_1_413' title='bbox 545 4607 687 4649; x_wconf 80' lang='lat' dir='ltr'>neris</span> <span class='ocrx_word' id='word_1_414' title='bbox 720 4597 845 4648; x_wconf 85' lang='lat' dir='ltr'>item</span> <span class='ocrx_word' id='word_1_415' title='bbox 879 4609 1001 4669; x_wconf 78' lang='lat' dir='ltr'>cum</span> <span class='ocrx_word' id='word_1_416' title='bbox 1039 4598 1273 4662; x_wconf 84' lang='lat' dir='ltr'>periculo</span> <span class='ocrx_word' id='word_1_417' title='bbox 1307 4601 1428 4652; x_wconf 79' lang='lat' dir='ltr'>vitae</span> <span class='ocrx_word' id='word_1_418' title='bbox 1461 4601 1536 4651; x_wconf 82' lang='lat' dir='ltr'>illi</span> <span class='ocrx_word' id='word_1_419' title='bbox 1571 4601 1840 4663; x_wconf 86' lang='lat' dir='ltr'>opitulari.</span> <span class='ocrx_word' id='word_1_420' title='bbox 1876 4602 2111 4652; x_wconf 73' lang='lat' dir='ltr'>Antoine.</span> <span class='ocrx_word' id='word_1_421' title='bbox 2370 4652 2378 4660; x_wconf 86' lang='grc'><strong>,</strong></span> <span class='ocrx_word' id='word_1_422' title='bbox 2523 4627 2532 4636; x_wconf 85' lang='grc'><strong>-</strong></span> 
     </span>
    </p>

    <p class='ocr_par' dir='ltr' id='par_1_9' title="bbox 550 4658 2650 4730">
     <span class='ocr_line' id='line_1_43' title="bbox 550 4658 2650 4730; baseline 0.001 -23"><span class='ocrx_word' id='word_1_423' title='bbox 550 4658 575 4699; x_wconf 75' lang='lat'>²</span> <span class='ocrx_word' id='word_1_424' title='bbox 608 4659 669 4708; x_wconf 81' lang='lat' dir='ltr'>In</span> <span class='ocrx_word' id='word_1_425' title='bbox 703 4669 761 4708; x_wconf 85' lang='lat' dir='ltr'>m</span> <span class='ocrx_word' id='word_1_426' title='bbox 797 4660 1033 4711; x_wconf 77' lang='lat' dir='ltr'>Distinet.</span> <span class='ocrx_word' id='word_1_427' title='bbox 1064 4665 1143 4721; x_wconf 75' lang='lat'>29,</span> <span class='ocrx_word' id='word_1_428' title='bbox 1178 4674 1226 4712; x_wconf 83' lang='lat' dir='ltr'>a.</span> <span class='ocrx_word' id='word_1_429' title='bbox 1260 4665 1306 4714; x_wconf 89' lang='grc'>7.</span> <span class='ocrx_word' id='word_1_430' title='bbox 1342 4687 1405 4699; x_wconf 90' lang='grc'><strong>-</strong></span> <span class='ocrx_word' id='word_1_431' title='bbox 1446 4663 1501 4711; x_wconf 85' lang='lat' dir='ltr'>V.</span> <span class='ocrx_word' id='word_1_432' title='bbox 1532 4662 1766 4726; x_wconf 64' lang='lat' dir='ltr'>Lignum,</span> <span class='ocrx_word' id='word_1_433' title='bbox 1806 4663 1940 4726; x_wconf 73' lang='lat' dir='ltr'>opus</span> <span class='ocrx_word' id='word_1_434' title='bbox 1972 4664 2128 4723; x_wconf 69' lang='lat' dir='ltr'>Mor„</span> <span class='ocrx_word' id='word_1_435' title='bbox 2163 4661 2200 4713; x_wconf 87' lang='lat' dir='ltr'>l.</span> <span class='ocrx_word' id='word_1_436' title='bbox 2236 4675 2293 4725; x_wconf 84' lang='lat' dir='ltr'>n,</span> <span class='ocrx_word' id='word_1_437' title='bbox 2329 4674 2383 4714; x_wconf 89' lang='lat' dir='ltr'>n.</span> <span class='ocrx_word' id='word_1_438' title='bbox 2417 4665 2499 4715; x_wconf 78' lang='lat'>27.</span> <span class='ocrx_word' id='word_1_439' title='bbox 2633 4704 2650 4730; x_wconf 25' lang='lat'>.-</span> 
     </span>
    </p>
   </div>
  </div>
 </body>
</html>
