3292 5167
499 273 628 343 2514
1220 298 1335 342 uu.
1376 285 1443 344 il.
1489 291 1702 344 macr.
1750 293 1852 342 vn.
1903 293 2048 343 mss.
2096 289 2160 342 ιι.
2210 297 2341 343 car.
2390 294 2456 341 ιι.

498 407 648 463 sunt
692 400 891 463 nostri
983 401 1210 462 roximi
1258 398 1608 463 secundum
1655 403 1993 462 naturam:
2041 398 2185 462 ideo
2231 405 2438 479 neque
2484 395 2638 459 licet
2668 394 2827 476 ipsis
2856 391 3095 475 duplex

500 488 886 543 tormentum
977 477 1324 558 esiderare,
1370 490 1438 544 ut
1481 482 1571 544 ait
1614 477 1985 559 Roncaglia.

580 653 785 719 ¹789.
836 659 907 737 Q.
956 658 1018 724 9.
1065 655 1167 724 An
1215 655 1394 722 liceat
1440 653 1717 721 revelare
1764 635 2020 736 crimen,
2068 649 2232 738 quod
2274 651 2463 719 semel
2507 651 2827 739 publicum
2872 655 3009 716 est?

582 766 652 834 R.
704 763 970 848 Triplici
1021 762 1222 831 modo
1272 762 1520 830 crimen
1574 760 1915 845 publicum
1966 757 2095 827 dici
2146 765 2402 844 potest:

676 875 734 940 l.
785 869 1145 939 publicante
1178 871 1371 957 juris,
1425 888 1574 939 cum
1635 881 1875 954 nempe
1923 866 2004 936 de
2052 865 2290 936 eodem
2346 867 2612 953 publice
2669 872 2932 934 constat
2987 867 3085 950 ‚vel

497 999 616 1066 per
658 979 902 1066 judicis
950 981 1368 1061 sententiam,
1416 977 1516 1046 vel
1559 996 1678 1063 per
1728 976 1937 1062 ipsam
1989 971 2083 1044 rei
2132 973 2646 1058 confessionem,
2697 973 2799 1041 vel
2854 992 2976 1059 per
3005 974 3094 1043 le-

496 1087 791 1174 gitimam
838 1088 1106 1156 testium
1155 1085 1644 1171 depositionem
1694 1084 1755 1151 in
1800 1082 2057 1170 judicio
2106 1090 2429 1152 secutam.

631 1196 732 1261 ’2.
780 1195 1142 1262 Publicitate
1183 1193 1356 1280 facti,
1406 1210 1556 1262 cum
1604 1191 1668 1259 id
1723 1192 1988 1278 publico
2039 1192 2188 1260 loco
2225 1208 2450 1260 coram
2489 1189 2722 1258 multis
2759 1195 3094 1277 patratum

496 1309 617 1387 est,
663 1304 751 1369 ita
800 1309 870 1368 ut
920 1320 1050 1371 non
1100 1301 1383 1388 amplius
1433 1300 1646 1388 possit
1694 1300 1824 1368 ulla
1874 1318 2091 1387 neque
2130 1298 2679 1386 tergiversatione
2715 1299 2946 1380 celari,
2980 1315 3090 1367 ne-

495 1426 626 1495 que
671 1409 808 1476 ullo
851 1408 1149 1476 excusari
1191 1407 1362 1494 juris
1411 1408 1751 1494 suffragio
2658 1394 2667 1403 ’

672 1519 732 1585 3.
779 1517 1142 1584 Publicicate
1184 1517 1393 1602 famoe,
1438 1515 1702 1602 quando
1750 1516 1920 1585 fama
1973 1514 2267 1584 criminis
2317 1515 2615 1600 pervenit
2649 1513 2730 1581 ad
2765 1501 3085 1598 majorem

489 1633 745 1711 partem
791 1623 1305 1708 communitatis,
1356 1623 1455 1692 vel
1527 1623 1607 1691 ad
1657 1618 1775 1692 'tot
1848 1641 2167 1711 personas
2239 1621 2562 1709 ejusdem.
2613 1629 2705 1705 ut,
2757 1619 3090 1707 spectatis

495 1731 804 1800 omnibus
854 1731 1387 1813 circumstantiis,
1422 1731 1563 1799 fieri
1608 1739 1896 1818 nequeat
1930 1731 2089 1817 quin
2130 1729 2213 1797 ad
2246 1730 2546 1799 notitiam
2582 1729 2853 1814 majoris
2887 1727 3087 1795 etiam

491 1839 693 1925 partis
743 1837 1061 1907 deveniat.
1110 1839 1244 1908 Nos
1296 1858 1494 1925 porro
1543 1837 1867 1922 dicimus„
1898 1837 1981 1907 ad
2028 1839 2178 1920 hoc,
2232 1845 2305 1906 ut
2356 1838 2608 1906 crimen
2672 1835 2803 1905 dici
2878 1835 3093 1922 possit

494 1947 835 2033 publicum
882 1946 1205 2030 sufficere,
1260 1946 1440 2033 quod
1470 1946 1526 2015 si
1568 1946 2016 2015 communitas
2066 1954 2327 2015 constet
2368 1953 2520 2015 octo
2558 1944 2890 2030 personis,
2925 1939 3090 2011 illud

494 2055 703 2123 sciant
743 2062 1068 2140 wquatuor;
1117 2054 1171 2123 si
1223 2063 1510 2135 centum,
1557 2055 1770 2123 sciant
1841 2053 2254 2140 quindecim;
2325 2052 2382 2121 si
2455 2052 2655 2136 mille,
2705 2052 2922 2137 sciant
2991 2051 3094 2119 vi-

498 2161 657 2248 ginti
708 2162 970 2230 circiter
1014 2160 1419 2231 diversarum
1466 2161 1864 2230 familiarum
1914 2158 1967 2229 ¹.
2016 2161 2365 2252 Publicum
2412 2167 2634 2229 autem
2684 2161 2810 2228 erit
2859 2161 2927 2226 in
2979 2158 3095 2226 ali-

496 2285 625 2354 qua
674 2268 905 2336 vicinia
955 2273 1041 2337 40
1090 2288 1546 2355 personarum,
1595 2270 1650 2338 si
1700 2270 1912 2339 sciant
1951 2272 1995 2338 8
2042 2288 2121 2338 ex
2170 2267 2448 2338 diversis
2488 2267 2753 2337 familiis
2770 2293 2788 2350 ;
2841 2266 3003 2335 item
3036 2266 3095 2336 si

498 2373 564 2442 in
616 2373 860 2460 oppido
910 2378 1107 2459 5,ooo
1156 2377 1416 2460 civium,
1443 2378 1655 2445 sciant
1701 2381 1788 2445 40
1835 2396 1950 2464 per
1997 2375 2159 2444 illud
2205 2376 2511 2463 dispersi.
2554 2374 2821 2444 Addunt
2872 2381 3097 2442 autem

497 2481 752 2551 crimen
801 2480 928 2551 dici
974 2475 1316 2569 famosum,
1365 2485 1418 2553 si
1468 2481 1644 2554 illius
1695 2485 1862 2552 fama
1913 2490 2307 2570 pervagatur
2368 2501 2487 2568 per
2546 2482 2867 2568 majorem
2940 2498 3095 2567 par-

495 2597 628 2658 tem
675 2589 922 2675 oppidi,
974 2591 1469 2660 communitatis
1516 2592 1773 2661 viciniae
1825 2593 1926 2660 vel
1977 2591 2316 2661 Paroeciae.
2384 2593 2553 2660 Item
2623 2589 2854 2658 dicunt
2924 2587 3096 2655 infa-

492 2703 742 2766 matum
793 2699 856 2764 in
906 2701 1151 2784 Regno,
1203 2699 1355 2785 quia
1397 2700 1533 2785 jam
1582 2708 1684 2768 est
1733 2701 2117 2768 infamatum
2150 2700 2217 2767 in
2259 2699 2454 2777 Curia
2503 2697 2844 2785 principis,
2883 2695 2985 2765 vel
3022 2696 3092 2762 in

493 2799 620 2872 alio
667 2799 815 2873 loco
851 2804 1112 2889 illustri,
1147 2824 1227 2874 ex
1262 2823 1395 2891 quo
1430 2806 1618 2875 facile
1654 2807 1718 2875 in
1752 2811 2050 2893 Regnum
2082 2806 2249 2873 fama
2284 2805 2597 2873 dimanat.
2634 2808 2775 2872 Hoc
2825 2800 3095 2890 posito:

578 2910 873 2979 Dicimus
912 2913 1168 2982 nullum
1217 2922 1561 2999 peccatum
1610 2921 1712 2982 est
1762 2933 1976 3000 neque
2024 2921 2253 2982 contra
2295 2913 2625 2999 Justitiam
2659 2930 2881 2998 neque
2923 2929 3085 2980 con-

492 3027 589 3088 tra
639 3020 1048 3104 charitatem,
1099 3022 1153 3091 si
1198 3041 1425 3093 verum
1474 3023 1747 3090 alterius
1795 3024 2045 3091 crimen
2098 3023 2425 3091 reveletur
2461 3023 2524 3091 in
2574 3022 2750 3103 loco,
2784 3020 2899 3089 ubi
2948 3019 3091 3088 sive

482 3127 670 3213 J'uriS,
720 3128 856 3197 sive
903 3127 1076 3212 sacti,
1124 3129 1259 3200 sive
1306 3131 1496 3199 famae
1547 3130 1935 3217 publicitate
1975 3129 2111 3216 jam
2146 3137 2246 3198 est
2288 3136 2561 3199 notum:
2613 3131 2678 3199 Si
2717 3128 2947 3216 palam
2991 3146 3097 3194 res

489 3247 596 3318 est,
643 3238 919 3323 repeticio
966 3238 1209 3324 injuria
1253 3259 1380 3305 non
1424 3250 1532 3321 est,
1584 3258 1663 3307 ex
1704 3238 1875 3325 juris
1915 3237 2171 3325 adagio.
2218 3240 2361 3305 Imo
2396 3238 2664 3323 expedit
2699 3235 2779 3306 ad
2826 3238 3088 3308 bonum

491 3344 852 3428 publicum,
885 3351 958 3413 ut
1009 3346 1469 3432 unusquisque
1519 3354 1963 3432 cognoscatur
2011 3345 2224 3432 qualis
2274 3344 2537 3432 publice
2596 3346 2908 3431 cognitus
2964 3355 3094 3414 est.

578 3451 716 3518 Imo
767 3452 1185 3520 communius
1249 3451 1507 3521 videtur
1571 3469 1704 3520 non
1777 3469 2051 3539 peccare
2121 3452 2355 3521 saltem
2424 3451 2795 3521 mortaliter
2863 3467 3087 3538 neque

500 3562 730 3624 contra
794 3557 1122 3642 Justitiam
1174 3576 1385 3645 neque
1436 3567 1667 3628 contra
1731 3559 2119 3628 charitatem
2169 3559 2280 3644 qui
2334 3559 2583 3627 crimen
2634 3557 2701 3626 in
2752 3577 2889 3627 uno
2940 3558 3095 3627 loco

489 3662 828 3749 publicum
876 3664 1071 3732 etiam
1121 3683 1202 3733 ex
1248 3667 1394 3735 solo
1437 3668 1631 3749 facto,
1692 3667 1758 3734 in
1807 3666 1934 3734 alio
1985 3666 2133 3736 loco
2194 3666 2570 3734 manifestat
2618 3666 2732 3734 ubi
2783 3666 3089 3734 nondum

490 3770 723 3839 notitia
772 3772 1089 3857 pervenit,
1141 3790 1262 3842 nec
1310 3780 1701 3861 perventum
1736 3775 1861 3842 erit
1895 3773 1983 3841 ita
2031 3772 2256 3854 facile;
2309 3790 2458 3840 nam
2494 3771 2761 3858 expedit
2812 3772 3084 3859 publica

489 3876 750 3959 delicta,
802 3877 1063 3964 publica
1113 3881 1535 3950 execratione
1585 3888 1841 3964 notare,
1892 3887 1963 3947 ut
2037 3880 2118 3949 ab
2166 3878 2248 3947 iis
2296 3886 2567 3948 caveant
2635 3896 2890 3947 omnes.
2942 3879 3091 3950 Hoc

488 3982 907 4053 consuetudo
978 3984 1225 4071 passim
1293 3986 1661 4068 confirmat,
1726 3984 1883 4053 dum
1956 3984 2253 4054 historici
2328 3984 2595 4054 nemine
2664 3984 3094 4069 reclamante,

488 4099 752 4160 narrant
800 4092 1065 4179 ubique,
1139 4093 1583 4180 praesentibus
1631 4103 1698 4162 et
1758 4092 2021 4177 futuriS,
2073 4092 2313 4161 delicta
2360 4092 2785 4162 solummodo
2836 4094 2904 4161 in
2955 4109 3093 4162 uno

525 4408 566 4482 ‚¹
600 4408 902 4461 Notandum
937 4413 1034 4470 est,
1070 4412 1271 4463 crimen
1303 4411 1359 4462 in
1396 4423 1506 4463 una
1543 4413 1754 4464 tantum
1789 4412 1989 4464 familia
2021 4413 2106 4464 vel
2143 4413 2468 4465 monasterio
2520 4414 2707 4465 notum
2760 4425 2873 4466 non
2925 4427 3088 4479 posse

486 4470 603 4543 <inci¹
624 4470 865 4544 absolute
900 4474 1169 4535 publicum
1197 4485 1211 4536 ;
1246 4485 1310 4523 ac
1344 4474 1567 4537 proinde
1599 4486 1709 4527 non
1748 4487 1901 4537 posse
1939 4476 2260 4528 manifestari
2294 4488 2361 4529 ne
2393 4477 2448 4527 in
2485 4476 2594 4527 alio
2665 4475 2849 4528 uidem
2901 4489 3089 4530 mona-

484 4537 644 4586 sterio
674 4534 915 4596 ejusdem
949 4535 1179 4596 OrdiniS,
1214 4538 1344 4599 quia
1375 4539 1457 4588 est
1488 4549 1703 4600 semper
1736 4537 2071 4601 privatorum
2103 4538 2311 4600 notitia,
2346 4550 2471 4589 cum
2498 4549 2609 4590 una
2662 4537 2848 4590 amilia
2895 4539 3093 4592 hebea-

484 4599 570 4648 tur
600 4598 660 4669 ut
688 4606 829 4648 unus
863 4599 1044 4671 hom0.
1080 4623 1144 4636 -
1186 4599 1241 4648 V.
1279 4600 1508 4671 Lignori,
1542 4601 1644 4651 Ηο.
1683 4599 1880 4663 Apost„
1914 4601 2064 4651 tract.
2100 4612 2176 4662 xl,
2210 4612 2264 4651 n.
2301 4604 2390 4663 ¹23
2428 4600 2517 4664 op.
2554 4601 2712 4660 Mor„
2749 4610 2781 4653 1.
2804 4614 2883 4662 ιιι,
2903 4613 2955 4654 u.
2975 4604 3094 4656 97⁴..

607 4657 826 4710 Billuart
855 4659 908 4710 ld
974 4660 1151 4711 udicio
1183 4660 1456 4724 prudentis
1487 4662 1726 4724 remittit,
1761 4663 1803 4712 sl
1838 4664 2041 4714 attento
2073 4663 2475 4715 communitatis
2510 4673 2754 4723 numero,
2792 4664 2980 4716 homin
3021 4678 3083 4718 ιιι

482 4719 763 4785 garulltate
804 4722 858 4772 et
889 4674 1009 4772 aliis
1041 4722 1474 4778 circumstantiis.
1504 4720 1706 4784 judicet
1736 4723 1833 4774 vix
1866 4723 2134 4787 possibile,
2169 4727 2228 4776 ut
2256 4737 2342 4777 res
2371 4727 2573 4777 secreta
2604 4727 2840 4778 maneat.
