3292 5167
534 229 662 296 132
1560 249 1681 295 ιιι.
1731 248 1799 295 11.
1847 248 2059 297 rme.
2108 250 2164 295 v.

531 351 766 430 clesiae,
801 353 993 432 regni
1036 359 1147 414 aut
1189 349 1556 428 provinciae.
1599 350 1777 425 Quod
1835 349 2097 430 quidem
2160 342 2455 413 Pontifici
2519 356 2697 412 recte
2736 356 3059 415 censetur
3100 363 3145 412 a

529 430 662 496 Deo
704 447 1099 506 concessum,
1140 431 1243 495 cui
1285 429 1452 493 Deus
1499 432 1697 495 totius
1722 430 2027 494 Ecclesiae
2071 432 2363 510 regimen
2407 433 2743 492 concessit.
2786 429 2935 494 Hinc
2980 443 3143 494 sen·

536 514 757 590 tentia,
805 514 898 577 ait
939 511 1223 575 Perrone
1264 510 1385 590 (Dc
1426 509 1666 574 virtuto
1694 511 2099 592 Reliqionis),
2125 510 2309 574 nobis
2339 509 2598 573 videtur
2636 516 2844 585 certas
2892 511 2948 574 si
2978 522 3146 591 quo

528 594 702 656 enim
746 603 964 657 essent
1004 594 1241 655 motiva
1285 590 1365 652 ob
1407 605 1550 669 quae
1593 592 1732 655 baec
1773 600 1945 655 esset
1984 589 2361 671 deneganda
2407 587 2696 667 facultaS,
2722 606 2796 653 ea
2827 590 3144 655 desume-

532 681 714 736 retur
756 672 859 737 vel
894 689 973 736 ex
1016 680 1196 752 parte
1239 681 1552 746 votorum,
1619 671 1724 735 vel
1788 689 1869 736 ex
1912 681 2092 752 parte
2135 670 2607 735 solemnizatis:
2673 670 2783 733 sed
2827 673 2951 735 hoc
2993 670 3146 734 dici

534 755 775 832 nequit.
818 753 974 816 Nam
1018 750 1222 833 quoad
1267 759 1433 822 vota,
1476 754 1776 816 omnibus
1843 753 2212 829 fatentibuS,
2257 751 2553 815 Pontifex
2608 751 2791 830 J‘uxta
2835 752 3143 815 interve·

537 836 758 897 niente
801 851 987 898 causa
1032 833 1111 895 ab
1156 835 1233 895 iis
1277 832 1489 894 valide
1536 832 1901 913 dispensat3
1958 833 2164 914 quoad
2232 831 2687 896 solemnitatem
2745 832 2919 896 nulla
2966 818 3152 901 ciffi:

536 913 760 991 cultas,
803 931 946 976 cum
993 914 1129 975 baec
1172 914 1255 976 sit
1292 922 1538 976 tantum
1583 915 1665 977 de
1706 914 1860 977 Jure
1902 914 2337 977 ecclesiastico
2380 929 2460 976 ex
2522 910 2967 975 declaratione
3008 911 3146 974 Bo·

538 995 759 1058 nifacii
804 993 938 1057 Vll!
983 994 1147 1073 (cap.
1177 993 1388 1071 unico,
1432 992 1515 1056 De
1543 1003 1703 1070 voto,
1734 996 1803 1058 in
1847 995 1955 1073 6);
1997 1005 2063 1057 et
2103 992 2411 1073 Gregorio
2454 991 2592 1054 Xlll
2637 992 2849 1056 Const.
2890 993 3145 1057 Ascen-

536 1075 716 1138 dente
741 1074 1017 1138 Domino.
1046 1073 1476 1136 confirmatur
1491 1090 1571 1136 ex
1585 1077 1784 1138 variis
1813 1084 1946 1138 tum
1977 1074 2469 1154 antiquioribus,
2495 1083 2627 1137 tum
2653 1074 3150 1137 recentioribus

541 1155 852 1234 exemplis
915 1153 1229 1234 ejusmodi
1294 1154 1872 1232 dispensationum,
1936 1164 2005 1217 ut
2051 1156 2272 1219 videre
2331 1163 2431 1217 est
2495 1169 2691 1232 penes
2756 1151 3001 1218 Suarez
3074 1161 3152 1216 et

541 1236 814 1299 Bouvier
827 1255 849 1312 3
873 1247 937 1299 at
964 1234 1260 1298 dubitare
1298 1234 1377 1296 de
1408 1234 1713 1300 facultate
1744 1235 2070 1299 Pontificis
2100 1243 2435 1315 postquam
2466 1234 2885 1314 dispensavit,
2916 1236 3148 1298 instat

542 1317 866 1396 sacrilegii
911 1324 1029 1390 est,
1064 1316 1155 1377 ait
1196 1315 1543 1378 Veracrux.

705 1399 760 1459 2.
806 1396 1018 1471 Quoad
1059 1397 1317 1469 clericos
1361 1398 1456 1459 in.
1495 1393 1713 1459 Sacris
1736 1416 1763 1468 ;
1808 1411 1955 1458 nam
2019 1394 2309 1459 debitum
2369 1395 2792 1458 continentias
2832 1409 2984 1457 ,non
3037 1400 3153 1457 est

543 1477 977 1541 essentialiter
1019 1475 1339 1539 adnexum
1369 1475 1596 1540 Ordini
1628 1491 1809 1539 sacro
1837 1475 1989 1539 Iure
2033 1476 2299 1551 divino;
2341 1491 2484 1538 cum
2528 1474 2701 1539 Ordo
2729 1474 2822 1539 uti
2873 1491 2953 1539 ue
2985 1474 3151 1539 sine

545 1573 622 1620 eo
666 1559 1017 1620 consistere
1061 1559 1277 1636 possit,
1320 1564 1392 1619 ut
1433 1565 1608 1637 patet
1651 1556 1944 1636 exemplo
1985 1555 2386 1621 Graecorum.¹
2437 1554 2559 1618 Sed
2625 1555 2756 1619 sola
2876 1554 3151 1619 cclesiae

546 1635 965 1701 Ordinatione
1012 1636 1109 1700 vel
1156 1636 1524 1700 immediate
1568 1653 1682 1718 per
1730 1636 1903 1700 illius
1949 1651 2360 1717 praeceptum,
2395 1636 2493 1700 vel
2538 1634 2819 1700 mediate
2862 1652 2978 1714 per
3025 1652 3149 1699 vo·

550 1727 685 1781 tum
730 1717 896 1798 quod
964 1718 1029 1780 in
1095 1716 1517 1780 ordinatione
1582 1717 1893 1797 implicite
1956 1720 2297 1795 emittitur,
2350 1725 2420 1780 ut
2482 1717 2670 1780 docet
2733 1714 3152 1795 probabilius

548 1817 597 1861 s,
630 1797 921 1861 Thomas.
964 1797 1146 1860 Unde
1190 1797 1509 1861 Romanus
1553 1796 1848 1862 Pontifex
1892 1798 2056 1861 bene
2100 1800 2336 1877 poterit
2377 1796 2669 1874 clericos,
2713 1796 2865 1861 licet
2907 1798 2976 1859 in
3022 1794 3151 1861 Sa·

549 1880 697 1954 criS,
740 1886 989 1942 solvere
1032 1878 1111 1940 ab
1159 1879 1276 1940 hac
1317 1881 1496 1956 gravi
1542 1877 1956 1958 obligatione,
2004 1879 2142 1942 sive
2184 1877 2521 1942 declarare
2566 1878 2831 1941 nomine
2874 1877 2992 1940 Dei
3025 1894 3151 1939 eos

552 1958 895 2022 absolutos.
939 1957 1378 2022 Communiter
1423 1968 1634 2022 tamen
1679 1975 1823 2023 cum
1866 1958 2481 2047 salmanticensibus
2543 1961 2877 2038 excipiunt
2918 1973 3146 2020 sacer-

552 2039 755 2114 dotes,
795 2039 1171 2119 quibuscum
1216 2040 1591 2118 dispensare
1622 2056 1753 2102 sem
1803 2057 1875 2101 er
1904 2056 2131 2120 magna
2171 2039 2540 2102 indecentia
2586 2048 2722 2114 est3
2765 2054 3155 2118 quanquam

554 2129 830 2198 urgente
875 2135 1060 2182 causa
1105 2120 1300 2181 etiam
1344 2135 1483 2183 cum
1534 2122 1687 2199 ipsis
1796 2119 2023 2183 cclesia
2069 2120 2488 2199 dispensavit,
2538 2120 2621 2183 ita
2670 2129 2882 2183 tamen
2940 2130 3019 2181 ut
3058 2118 3152 2181 ab

553 2200 784 2263 officiis
828 2198 1230 2271 clericalibus
1265 2205 1529 2262 omnino
1573 2211 1951 2263 arcerentur
1995 2200 2369 2281 dispensati,
2397 2209 2469 2263 ut
2495 2202 2587 2263 sic
2631 2202 2840 2262 omnis
2875 2198 3151 2262 aufera-

558 2292 662 2344 tur
706 2281 1108 2344 indecentia:
1154 2282 1245 2342 sic
1308 2280 1729 2343 Continuator
1771 2280 2091 2361 Tournely
2158 2281 2358 2345 refert
2400 2280 2817 2343 Benedictum
2862 2278 2945 2341 lx
2992 2296 3149 2358 per·

556 2363 810 2427 misisse
854 2361 1111 2423 Ramiro
1157 2359 1550 2442 presbytero,
1592 2371 1658 2423 et
1700 2361 2098 2439 Religionem
2144 2361 2447 2440 professo,
2477 2371 2548 2425 ut
2584 2361 2903 2424 labentem
2953 2361 3151 2423 Arra·

601 2444 766 2505 oniae
813 2442 1165 2521 prosapiam
1213 2441 1404 2505 editis
1451 2442 1673 2504 liberis
1717 2444 2045 2504 excitaret.
2088 2441 2167 2503 Et
2231 2442 2435 2504 Julius
2481 2439 2559 2503 ΙΙΙ
2622 2440 2936 2503 cardinali
2987 2440 3152 2503 Polo

555 2458 768 2596 ferrato
813 2539 877 2584 in
922 2521 1145 2600 Anglia
1194 2521 1560 2586 facultatem
1605 2520 1761 2585 fecit
1805 2522 2218 2600 dispensandi
2265 2538 2409 2584 cum
2467 2521 2879 2603 presbyteris,
2920 2519 3150 2584 diaco·

557 2605 686 2680 niS,
724 2602 1155 2678 subdiaconis,
1196 2603 1303 2681 qui
1366 2612 1651 2682 tempore
1714 2603 2037 2681 anglicani
2070 2602 2462 2664 schismatis
2506 2604 2992 2665 matrimonium
3064 2600 3155 2665 de

559 2682 724 2745 racto
769 2689 1193 2751 attentarunt,
1233 2692 1304 2744 ut
1345 2688 1399 2746 si
1447 2696 1714 2762 uterquc
1756 2699 1977 2746 eorum
2014 2691 2369 2762 susperstes
2399 2692 2673 2756 maneat,
2718 2684 2890 2744 inter
2932 2697 3006 2744 se
3056 2679 3156 2745 le·

557 2763 780 2841 gitime
824 2763 1306 2835 contraherent,
1350 2763 1461 2833 sed
1507 2766 1680 2826 omni
1724 2762 2036 2827 Ordinum
2082 2763 2388 2825 exercitio
2432 2762 2699 2826 sublato.
2730 2762 2809 2824 Et
2836 2761 2988 2824 Pius
3033 2759 3157 2824 vn

557 2859 627 2905 m
673 2842 1142 2905 Constitutione
1204 2845 1681 2907 confirmatoria
1748 2843 2125 2907 concordari
2167 2844 2244 2907 15
2299 2860 2439 2921 aug.
2503 2842 2680 2919 1801,
2722 2842 3012 2907 declarat
3080 2859 3156 2906 se

561 2940 674 3003 per
718 2922 918 2986 Breve
980 2924 1247 3000 vestigia
1314 2933 1601 2986 secutum
1645 2941 1787 2987 esse
1829 2923 1979 2986 Iulii
2049 2923 2126 2986 ln
2194 2928 2363 2988 circa
2427 2922 2896 2987 ecclesiasticos
2942 2924 3156 2999 viros,

557 3005 666 3082 qui
716 3004 780 3064 in
844 3000 1060 3066 Sacris
1102 3005 1458 3079 constituti,
1519 3014 1805 3083 tempore
1871 3004 2292 3068 revolutionis
2333 3003 2672 3084 gallicanae
2727 3004 3155 3068 matrimonia

559 3091 980 3146 attentarunt.
1022 3117 1102 3130 —
1137 3082 1215 3146 ⁴V.
1250 3084 1529 3165 bigami,
1575 3084 1742 3165 Opus
1784 3085 1968 3161 Mor„
2018 3084 2056 3147 l.
2102 3104 2201 3162 111,
2251 3103 2311 3148 n.
2355 3084 2510 3160 2563
2552 3094 2618 3148 et
2662 3083 2699 3145 l.
2728 3100 2815 3161 v1,
2860 3099 2973 3147 nn.
3003 3084 3154 3162 8⁹⁷,

557 3162 698 3239 808,
738 3163 897 3227 1025
936 3173 1002 3226 et
1045 3163 1221 3227 1059.
1467 3203 1471 3206 <

641 3242 1031 3307 postulatum
1079 3242 1203 3308 fuit
1245 3244 1323 3306 ab
1365 3246 1575 3324 episco
1623 3262 1660 3307 ο
1704 3245 2084 3310 cenomansi
2126 3245 2432 3309 Bouvier:
2479 3267 2501 3299 ι
2531 3242 2685 3307 Cum
2721 3260 2804 3307 ex
2844 3242 3152 3325 pluribus

560 3322 795 3386 decisis
838 3333 980 3387 vota
1027 3324 1403 3388 monialium
1450 3326 1517 3387 in
1617 3325 1767 3389 allia
1810 3327 1904 3388 uti
1950 3325 2262 3405 simplicia
2307 3341 2341 3387 a
2401 3325 2460 3387 S.
2517 3323 2679 3387 Sede
2715 3329 3155 3403 aestimentur,

559 3406 890 3483 sequentia
935 3415 1288 3470 nascuntur
1329 3405 1560 3468 dubia:
1605 3406 1669 3486 1)
1715 3423 1795 3468 an
1840 3413 2055 3468 votum
2100 3408 2165 3469 in
2216 3404 2510 3471 rediendi
2564 3404 2971 3485 Religionem
2994 3402 3153 3469 Sedi

559 3484 938 3563 Apostolicae
980 3485 1190 3549 adbuc
1233 3486 1317 3548 sit
1359 3488 1801 3549 reservatum?
1842 3486 1909 3566 2)
1953 3501 2034 3548 an
2076 3485 2161 3550 Or
2212 3488 2456 3551 inarius
2497 3502 2689 3566 super
2729 3487 2899 3549 votis
2943 3500 3151 3555 ano·

564 3564 843 3628 nialibus
885 3566 1160 3642 emissis,
1208 3566 1351 3629 data
1397 3569 1647 3629 ratione
1690 3567 2053 3642 sufficienti,
2087 3568 2467 3646 dispensare
2510 3569 2729 3647 possit,
2770 3575 2921 3630 voto
2964 3568 3154 3630 casti·

567 3646 715 3706 tatis
759 3647 1182 3708 remanente?
1248 3644 1318 3727 3)
1359 3661 1440 3709 an
1483 3648 1565 3709 de
1606 3650 1772 3710 votis
1816 3649 2102 3710 virorum
2170 3646 2340 3710 idem
2404 3646 2750 3711 dicendum
2792 3648 2880 3710 sit
2920 3662 2997 3709 ac
3064 3647 3153 3711 de

563 3727 729 3786 votis
770 3724 1165 3807 monialium,
1213 3737 1283 3788 ut
1324 3726 1629 3791 videtui-‘i
1674 3725 1734 3790 S.
1778 3727 2264 3791 Poenitentiaria
2293 3728 2332 3791 2
2362 3727 2543 3806 jonii
2574 3727 2763 3791 1836:
2807 3728 2933 3790 Per
3091 3726 3152 3791 is

560 3806 897 3885 diliqentor
921 3806 1262 3886 propositis
1302 3804 1531 3885 dubiis,
1571 3806 1868 3888 factaque
1892 3808 2358 3887 praemissorum
2385 3808 2690 3873 relatione
2733 3742 3156 3871 &noima

562 3885 702 3948 ΠΜ
745 3885 1042 3967 Gregorio
1086 3887 1195 3966 Pp.
1237 3886 1401 3962 XVI,
1433 3889 1796 3967 rospondit:
1838 3888 1932 3951 Ad
1979 3890 2052 3951 1;
2098 3889 2508 3970 affirmative,
2548 3889 2652 3951 sed
2682 3896 2894 3953 votum
2923 3889 3153 3951 malic—

561 3968 657 4028 ris
700 3967 886 4045 cusas
927 3969 1194 4030 intencio
1234 3971 1585 4047 respcaeerit
1624 3969 1709 4031 ad
1749 3969 2132 4033 monasteria
2162 3976 2357 4051 prout
2395 3986 2568 4033 nunc
2610 3970 2681 4033 in
2728 3968 2967 4033 Galliis
3007 3970 3152 4032 omi·

563 4055 766 4124 stunt,
807 4065 931 4111 non
971 4053 1065 4109 est
1103 4054 1534 4120 reservatum;
1577 4050 1737 4128 qaia
1770 4050 2017 4113 sciticet
2065 4051 2452 4114 monasteria
2492 4050 2702 4113 cadem
2741 4064 2782 4111 a
2827 4048 2980 4113 Sede
3007 4038 3156 4131 Af„

561 4128 827 4191 attentis
866 4127 1299 4209 peculiaribus
1342 4129 1864 4206 circumstantiis,
1906 4148 2030 4194 non
2076 4139 2377 4211 tanquam
2424 4128 2689 4195 Ordines
2730 4146 2872 4192 vero
2912 4135 3153 4211 et-pro·

557 4210 699 4288 prio
759 4210 1066 4290 religiosi,
1129 4210 1236 4272 sed
1304 4210 1401 4272 uti
1463 4211 1903 4290 piissimarum
1943 4211 2202 4292 familioe
2263 4211 2666 4291 foeminarum
2726 4212 3155 4274 mstimanwr.

568 4287 659 4349 Ad
701 4290 770 4352 2:
811 4308 893 4353 ccc
938 4288 1314 4353 Sanctitatis
1356 4307 1482 4352 suco
1522 4291 1969 4369 declaratione,
2011 4290 2200 4357 rebus
2263 4294 2356 4355 sic
2397 4289 2745 4368 stantibus,
2805 4307 2983 4370 posse
3023 4291 3155 4354 dis·

563 4384 842 4447 pensare.
887 4370 980 4431 Ad
1026 4371 1096 4433 3:
1137 4372 1385 4433 decreta
1423 4388 1534 4449 per
1581 4370 1640 4434 S.
1686 4371 2250 4449 Poenitentiariam,
2291 4372 2462 4436 alias
2515 4371 2687 4434 edita
2734 4378 3022 4451 spectare
3063 4388 3155 4435 so·

569 4450 870 4512 lanimodo
911 4451 995 4512 ad
1035 4449 1357 4513 moniales.
1399 4474 1424 4504 n

644 4527 855 4589 m.
898 4528 964 4602 Q.
1008 4529 1064 4617 3:
1105 4533 1207 4592 Aa
1247 4538 1457 4593 votum
1495 4531 1787 4594 emissum
1814 4533 1882 4594 in
1909 4532 2255 4596 utilitatem
2285 4531 2463 4596 tertii
2504 4532 2706 4612 possit
2746 4530 3157 4612 dispensari?

572 4670 580 4681 ,
648 4607 720 4670 R.
761 4607 1013 4684 Votum,
1055 4611 1109 4672 si
1153 4610 1276 4673 fuit
1318 4614 1620 4674 emissum
1688 4612 2133 4693 principaliter
2175 4614 2244 4676 in
2288 4613 2632 4677 utilitatem
2679 4611 2879 4689 tertii,
2920 4624 2988 4675 et
3030 4611 3156 4675 iste

571 4690 801 4752 tertius
842 4690 927 4751 sit
968 4688 1455 4769 determinatus,
1491 4708 1549 4753 v.
1590 4707 1673 4772 g„
1715 4692 1863 4755 talis
1906 4709 2167 4773 pauper,
2230 4693 2374 4758 talis
2428 4692 2733 4770 Ecclesia,
2785 4690 3152 4756 nullimode
