3292 5167
2684 206 2770 274 7⁹

666 383 1573 503 msmj'TATm
1594 460 1611 478 κ
1631 421 2289 511 SECUNDA

378 672 473 739 DE
519 671 772 741 VITIIS
823 674 1007 754 QUAE
1055 674 1387 743 VIRTUTI
1436 677 1907 746 RELIGIONIS
1957 683 2574 756 ADVERSANTUR.

281 971 453 1034 m.
494 972 662 1036 Vitia
711 972 832 1035 alia
865 974 1290 1037 adversantur
1332 974 1654 1054 Religioni
1685 993 1800 1055 per
1827 995 2170 1058 excessum,
2200 999 2328 1044 non
2373 984 2552 1062 quasi
2586 985 2755 1050 Deus

218 1057 372 1134 possit
409 1054 578 1116 cultu
624 1055 824 1117 nimio
869 1055 1145 1130 adorari,
1186 1071 1331 1118 cum
1376 1055 1609 1136 dignus
1654 1061 1739 1119 sit
1781 1059 1958 1122 cultu
2005 1062 2292 1124 infinito:
2342 1064 2451 1126 sed
2493 1065 2657 1144 quod
2694 1069 2752 1130 ei

214 1133 379 1198 cultus
416 1136 793 1199 exhibeatur
836 1136 934 1197 vel
987 1152 1217 1215 parvus
1263 1140 1327 1197 in
1361 1154 1451 1209 se,
1488 1138 1589 1200 vel
1628 1139 2036 1203 inordinatus
2070 1145 2135 1205 in
2170 1143 2394 1206 modo:
2424 1147 2577 1207 vitia
2616 1148 2755 1210 haec

90 1229 95 1252 ³
209 1216 628 1293 superstitionis
673 1215 977 1278 vocabulo
1023 1216 1231 1279 solent
1282 1218 1573 1280 indicari.
1618 1219 1756 1281 Alia
1803 1218 2124 1301 Religioni
2173 1225 2599 1288 adversantur
2638 1243 2754 1306 per

206 1295 482 1375 desectum,
529 1305 593 1358 et
638 1297 1028 1378 irreligionis
1073 1299 1334 1360 nomine
1370 1299 1842 1375 significantur.

265 1375 388 1438 uaec
426 1379 635 1439 omnia
684 1388 941 1456 peccata
986 1393 1065 1439 ex
1108 1394 1345 1455 genere
1390 1395 1503 1441 suo
1534 1382 1908 1458 gravissima
1941 1394 2124 1445 sunt:
2156 1399 2297 1446 cum
2341 1398 2752 1465 opponantur

203 1456 384 1519 virtuti
429 1459 596 1520 inter
632 1458 908 1520 morales
953 1463 1522 1537 praestantissimas,
1573 1461 1634 1523 id
1683 1470 1780 1523 est
1822 1460 2163 1541 Religioni.

1014 1801 1370 1872 ,CAPUT
1453 1801 1896 1876 ΡΗΙΜῌΜ,

1091 1990 1188 2047 DE
1224 1986 1740 2047 SUPERSTITION
1745 1990 1806 2047 Ε.

261 2210 429 2275 10⁷.
478 2209 550 2286 Q.
605 2205 773 2287 Quid
815 2206 887 2272 de
931 2206 1410 2292 superstitione?

257 2319 315 2384 R.
361 2314 757 2400 Superstitio
805 2312 1117 2381 definitur
1162 2330 1196 2379 a
1255 2313 1315 2380 d.
1382 2313 1668 2381 Thema:
1730 2315 1951 2382 vitium
2019 2316 2325 2400 Reliqioni
2393 2317 2739 2402 oppositum

188 2424 476 2491 secundum
521 2439 905 2488 excessum...
952 2421 1101 2505 quia
1148 2422 1390 2488 eoehibet
1451 2422 1685 2487 cultum
1732 2422 2013 2489 divinum
2072 2423 2165 2488 vel
2212 2424 2315 2489 cui
2360 2442 2483 2489 non
2531 2422 2735 2503 debet,

188 2533 258 2598 vel
296 2551 357 2597 eo
398 2529 576 2595 modo
623 2548 744 2613 quo
788 2548 915 2594 non
960 2528 1126 2594 debet
1161 2529 1208 2594 ¹.
1259 2528 1425 2597 Hinc
1460 2529 1850 2613 superstitio
1886 2536 2224 2614 spectatur
2258 2547 2336 2597 ex
2374 2537 2556 2615 parte
2594 2536 2736 2598 tum

192 2639 279 2718 rei,
325 2655 467 2721 quae
518 2636 700 2703 cultu
751 2633 1071 2716 donatur3
1122 2645 1262 2702 tum
1312 2635 1512 2719 modi,
1563 2654 1699 2723 quo
1748 2636 1965 2704 cultus
2015 2629 2106 2702 illi
2169 2644 2534 2705 exercetur.

324 2746 378 2809 l.
411 2744 507 2809 Ex
541 2748 727 2826 parte
756 2741 852 2807 rei
889 2741 1133 2825 triplex
1163 2748 1262 2808 est
1321 2741 1819 2825 superstitionis
1860 2742 2161 2826 species:
2205 2741 2597 2822 idololatria,
2640 2740 2734 2807 di·

183 2851 383 2918 vinatio
432 2858 497 2917 et
546 2867 707 2916 vana
742 2848 1176 2916 observantia.
1211 2848 1326 2916 Vel
1367 2849 1543 2917 enim
1577 2856 1878 2916 creatura
1914 2850 2155 2917 colitur
2195 2859 2506 2935 tanquam
2551 2851 2729 2916 Deus

179 2967 230 3025 et
266 2959 399 3026 loco
449 2959 612 3038 Dei,
665 2965 732 3026 et
780 2956 996 3024 oritur
1041 2956 1448 3035 idololatria;
1493 2956 1593 3023 vel
1645 2957 1726 3024 ab
1777 2957 1917 3042 ipsa
1966 2967 2264 3025 creatura
2332 2967 2645 3042 tanquam
2695 2975 2728 3023 a

180 3068 285 3135 Deo
331 3067 576 3151 petitur
624 3082 847 3134 rerum
897 3066 1307 3133 occultarum
1357 3064 1667 3150 cognitio,
1717 3073 1782 3131 et
1816 3075 1916 3133 est
1947 3065 2279 3142 divinatio;
2329 3066 2426 3133 vel
2461 3064 2729 3151 aliquod

176 3174 236 3241 ab
275 3192 338 3241 ea
386 3173 780 3258 imploratur
826 3173 1164 3253 auxilium,
1215 3181 1281 3240 et
1330 3179 1428 3241 est
1477 3191 1647 3238 vana
1692 3173 2101 3239 observantia.
2140 3174 2300 3253 Quae
2338 3173 2557 3240 omnia
2613 3190 2724 3239 na·

175 3287 285 3347 tura
328 3299 443 3348 sua
492 3280 795 3349 mortalia
843 3287 1033 3361 sunt;
1084 3298 1234 3350 cum
1307 3297 1569 3364 gravem
1644 3281 1785 3346 Deo
1860 3279 2153 3363 irrogent
2225 3280 2725 3349 irreverentiam

173 3387 479 3457 tribuendo
529 3394 853 3457 creaturae
890 3386 1069 3473 quod
1108 3390 1245 3456 Deo
1294 3387 1415 3454 soli
1470 3387 1733 3455 debent.
2461 3387 2468 3395 ’

312 3498 369 3562 2.
417 3499 514 3564 Ex
562 3502 748 3580 parte
795 3494 963 3560 modi
1011 3501 1231 3579 potest
1278 3494 1499 3562 cultus
1570 3513 1720 3563 esse
1787 3494 1885 3563 vel
1957 3494 2158 3562 falsus
2208 3494 2308 3563 vel
2358 3496 2571 3580 turpis
2621 3495 2723 3566 vel

168 3603 525 3687 superfluus.
575 3604 865 3685 Falsus,
895 3601 950 3669 si
1002 3600 1167 3687 quid
1214 3600 1357 3667 falsi
1411 3600 1697 3684 indicet,
1752 3609 1821 3668 ut
1870 3602 1924 3669 si
1960 3603 2109 3687 quis
2178 3610 2474 3670 uteretur
2521 3619 2725 3671 caere—

168 3711 366 3779 moniis
410 3710 722 3793 Judaicis,
774 3729 924 3797 quae
975 3707 1312 3777 Christum
1362 3717 1713 3776 venturum
1748 3709 2207 3794 significabant
2223 3736 2242 3791 3
2279 3709 2377 3777 vel
2422 3711 2475 3777 si
2514 3709 2722 3776 laicus

168 3817 338 3886 Deum
386 3819 638 3888 coleret
688 3826 999 3904 tanquam
1053 3816 1355 3901 publicus
1405 3817 1721 3885 Ecclesiae
1764 3811 2084 3900 minister,
2120 3817 2568 3897 sacrificandO,
2613 3816 2723 3884 ab·

166 3925 470 4008 solvendo,
523 3934 648 3995 etc.
703 3927 954 4013 Turpis,
1006 3925 1059 3993 si
1112 3923 1415 4010 quaedam
1466 3924 1801 3993 contineat
1851 3928 1989 3993 Deo
2039 3924 2377 4011 injuriosa,
2431 3943 2485 3990 V.
2537 3941 2620 4008 g.,
2664 3923 2718 3991 si

163 4034 282 4116 quis
326 4034 464 4102 suis
515 4036 580 4102 in
632 4033 939 4119 precibus
988 4030 1332 4102 induceret
1400 4033 1593 4100 verba
1666 4033 2016 4129 inhonesta
2085 4039 2151 4099 et
2216 4030 2716 4099 contumeliosa.

161 4139 503 4228 stipatim,
553 4140 606 4209 si
660 4140 820 4207 nihil
869 4140 1163 4208 conferat
1213 4139 1292 4205 ad
1343 4143 1567 4207 verum
1617 4140 1735 4207 Dei
1789 4141 2039 4208 cultum
2070 4193 2085 4219 ,
2137 4139 2228 4206 uti
2282 4139 2335 4206 si
2386 4138 2536 4224 quis
2584 4158 2716 4207 non

160 4245 319 4314 vellet
361 4248 627 4317 Missam
677 4246 920 4329 audire,
972 4247 1070 4314 vel
1111 4248 1664 4314 communionem
1714 4246 2073 4331 suscipere,
2117 4245 2240 4312 nisi
2283 4263 2317 4311 a
2359 4246 2466 4313 tali
2505 4265 2719 4315 sacer-

207 4476 221 4505 ·
248 4476 290 4534 2,
318 4479 366 4535 2,
399 4487 450 4542 q.
484 4479 568 4537 92,
603 4486 656 4526 a.
689 4476 735 4526 1.
767 4499 831 4514 -·
861 4475 1176 4539 Superstitio
1232 4474 1314 4526 vel
1354 4476 1435 4526 est
1482 4486 1514 4525 a
1545 4473 1834 4537 gentilibus
1866 4475 1957 4537 qui
2006 4474 2134 4525 deos
2180 4474 2621 4538 deprecabantur,
2659 4478 2715 4528 ut

158 4531 270 4643 ⁸803
298 4549 418 4590 suos
449 4536 554 4621 sibi
584 4538 1184 4614 superstites'haherenn
1223 4536 1311 4588 vel
1344 4548 1375 4587 a
1409 4537 1881 4648 νᾳτῠοοῗιιιιᾶενπιιο,
1905 4540 2059 4600 quasi
2084 4537 2257 4611 cultus
2290 4538 2360 4591 sit
2391 4539 2711 4601 superfluus.

156 4619 206 4634 -
269 4638 278 4648 .
308 4601 540 4725 Beaeier,
578 4601 644 4652 V.
677 4600 1063 4662 Super-stisiam.
1102 4626 1159 4637 --
1195 4599 1490 4659 Valseccln,
1524 4600 1574 4650 F
1711 4604 1870 4650 menti
1901 4600 2038 4651 della
2070 4601 2346 4663 Retayione,
2379 4600 2414 4692 ¹ss
2441 4613 2520 4661 ιιι,
2554 4612 2597 4650 c.
2633 4603 2710 4651 15.

156 4681 204 4695 -
228 4660 373 4723 Ligno
475 4661 618 4725 opus
650 4662 806 4727 Hor„
833 4664 867 4714 l.
900 4675 976 4725 ιιι,
1010 4674 1101 4715 nn.
1137 4665 1160 4713 1
1197 4664 1250 4714 et
1279 4673 1424 4726 seqq-
