3292 5167
1108 214 1188 259 nn
1231 208 1678 261 comme-nnus
2563 182 2694 252 289

141 321 270 393 tecit
308 318 447 388 sine
492 317 601 388 sui
648 317 974 386 curatoris
1022 335 1375 387 concursu.
1426 317 1574 385 Non
1627 312 1874 401 poterit
1921 318 2143 380 tamen
2201 308 2518 396 obligatio
2568 308 2696 376 im-

143 425 417 518 pugnari,
464 424 526 495 si
576 424 794 495 minor
838 423 1072 494 dolose
1134 423 1301 492 banc
1350 440 1546 491 suam
1609 421 1995 507 qualitatem
2056 417 2512 486 occultaverit:
2562 415 2696 485 imo

146 531 852 619 equiparaturmajori,
893 531 953 601 si
996 537 1227 617 agatur
1272 529 1355 598 de
1401 526 1578 596 illius
1612 526 1855 596 delicto
1893 530 2006 593 aut
2038 523 2531 610 quasi-delicto.
2581 523 2701 590 Ce-

151 650 325 711 terum
368 657 572 708 nemo
612 639 724 726 jus
770 638 968 708 babet
1015 644 1089 707 ut
1135 637 1262 707 sibi
1316 636 1713 705 restituatur
1759 632 1941 719 quod
1993 630 2223 700 tribuit
2272 629 2545 713 minori,
2591 629 2698 697 in·

154 746 383 818 terdicto
431 754 552 815 ant
619 736 1091 829 inhabilitato,'
1124 752 1236 813 aut
1305 744 1527 827 uxori,
1605 744 1661 811 si
1718 742 2071 811 conventio
2130 738 2307 808 nulla
2374 737 2700 805 declarata

158 854 335 937 luerit,
400 852 537 922 nisi
607 854 932 940 probetur
1001 853 1299 922 solutum
1380 852 1446 921 in
1519 849 1850 919 dictorum
1916 844 2340 917 commodum
2416 843 2700 913 cessisse

163 964 273 1047 (m.
318 962 543 1047 ¹303).
587 999 680 1011 —-
726 960 915 1044 Quod
958 979 1114 1030 vero
1183 959 1474 1048 pertinet
1523 957 1605 1026 ad
1650 958 2078 1025 rescissionem
2123 971 2319 1023 causa
2365 951 2696 1035 laesionis,

160 1067 262 1153 eius
300 1067 466 1137 actio
516 1068 803 1155 proponi
853 1067 1102 1154 nequit,
1138 1066 1262 1136 etsi
1311 1072 1541 1152 agatur
1588 1064 1670 1132 de
1717 1061 2135 1143 minoribus,
2176 1058 2302 1128 nisi
2334 1055 2597 1145 quando
2632 1060 2699 1124 et

162 1172 442 1261 quomodo
481 1174 595 1245 lex
643 1192 955 1262 expresse
1000 1172 1288 1243 declarat
1337 1173 1493 1257 (art.
1544 1171 1748 1256 1308)
1801 1174 1849 1236 ¹.

962 1482 1294 1553 caput
1366 1478 1840 1551 ΤΕΒΤΙῌΜ

855 1667 950 1724 DE
984 1666 1525 1727 CONTRACTIBUS
1559 1665 1636 1724 IN
1675 1663 1945 1725 SPECIE.

636 1912 979 1981 Anrmnws
1024 1913 1070 1980 1.
1118 1950 1208 1960 —
1252 1915 1343 1981 De
1385 1912 1689 1999 emptione
1734 1921 1790 1979 et
1833 1909 2186 1978 venditione

230 2146 403 2209 897.
456 2142 629 2226 Quid
670 2154 757 2211 est
801 2141 1351 2229 emptio-venditio,
1398 2152 1453 2209 et
1497 2139 1797 2227 quomodo
1836 2141 2211 2227 perficitur?

235 2253 295 2320 R.
323 2251 409 2320 Ad
459 2253 536 2317 1:
588 2254 714 2321 Res
761 2250 1053 2338 primum
1096 2250 1269 2318 inter
1314 2248 1614 2317 homines
1665 2248 2247 2335 permutabantur;
2296 2251 2413 2320 sed
2449 2268 2701 2336 magna,

168 2374 287 2445 quae
328 2359 568 2447 passim
618 2359 1007 2427 occurrebat
1054 2356 1403 2426 difficultas
1450 2355 1983 2443 permutationiS‚
2034 2357 2098 2426 in
2148 2375 2346 2427 causa
2411 2358 2533 2426 fuit
2589 2376 2709 2427 cur

173 2483 431 2535 nummus
479 2467 790 2535 inventus
836 2465 1062 2548 tuerit,
1100 2463 1211 2550 qui
1246 2483 1351 2534 res
1385 2481 1616 2531 omnes
1651 2470 2179 2550 repraesentaret.
2213 2465 2372 2534 Inde
2405 2471 2546 2534 orta
2585 2485 2707 2533 em-

168 2574 580 2660 ptio-venditio,
616 2592 767 2661 quae
803 2573 974 2642 solet
1009 2572 1301 2641 definiri:
1334 2583 1687 2640 contractus
1716 2591 1834 2657 quo
1867 2592 2050 2640 merce
2081 2572 2490 2642 determinata
2520 2574 2708 2641 datur

170 2681 246 2746 vel
280 2681 472 2748 danda
516 2681 883 2748 convenitur
919 2700 1039 2767 pro
1078 2679 1282 2767 pretio
1352 2677 1783 2746 determinato,
1830 2680 1927 2746 Ex
1978 2679 2192 2747 Codice
2254 2688 2471 2750 autem
2535 2679 2709 2747 civili

169 2798 237 2853 est
273 2788 592 2872 conventio,
638 2806 762 2873 qua
806 2789 946 2873 quis
989 2807 1053 2854 se
1102 2784 1331 2872 obliqat
1353 2783 1437 2852 ad
1465 2805 1599 2852 rem
1632 2786 1914 2871 aliquam
1945 2786 2343 2871 tradendam,
2378 2789 2539 2855 alter
2562 2805 2706 2854 vero

173 2893 241 2959 ad
272 2897 386 2982 ejus
419 2894 698 2983 pretium
741 2893 1125 2962 solvendum.

242 3002 300 3069 R.
342 3002 433 3069 Ad
479 3005 555 3069 2:
604 2998 1197 3088 Emptio-venditio
1247 2998 1534 3084 perfecta
1597 3005 1721 3082 est,
1787 3005 1852 3067 et
1917 3000 2009 3067 rei
2074 3000 2443 3086 proprietas
2507 2999 2705 3087 pleno

172 3105 289 3191 inre
327 3109 400 3176 ad
445 3116 817 3196 emptorem
864 3114 1140 3196 spectat,
1192 3106 1415 3176 statim
1464 3125 1539 3176 ac
1586 3105 1890 3176 absolute
1939 3113 2335 3176 conventum
2385 3115 2486 3177 est
2533 3109 2706 3177 circa

177 3231 287 3282 rem
326 3224 384 3286 et
430 3217 755 3305 pretium,
804 3215 927 3286 etsi
977 3234 1082 3285 res
1129 3214 1272 3301 ipsa
1346 3214 1640 3284 nondum
1705 3213 1790 3283 sit
1858 3213 2114 3284 tradita.
2178 3215 2307 3284 Sed
2371 3234 2520 3285 cum
2583 3216 2703 3284 hac

180 3321 394 3392 Codicis
439 3323 868 3393 limitatione:
918 3324 990 3391 Se
1038 3323 1102 3391 la
1147 3342 1292 3390 cosa
1337 3323 1445 3389 che
1488 3322 1706 3390 taluno
1751 3321 1808 3388 si
1837 3322 1869 3388 e
1899 3322 2197 3408 obbliqato
2229 3341 2344 3389 con
2373 3325 2708 3391 successive

180 3430 531 3501 convenzioni
575 3430 641 3496 di
685 3430 836 3497 dare
882 3450 917 3497 o
973 3450 1351 3516 consequare
1398 3449 1439 3497 a
1483 3428 1601 3497 due
1637 3448 1903 3516 persone
1927 3483 1944 3512 ,
1990 3430 2024 3497 e
2067 3450 2156 3497 un
2199 3430 2415 3498 mobile
2437 3451 2555 3519 per
2591 3450 2708 3498 na-

178 3545 293 3604 mra
329 3559 360 3605 o
402 3557 487 3605 un
530 3539 704 3605 titolo
749 3538 817 3605 al
844 3548 1181 3625 portatore,
1231 3534 1436 3623 quella
1479 3539 1589 3623 fra
1635 3556 1763 3604 esse
1807 3556 1850 3604 a
1894 3538 1995 3605 cui
2037 3540 2111 3624 fu
2156 3537 2298 3607 dato
2336 3539 2384 3605 il
2404 3557 2703 3626 possesso,

182 3643 300 3712 sard
328 3645 620 3732 prefer-ita
665 3645 775 3713 all'
792 3646 980 3727 altra,
1027 3644 1272 3712 sebbene
1319 3644 1368 3712 il
1413 3663 1524 3711 suo
1572 3645 1743 3712 titolo
1789 3647 1951 3730 fosse
2003 3646 2344 3733 posteriore
2405 3647 2470 3714 di
2528 3648 2702 3727 data,

180 3753 371 3835 purch-13
410 3754 459 3821 2⁰1
492 3773 771 3841 possesso
816 3753 919 3819 sia
963 3752 1028 3818 di
1074 3753 1277 3821 buono
1318 3752 1452 3838 fede
1500 3751 1652 3837 (art.
1706 3754 1928 3839 1126).

252 3858 393 3926 ltem
438 3857 658 3945 quoad
703 3875 961 3926 merces
1001 3857 1540 3944 distinguendum
1574 3864 1709 3926 est:
1743 3860 1796 3926 si
1837 3877 2092 3928 merces
2128 3858 2492 3928 vendantur
2518 3860 2705 3946 J’uxta

195 3978 372 4031 earnm
414 3963 695 4051 pondus,
750 3982 1098 4033 numerum
1145 3971 1256 4031 aut
1303 3948 1703 4047 mensuram,
1751 3964 2046 4034 venditio
2082 3984 2212 4034 non
2250 3973 2350 4034 est
2398 3967 2705 4053 perfecta,

194 4070 315 4152 quin
356 4072 660 4158 pondere,
722 4089 997 4139 numero
1061 4070 1162 4139 vel
1224 4089 1532 4140 mensura
1597 4070 1814 4157 reipsa
1883 4072 2213 4158 quantitas
2276 4070 2708 4142 determinata

194 4171 364 4246 fuerit.
407 4181 565 4249 Hinc
612 4178 669 4248 si
720 4178 868 4265 quis
917 4178 1152 4249 vendat
1198 4178 1391 4247 alicui
1442 4184 1656 4247 totum
1703 4180 2127 4261 frumentum,
2180 4178 2357 4265 quod
2408 4181 2604 4250 babet
2640 4183 2705 4250 in

190 4296 321 4370 area,
361 4288 577 4358 decem
623 4288 862 4358 libellis
912 4306 1031 4375 pro
1079 4287 1340 4374 singulo
1375 4285 1619 4372 modi0‚
1669 4285 2046 4373 usquedum
2078 4295 2533 4358 mensuratum
2568 4309 2698 4359 non

192 4511 257 4624 Μ’
286 4533 304 4559 ‹
330 4517 420 4568 Per
444 4521 681 4583 mmpto:
716 4518 866 4571 Nella
897 4518 1155 4571 divisione
1188 4518 1241 4570 di
1270 4515 1486 4579 etenim,
1509 4514 1726 4582 quando
1758 4516 1810 4568 la
1841 4515 2040 4570 lesione
2071 4518 2354 4583 oltrapassi
2386 4518 2423 4571 ll
2495 4523 2649 4573 uarto
2678 4533 2709 4572 a

194 4644 218 4683 a
239 4578 1041 4704 ἓῗιὰἰὲἒοοὲἓῖεέἒωςῗῖέὲθιίέῗξ
1068 4577 1514 4707 ἳδὲῧῖα·νεηᾱὶῑα
1533 4578 1588 4633 di
1627 4590 1699 4631 un
1732 4578 2004 4690 immobile
2037 4592 2094 4634 se
2138 4582 2433 4647 oltrapassa
2501 4595 2533 4633 a
2567 4584 2710 4635 meta
