3292 5167
447 226 583 292 uit
1463 244 1576 291 ιι3.
1623 243 1689 289 n.
1736 242 1946 289 ruer.
1995 239 2081 288 vt.

1486 466 1607 547 (Ο)
1650 466 1802 549 Ραα.
1834 466 1973 531 283.

457 754 462 761 ,
525 688 741 753 008.
786 690 878 753 An
923 706 1072 767 opus
1113 707 1373 769 pravum
1417 692 1621 772 pretio
1654 691 1931 771 ‘dignum
1976 692 2079 769 sit,
2122 694 2174 754 si
2234 692 2297 753 in
2370 700 2621 771 pactum
2690 692 2772 752 sit
2815 688 3028 753 dedu-

447 777 640 847 ctum,
686 772 853 833 inter
890 772 1308 834 affirmantem
1341 780 1403 833 et
1438 781 1798 851 negantem,
1842 773 1952 836 alii
2000 775 2254 835 tertiam
2298 771 2543 834 addunt
2588 772 3010 846 sententiam,

448 867 589 994 311ae
635 850 973 930 distinguit
1018 853 1187 914 inter
1229 846 1566 941 actiohflm,
1609 869 1750 932 quae
1780 851 2211 916 abstrahendo
2243 869 2275 915 a
2323 861 2577 931 peccato
2619 867 2767 915 vere
2801 852 3023 930 pretio

497 933 641 1011 igna
686 940 801 1007 est,
848 941 913 994 ut
956 940 1051 994 est
1093 931 1600 997 subministratio
1630 934 1845 995 carnis
1881 934 1987 996 die
2024 933 2367 1013 prohibito,
2393 940 2457 995 et
2488 933 2658 994 inter
2695 947 2835 994 eam
2867 946 3016 1010 quae

449 1012 615 1075 banc
657 1000 1148 1075 abstractionem
1193 1028 1320 1074 non
1369 1015 1639 1091 patitur:
1687 1030 1828 1076 cum
1874 1023 2198 1094 peccatum
2235 1016 2320 1074 sit
2351 1015 2484 1092 ipsa
2519 1014 2683 1075 actio
2728 1013 3022 1076 substan·

448 1093 643 1169 tialis,
693 1110 724 1155 a
770 1109 886 1172 qua
937 1091 1287 1155 nullimode
1333 1103 1537 1173 potest
1580 1098 1887 1173 separari,
1932 1102 1999 1157 ut
2041 1101 2210 1156 esset
2251 1094 2484 1156 occisio
2528 1090 2828 1155 hominis.
2873 1092 3029 1171 Pre-

453 1174 610 1236 tium
649 1174 937 1236 tribuunt
983 1175 1045 1234 in
1093 1175 1296 1252 primo
1340 1189 1509 1249 casu,
1554 1190 1681 1236 non
1730 1177 1793 1236 in
1843 1174 2145 1238 secundo.
2594 1242 2597 1245 ,

529 1253 651 1315 Nos
698 1254 870 1316 nulla
917 1253 1330 1316 distinctione
1375 1252 1561 1329 facta,
1593 1254 1655 1316 id
1703 1271 1832 1317 sem
1885 1271 1955 1317 er
1987 1264 2235 1318 tuemur
2266 1252 2535 1315 licitum.
2562 1251 2778 1330 Neque
2810 1250 3015 1326 dicas,

451 1334 763 1396 actionem
813 1334 1311 1413 peccaminosam
1362 1334 1539 1397 nullo
1578 1335 1783 1413 pretio
1875 1337 2088 1415 ignam
2135 1350 2309 1396 esse:
2355 1333 2531 1396 nullo
2576 1332 2833 1412 quidem
2879 1347 3025 1410 pre·
3062 1396 3073 1405 ,

452 1415 542 1476 110
587 1421 682 1476 est
725 1416 918 1494 digna
961 1420 1036 1475 ut
1099 1413 1291 1486 talin
1334 1415 1442 1477 sed
1490 1416 1682 1493 digna
1730 1424 1844 1492 est,
1887 1418 1938 1477 si
1984 1415 2426 1477 consideretur
2468 1420 2540 1475 ut
2583 1411 3027 1492 temporaliter

450 1493 762 1556 laboriosa
802 1494 902 1556 vel
937 1495 1357 1572 ignominiosa
1395 1494 1500 1557 vel
1536 1496 1888 1573 periculosa
1922 1496 2248 1575 praestanti
2286 1493 2501 1567 illam;
2533 1502 2807 1572 pretium
2839 1494 3020 1557 enim

363 1590 372 1601 ·
448 1584 514 1636 et
554 1576 717 1635 actio
763 1585 913 1637 tunc
956 1590 1164 1635 secum
1211 1589 1332 1637 una
1380 1580 1771 1641 conveniunt
1813 1576 2037 1639 saltem
2084 1579 2150 1637 in
2195 1590 2430 1653 genere
2477 1577 2566 1635 rei
2618 1572 3016 1651 temporalis,

446 1652 525 1717 Et
567 1657 855 1734 quamvis
900 1656 1248 1731 ignominia
1293 1653 1401 1717 illa
1446 1658 1577 1718 sive
1611 1656 1961 1735 periculum
1994 1656 2173 1718 nullo
2206 1656 2416 1735 pretio
2447 1655 2845 1733 compensari
2879 1671 3022 1733 pos·

447 1738 549 1810 sil,
593 1745 656 1797 et
698 1744 846 1798 ante
889 1744 1137 1812 pactum
1186 1734 1345 1797 nibil
1392 1751 1803 1816 compensare
1850 1738 2169 1810 tenearis,
2215 1752 2356 1798 cum
2423 1737 2552 1797 sint
2621 1751 2722 1796 res
2768 1733 3019 1796 diversi.

447 1815 728 1893 ordini-„³3
772 1816 974 1895 posito
1021 1823 1230 1876 tamen
1275 1825 1606 1879 contractu
1648 1825 1713 1879 et
1745 1818 2023 1897 praestita
2071 1816 2147 1878 ab
2179 1816 2381 1878 altero
2412 1816 2665 1878 actione
2697 1815 3015 1894 peccami-

450 1911 625 1969 nosa,
671 1898 910 1959 teneris
958 1898 1333 1974 promissum
1380 1896 1648 1969 solvere,
1698 1913 1824 1959 non
1853 1897 1982 1975 jam
2009 1896 2084 1960 ad
2117 1895 2668 1975 compensandum
2700 1895 3013 1957 damnum

449 1974 749 2052 alterius,
794 1976 901 2038 sed
948 1976 1026 2038 ad
1073 1975 1459 2054 implendam
1505 1976 1961 2056 obligationem
2020 1977 2394 2041 naturalem.
2462 1974 2538 2038 Et
2598 1976 2749 2038 item
2793 1981 2891 2037 est
2933 1975 3026 2037 de

445 2054 737 2119 mulieris
783 2057 1065 2118 honestae
1109 2072 1247 2129 usu,
1296 2058 1402 2135 qni
1449 2072 1591 2120 cum
1636 2061 1842 2137 pretio
1874 2060 1957 2120 sit
1994 2056 2663 2120 inaestimabiliszsine
2698 2056 3019 2134 injustitia

445 2138 684 2277 poterit
725 2136 833 2199 illa
901 2153 991 2279 8ro
1033 2135 1689 2279 eossqaeuamplurimum
1733 2141 2037 2218 accipere.
2083 2171 2158 2183 -
2201 2137 2259 2199 V.
2305 2137 2584 2216 Liguori‚
2622 2135 2789 2216 Opus
2821 2135 3012 2211 Mor„

475 2262 489 2276 .
535 2232 629 2292 ιιι,
673 2232 779 2278 nn.
980 2223 1044 2278 et
1218 2264 1231 2278 .

527 2295 761 2360 Verum
805 2299 1040 2359 acriter
1084 2305 1368 2377 pugnant
1410 2303 1632 2359 contra
1690 2297 1856 2360 banc
1913 2297 2301 2361 sententiam
2344 2294 2616 2360 Gousset
2657 2303 2723 2365 et
2762 2294 3012 2359 Frassi-

449 2379 629 2439 netti.
675 2376 925 2440 Primus
971 2376 1191 2439 babet:
1249 2403 1270 2432 ι
1315 2376 1378 2439 Ci
1426 2378 1697 2453 sembra,
1741 2379 1856 2441 che
1901 2378 2158 2457 ripugni
2203 2378 2259 2439 ai
2307 2376 2501 2439 buoni
2535 2377 2800 2439 costumi
2851 2374 3007 2437 l’es·

448 2472 590 2519 sere
633 2472 943 2520 ammesso
987 2474 1018 2520 a
1065 2459 1343 2536 ripetere
1390 2457 1432 2518 il
1480 2458 1723 2537 premio
1768 2458 1871 2521 del
1942 2458 2197 2538 proprio
2265 2456 2527 2529 delitt03
2584 2458 2681 2518 cio
2741 2454 3019 2519 sarebbe

447 2552 533 2599 un
572 2537 846 2600 rendere
889 2537 1097 2604 ardito
1144 2539 1185 2599 il
1236 2537 1683 2617 libertinaggio
1727 2539 1808 2600 ed
1853 2540 2251 2602 autorizzare
2298 2537 2340 2599 il
2390 2536 2739 2609 disordine‚
2769 2538 3016 2598 ricono-

446 2618 683 2680 scendo
719 2618 836 2681 cbe
879 2620 928 2679 si
978 2618 1097 2697 puo
1142 2616 1276 2680 fare
1319 2627 1805 2696 assegnamento
1852 2634 2036 2699 sopra
2083 2619 2122 2679 l'
2146 2621 2526 2681 esecuzione
2569 2617 2633 2680 di
2681 2632 2803 2679 una
2863 2633 3021 2696 pro·

444 2712 648 2763 messa
697 2698 953 2774 illecita,
995 2714 1031 2760 e
1075 2699 1450 2776 acquistare,
1474 2700 1944 2762 commetiendo
1990 2698 2329 2772 ildelitto,
2379 2699 2421 2762 il
2467 2698 2689 2759 diritto
2722 2696 2785 2758 di
2833 2695 3015 2759 ricla·

444 2792 623 2841 mare
669 2777 713 2838 il
759 2777 990 2841 salario
1029 2778 1090 2839 in
1137 2778 1500 2858 qualunqne
1545 2779 1733 2841 modo
1778 2780 1835 2841 lo
1872 2782 1922 2841 si
1972 2780 2023 2841 ri
2073 2779 2278 2842 nardi.
2322 2803 2344 2831 ι
2400 2777 2643 2857 (Theol.
2683 2777 2860 2851 Mor„
2895 2785 2936 2840 t.
2971 2792 3018 2854 1,

446 2872 508 2919 n.
551 2858 715 2937 653).
761 2856 1090 2921 Secundus
1133 2859 1390 2921 scribit:
1450 2884 1472 2914 ι
1515 2857 1580 2920 Si
1630 2859 1990 2937 hujusmodi
2067 2859 2361 2923 oeditates
2406 2860 2613 2939 pretio
2662 2857 2877 2920 forent
2922 2856 3027 2919 di—

445 2953 626 3017 gnae,
657 2942 759 3017 qui
793 2940 903 3001 bas
942 2948 1297 3018 perageret,
1336 2948 1545 3018 posset
1569 2940 1741 3017 juste
1785 2940 2105 3002 ditescere
2139 2948 2444 3021 quantum
2468 2938 2664 3001 vellet
2693 2937 3019 3016 exigendo

445 3031 560 3097 pro
586 3021 944 3093 calumniiS,
972 3030 1088 3081 etc.
1122 3020 1422 3098 pretium:
1459 3036 1600 3099 quae
1637 3022 1844 3081 omnia
1887 3020 2188 3083 videntur
2219 3037 2253 3083 a
2284 3020 2781 3083 christianorum
2818 3034 3019 3081 sensu

448 3099 640 3160 nimis
684 3100 1090 3162 abhorrere...
1135 3099 1574 3162 Confessarius
1620 3107 1916 3179 possetne
1963 3106 2113 3179 pati,
2157 3111 2225 3164 ut
2269 3100 2500 3162 mulier
2533 3107 2673 3178 post
2715 3099 3023 3161 criminis

446 3181 543 3239 sui
602 3178 1075 3242 confessionem
1121 3181 1427 3242 amasium
1474 3197 1584 3261 per
1635 3197 1703 3242 se
1748 3181 1847 3241 vel
1895 3197 2005 3260 per
2049 3190 2526 3259 procuratorem
2572 3179 2779 3242 adiret
2822 3193 3014 3256 pecu-

446 3258 616 3320 niam
663 3260 977 3339 exigendo
1024 3264 1085 3321 in
1136 3262 1466 3339 praeminm
1523 3276 1655 3323 suae
1720 3260 2075 3323 foeditalis‘?
2136 3261 2286 3334 Quis
2344 3258 2771 3322 confessarius
2815 3258 3013 3320 aude·

447 3345 548 3399 ret
592 3339 806 3403 dicere
848 3339 1134 3403 mulieri:
1187 3357 1357 3403 nunc
1401 3342 1737 3420 poenitere,
1781 3349 1849 3403 ut
1895 3349 2109 3421 parcat
2155 3341 2270 3404 tibi
2320 3341 2505 3414 Deus,
2548 3350 2612 3402 et
2658 3348 2871 3418 postea
2921 3355 3023 3401 re·

446 3424 590 3495 pete
619 3434 650 3479 a
691 3428 796 3481 tuo
827 3423 1063 3482 amasio
1094 3421 1336 3500 justum
1363 3423 1637 3499 pretium
1683 3426 1769 3483 tui
1798 3424 2038 3500 peccati
2071 3421 2354 3484 nondum
2385 3420 2662 3483 solutum
2688 3420 2719 3481 ‘i
2751 3443 2771 3472 ο
2809 3418 3024 3498 (Com-

438 3498 663 3577 pendio
704 3499 869 3562 della
919 3500 1139 3578 Theoi„
1182 3509 1330 3563 note
1371 3500 1469 3576 33,
1509 3501 1608 3577 67,
1643 3501 1740 3578 71,
1776 3501 1900 3580 75).
1942 3498 2051 3564 Est
2095 3511 2306 3573 tamen
2351 3510 2567 3564 contra
2617 3514 2976 3564 commune.

1483 3741 1597 3823 (P)
1643 3741 1791 3823 Pap.
1831 3742 1970 3806 284.

523 3957 746 4023 009.
794 3961 1073 4023 Pravo
1112 3980 1268 4043 peu·
1309 3960 1684 4024 lucrium
1743 3990 1765 4020 ι
1808 3964 1888 4026 La
1937 3979 2086 4026 voce
2124 3969 2261 4027 atto
2290 3960 2369 4025 ba
2402 3979 2485 4026 un
2525 3962 2779 4042 duplice
2812 3962 3017 4040 signi·

444 4040 661 4104 ficato:
708 4043 759 4103 si
804 4041 1049 4121 applica
1095 4043 1157 4106 31
1231 4049 1364 4107 alto
1407 4042 1576 4107 della
1641 4047 2078 4107 convenzione
2139 4045 2439 4124 stipulata
2486 4042 2581 4106 fra
2628 4043 2686 4105 le
2722 4043 2886 4121 parti
2932 4040 3016 4104 ed

441 4119 565 4184 3113
598 4137 791 4200 prova
824 4121 927 4184 del
959 4121 1134 4214 tatto.
1233 4123 1339 4186 nd'
1367 4126 1402 4184 e
1448 4125 1564 4216 che
1610 4123 1650 4186 l’
1671 4131 1834 4217 atto·
1859 4126 1977 4187 che
2023 4124 2220 4217 fan-no
2251 4125 2310 4187 13
2340 4125 2502 4205 parti
2530 4121 2924 4186 contraendo
2953 4121 3009 4183 si

441 4203 1759 4363 οωιῃῗὲνέτιπὲᾰὲῖἳῑῗεέῐῗἳῑξοιῗίιὲιιιῗιξὴᾱθιι
1786 4204 2833 4375 {iugeggffiffiopugedgtstgfflmm
2880 4284 3018 4361 pri·

441 4368 603 4422 vata.
650 4361 820 4427 Molli
869 4380 1025 4426 sono
1068 4363 1155 4444 gli
1200 4367 1314 4428 atti
1359 4381 1473 4458 per
1517 4367 1570 4427 la
1631 4365 1898 4428 validita
1962 4367 2063 4428 dei
2130 4366 2306 4447 quali
2366 4366 2422 4427 la
2492 4365 2672 4449 legge
2717 4378 2894 4441 esige
2946 4361 3010 4424 10

441 4443 704 4517 scritto;
746 4444 890 4505 anzi
936 4459 1049 4523 per
1083 4445 1294 4508 alcuni
1327 4445 1612 4507 ricbiede
1651 4446 1838 4509 l’atto
1866 4446 2205 4519 autentico,
2249 4447 2426 4509 detto
2461 4446 2667 4508 ancbe
2702 4450 2835 4507 atto
2863 4440 3014 4522 pub·

443 4518 644 4594 blico;
688 4539 801 4601 per
843 4522 988 4585 altri
1038 4523 1214 4587 l’atto
1255 4525 1570 4596 notariee,·
1619 4543 1726 4605 per
1778 4526 1921 4588 altri
1970 4526 2246 4589 soltanto
2293 4527 2351 4589 la
2393 4528 2704 4588 sericeum
2755 4524 3016 4602 privata

439 4603 837 4666 autenticam
878 4604 1037 4666 nelle
1075 4605 1291 4685 Μυκη
1335 4621 1371 4669 3
1416 4616 1530 4685 per
1572 4606 1727 4668 altri
1795 4607 2018 4669 invece
2081 4610 2134 4668 si
2202 4607 2402 4670 limita
2449 4621 2481 4668 a
2542 4604 2909 4668 ricbiedere
2953 4603 3013 4667 13

434 4684 754 4745 scrittura
793 4684 1053 4762 privata
1093 4685 1349 4763 quando
1395 4685 1608 4748 risulti
1655 4684 1712 4748 13
1760 4689 1905 4750 data
1950 4693 2207 4750 certa....
