<?xml version="1.0" encoding="UTF-8"?>
<!DOCTYPE html PUBLIC "-//W3C//DTD XHTML 1.0 Transitional//EN"
    "http://www.w3.org/TR/xhtml1/DTD/xhtml1-transitional.dtd">
<html xmlns="http://www.w3.org/1999/xhtml" xml:lang="en" lang="en">
 <head>
  <title>
</title>
<meta http-equiv="Content-Type" content="text/html;charset=utf-8" />
  <meta name='ocr-system' content='tesseract 3.04.00' />
  <meta name='ocr-capabilities' content='ocr_page ocr_carea ocr_par ocr_line ocrx_word'/>
</head>
<body>
  <div class='ocr_page' id='page_1' title='image "./theologiamorali04scavgoog_0330.png"; bbox 0 0 3292 5167; ppageno 0'>
   <div class='ocr_carea' id='block_1_1' title="bbox 507 220 2494 295">
    <p class='ocr_par' dir='ltr' id='par_1_1' title="bbox 507 220 2494 295">
     <span class='ocr_line' id='line_1_1' title="bbox 507 220 2494 295; baseline -0.003 -2"><span class='ocrx_word' id='word_1_1' title='bbox 507 220 641 293; x_wconf 64' lang='lat'>320</span> <span class='ocrx_word' id='word_1_2' title='bbox 1227 241 1343 286; x_wconf 70' lang='lat' dir='ltr'>cin.</span> <span class='ocrx_word' id='word_1_3' title='bbox 1390 242 1456 286; x_wconf 93' lang='grc' dir='ltr'>ιι.</span> <span class='ocrx_word' id='word_1_4' title='bbox 1506 242 1717 291; x_wconf 61' lang='lat' dir='ltr'>amer.</span> <span class='ocrx_word' id='word_1_5' title='bbox 1767 242 1846 287; x_wconf 78' lang='grc' dir='ltr'><strong><em>ιιι.</em></strong></span> <span class='ocrx_word' id='word_1_6' title='bbox 1894 242 2045 295; x_wconf 72' lang='lat' dir='ltr'>mss.</span> <span class='ocrx_word' id='word_1_7' title='bbox 2092 242 2174 287; x_wconf 80' lang='grc' dir='ltr'><strong><em>ιν.</em></strong></span> <span class='ocrx_word' id='word_1_8' title='bbox 2221 243 2352 288; x_wconf 60' lang='lat' dir='ltr'>cnr.</span> <span class='ocrx_word' id='word_1_9' title='bbox 2400 242 2494 287; x_wconf 86' lang='lat'>111.</span> 
     </span>
    </p>
   </div>
   <div class='ocr_carea' id='block_1_2' title="bbox 444 344 3224 3859">
    <p class='ocr_par' dir='ltr' id='par_1_2' title="bbox 509 344 3142 1178">
     <span class='ocr_line' id='line_1_2' title="bbox 512 344 3142 433; baseline -0.002 -16"><span class='ocrx_word' id='word_1_10' title='bbox 512 344 863 425; x_wconf 80' lang='lat' dir='ltr'><strong>cambium,</strong></span> <span class='ocrx_word' id='word_1_11' title='bbox 914 350 1188 412; x_wconf 89' lang='lat' dir='ltr'>vocatur</span> <span class='ocrx_word' id='word_1_12' title='bbox 1232 362 1540 432; x_wconf 83' lang='lat' dir='ltr'>campsor,</span> <span class='ocrx_word' id='word_1_13' title='bbox 1593 344 1956 433; x_wconf 68' lang='lat' dir='ltr'>collybistes,</span> <span class='ocrx_word' id='word_1_14' title='bbox 2009 345 2364 428; x_wconf 73' lang='lat' dir='ltr'>bancariuS,</span> <span class='ocrx_word' id='word_1_15' title='bbox 2414 345 2785 429; x_wconf 74' lang='lat' dir='ltr'><strong><em>mensurius,</em></strong></span> <span class='ocrx_word' id='word_1_16' title='bbox 2819 367 3142 415; x_wconf 73' lang='lat' dir='ltr'>nummu-</span> 
     </span>
     <span class='ocr_line' id='line_1_3' title="bbox 511 449 3140 541; baseline 0 -19"><span class='ocrx_word' id='word_1_17' title='bbox 511 456 731 535; x_wconf 76' lang='lat' dir='ltr'>tarius,</span> <span class='ocrx_word' id='word_1_18' title='bbox 778 455 1105 540; x_wconf 77' lang='lat' dir='ltr'><strong><em>trapezita,</em></strong></span> <span class='ocrx_word' id='word_1_19' title='bbox 1144 453 1521 540; x_wconf 78' lang='lat' dir='ltr'>publicanus</span> <span class='ocrx_word' id='word_1_20' title='bbox 1533 478 1559 531; x_wconf 89' lang='lat'>,·</span> <span class='ocrx_word' id='word_1_21' title='bbox 1614 453 1726 519; x_wconf 89' lang='lat' dir='ltr'>ille</span> <span class='ocrx_word' id='word_1_22' title='bbox 1787 470 1939 520; x_wconf 87' lang='lat' dir='ltr'>vero</span> <span class='ocrx_word' id='word_1_23' title='bbox 1990 452 2101 538; x_wconf 90' lang='lat' dir='ltr'>qui</span> <span class='ocrx_word' id='word_1_24' title='bbox 2155 453 2342 538; x_wconf 86' lang='lat' dir='ltr'>petit,</span> <span class='ocrx_word' id='word_1_25' title='bbox 2389 449 2782 541; x_wconf 81' lang='lat' dir='ltr'>campsarius</span> <span class='ocrx_word' id='word_1_26' title='bbox 2842 454 3140 523; x_wconf 77' lang='lat' dir='ltr'>dicitur.</span> 
     </span>
     <span class='ocr_line' id='line_1_4' title="bbox 516 558 3141 648; baseline 0 -20"><span class='ocrx_word' id='word_1_27' title='bbox 516 559 866 630; x_wconf 78' lang='lat' dir='ltr'>cambium</span> <span class='ocrx_word' id='word_1_28' title='bbox 931 558 1153 627; x_wconf 85' lang='lat' dir='ltr'>differt</span> <span class='ocrx_word' id='word_1_29' title='bbox 1201 578 1236 626; x_wconf 89' lang='lat' dir='ltr'>a</span> <span class='ocrx_word' id='word_1_30' title='bbox 1288 559 1665 629; x_wconf 75' lang='lat' dir='ltr'>venditione</span> <span class='ocrx_word' id='word_1_31' title='bbox 1737 558 1891 644; x_wconf 84' lang='lat' dir='ltr'>quia</span> <span class='ocrx_word' id='word_1_32' title='bbox 1939 558 2008 626; x_wconf 91' lang='lat' dir='ltr'>in</span> <span class='ocrx_word' id='word_1_33' title='bbox 2058 560 2182 627; x_wconf 88' lang='lat' dir='ltr'>hac</span> <span class='ocrx_word' id='word_1_34' title='bbox 2246 578 2432 629; x_wconf 85' lang='lat' dir='ltr'>merx</span> <span class='ocrx_word' id='word_1_35' title='bbox 2501 579 2623 646; x_wconf 91' lang='lat' dir='ltr'>pro</span> <span class='ocrx_word' id='word_1_36' title='bbox 2694 562 2997 648; x_wconf 89' lang='lat' dir='ltr'>pecunia,</span> <span class='ocrx_word' id='word_1_37' title='bbox 3051 561 3141 629; x_wconf 90' lang='lat' dir='ltr'>in</span> 
     </span>
     <span class='ocr_line' id='line_1_5' title="bbox 514 665 3139 763; baseline 0 -28"><span class='ocrx_word' id='word_1_38' title='bbox 514 667 773 735; x_wconf 78' lang='lat' dir='ltr'>cambio</span> <span class='ocrx_word' id='word_1_39' title='bbox 823 665 1102 763; x_wconf 26' lang='lat' dir='ltr'>pec-unia</span> <span class='ocrx_word' id='word_1_40' title='bbox 1152 684 1272 752; x_wconf 91' lang='lat' dir='ltr'>pro</span> <span class='ocrx_word' id='word_1_41' title='bbox 1326 666 2120 762; x_wconf 61' lang='lat' dir='ltr'>pecunia-commutatum</span> <span class='ocrx_word' id='word_1_42' title='bbox 2170 686 2204 732; x_wconf 89' lang='lat' dir='ltr'>a</span> <span class='ocrx_word' id='word_1_43' title='bbox 2240 667 2660 737; x_wconf 89' lang='lat' dir='ltr'>commodato</span> <span class='ocrx_word' id='word_1_44' title='bbox 2687 675 2761 737; x_wconf 69' lang='lat' dir='ltr'>vet</span> <span class='ocrx_word' id='word_1_45' title='bbox 2803 667 3139 755; x_wconf 86' lang='lat' dir='ltr'>deposito</span> 
     </span>
     <span class='ocr_line' id='line_1_6' title="bbox 510 764 3136 860; baseline 0.002 -19"><span class='ocrx_word' id='word_1_46' title='bbox 510 774 662 860; x_wconf 89' lang='lat' dir='ltr'>quia</span> <span class='ocrx_word' id='word_1_47' title='bbox 713 772 778 839; x_wconf 90' lang='lat' dir='ltr'>in</span> <span class='ocrx_word' id='word_1_48' title='bbox 826 772 929 841; x_wconf 89' lang='lat' dir='ltr'>his</span> <span class='ocrx_word' id='word_1_49' title='bbox 979 772 1349 841; x_wconf 89' lang='lat' dir='ltr'>dominium</span> <span class='ocrx_word' id='word_1_50' title='bbox 1405 792 1537 841; x_wconf 90' lang='lat' dir='ltr'>non</span> <span class='ocrx_word' id='word_1_51' title='bbox 1590 764 2004 855; x_wconf 68' lang='lat' dir='ltr'>transfertur,</span> <span class='ocrx_word' id='word_1_52' title='bbox 2056 773 2286 859; x_wconf 88' lang='lat' dir='ltr'>utique</span> <span class='ocrx_word' id='word_1_53' title='bbox 2335 772 2404 841; x_wconf 89' lang='lat' dir='ltr'>in</span> <span class='ocrx_word' id='word_1_54' title='bbox 2439 775 2733 855; x_wconf 75' lang='lat' dir='ltr'>cambia,</span> <span class='ocrx_word' id='word_1_55' title='bbox 2786 794 2818 841; x_wconf 88' lang='lat' dir='ltr'>a</span> <span class='ocrx_word' id='word_1_56' title='bbox 2856 783 3136 857; x_wconf 74' lang='lat' dir='ltr'>mutue,</span> 
     </span>
     <span class='ocr_line' id='line_1_7' title="bbox 511 864 3137 967; baseline 0.001 -21"><span class='ocrx_word' id='word_1_57' title='bbox 511 880 664 965; x_wconf 87' lang='lat' dir='ltr'>quia</span> <span class='ocrx_word' id='word_1_58' title='bbox 694 887 1021 949; x_wconf 84' lang='lat' dir='ltr'>mutuum</span> <span class='ocrx_word' id='word_1_59' title='bbox 1071 878 1294 947; x_wconf 89' lang='lat' dir='ltr'>locum</span> <span class='ocrx_word' id='word_1_60' title='bbox 1327 864 1526 947; x_wconf 80' lang='lat' dir='ltr'>habet</span> <span class='ocrx_word' id='word_1_61' title='bbox 1574 878 1639 946; x_wconf 89' lang='lat' dir='ltr'>in</span> <span class='ocrx_word' id='word_1_62' title='bbox 1693 879 1987 965; x_wconf 83' lang='lat' dir='ltr'>qualibet</span> <span class='ocrx_word' id='word_1_63' title='bbox 2037 898 2106 949; x_wconf 91' lang='lat' dir='ltr'>re</span> <span class='ocrx_word' id='word_1_64' title='bbox 2154 879 2479 966; x_wconf 87' lang='lat' dir='ltr'>fungibili,</span> <span class='ocrx_word' id='word_1_65' title='bbox 2515 887 2617 949; x_wconf 87' lang='lat' dir='ltr'>est</span> <span class='ocrx_word' id='word_1_66' title='bbox 2651 882 3013 967; x_wconf 87' lang='lat' dir='ltr'>gratuitum</span> <span class='ocrx_word' id='word_1_67' title='bbox 3051 887 3137 951; x_wconf 87' lang='lat' dir='ltr'>et</span> 
     </span>
     <span class='ocr_line' id='line_1_8' title="bbox 509 985 3135 1075; baseline 0.001 -22"><span class='ocrx_word' id='word_1_68' title='bbox 509 985 583 1053; x_wconf 88' lang='lat' dir='ltr'>fit</span> <span class='ocrx_word' id='word_1_69' title='bbox 633 986 713 1052; x_wconf 89' lang='lat' dir='ltr'>ad</span> <span class='ocrx_word' id='word_1_70' title='bbox 766 993 1052 1070; x_wconf 76' lang='lat' dir='ltr'>tempuS,</span> <span class='ocrx_word' id='word_1_71' title='bbox 1087 1008 1122 1054; x_wconf 93' lang='lat' dir='ltr'>e</span> <span class='ocrx_word' id='word_1_72' title='bbox 1163 987 1498 1053; x_wconf 86' lang='lat' dir='ltr'>contrario</span> <span class='ocrx_word' id='word_1_73' title='bbox 1534 987 1867 1055; x_wconf 79' lang='lat' dir='ltr'>cambium</span> <span class='ocrx_word' id='word_1_74' title='bbox 1902 987 2122 1054; x_wconf 91' lang='lat' dir='ltr'>solum</span> <span class='ocrx_word' id='word_1_75' title='bbox 2156 995 2503 1056; x_wconf 82' lang='lat' dir='ltr'>exercetur</span> <span class='ocrx_word' id='word_1_76' title='bbox 2535 987 2707 1056; x_wconf 89' lang='lat' dir='ltr'>circa</span> <span class='ocrx_word' id='word_1_77' title='bbox 2739 989 3135 1075; x_wconf 85' lang='lat' dir='ltr'>pecuniam,</span> 
     </span>
     <span class='ocr_line' id='line_1_9' title="bbox 511 1092 2812 1178; baseline -0 -17"><span class='ocrx_word' id='word_1_78' title='bbox 511 1093 584 1161; x_wconf 88' lang='lat' dir='ltr'>fit</span> <span class='ocrx_word' id='word_1_79' title='bbox 633 1112 786 1161; x_wconf 89' lang='lat' dir='ltr'>cum</span> <span class='ocrx_word' id='word_1_80' title='bbox 834 1092 1017 1161; x_wconf 90' lang='lat' dir='ltr'>lucro</span> <span class='ocrx_word' id='word_1_81' title='bbox 1069 1102 1133 1161; x_wconf 93' lang='lat' dir='ltr'>et</span> <span class='ocrx_word' id='word_1_82' title='bbox 1183 1095 1408 1161; x_wconf 88' lang='lat' dir='ltr'>statim</span> <span class='ocrx_word' id='word_1_83' title='bbox 1457 1093 1907 1161; x_wconf 86' lang='lat' dir='ltr'>consummari</span> <span class='ocrx_word' id='word_1_84' title='bbox 1963 1100 2204 1178; x_wconf 87' lang='lat' dir='ltr'>potest.</span> <span class='ocrx_word' id='word_1_85' title='bbox 2809 1146 2812 1149; x_wconf 41' lang='lat'><strong>&gt;</strong></span> 
     </span>
    </p>

    <p class='ocr_par' dir='ltr' id='par_1_3' title="bbox 444 1201 3224 3003">
     <span class='ocr_line' id='line_1_10' title="bbox 601 1201 3137 1284; baseline -0.001 -14"><span class='ocrx_word' id='word_1_86' title='bbox 601 1204 671 1270; x_wconf 90' lang='lat' dir='ltr'>R.</span> <span class='ocrx_word' id='word_1_87' title='bbox 720 1201 819 1269; x_wconf 86' lang='lat' dir='ltr'>Ad</span> <span class='ocrx_word' id='word_1_88' title='bbox 867 1205 941 1271; x_wconf 72' lang='lat'>2:</span> <span class='ocrx_word' id='word_1_89' title='bbox 994 1201 1336 1269; x_wconf 88' lang='lat' dir='ltr'>Cambium</span> <span class='ocrx_word' id='word_1_90' title='bbox 1389 1201 1562 1268; x_wconf 90' lang='lat' dir='ltr'>aliud</span> <span class='ocrx_word' id='word_1_91' title='bbox 1615 1210 1716 1269; x_wconf 89' lang='lat' dir='ltr'>est</span> <span class='ocrx_word' id='word_1_92' title='bbox 1767 1201 2039 1284; x_wconf 88' lang='lat' dir='ltr'>siccum,</span> <span class='ocrx_word' id='word_1_93' title='bbox 2091 1201 2268 1268; x_wconf 88' lang='lat' dir='ltr'>aliud</span> <span class='ocrx_word' id='word_1_94' title='bbox 2318 1202 2516 1270; x_wconf 86' lang='lat' dir='ltr'>reale.</span> <span class='ocrx_word' id='word_1_95' title='bbox 2565 1202 2806 1270; x_wconf 78' lang='lat' dir='ltr'>Siccam</span> <span class='ocrx_word' id='word_1_96' title='bbox 2875 1202 2972 1271; x_wconf 89' lang='lat' dir='ltr'>sic</span> <span class='ocrx_word' id='word_1_97' title='bbox 3022 1202 3137 1269; x_wconf 86' lang='lat' dir='ltr'>di—</span> 
     </span>
     <span class='ocr_line' id='line_1_11' title="bbox 511 1308 3139 1397; baseline 0 -21"><span class='ocrx_word' id='word_1_98' title='bbox 511 1316 710 1389; x_wconf 89' lang='lat' dir='ltr'>ctum,</span> <span class='ocrx_word' id='word_1_99' title='bbox 767 1310 918 1395; x_wconf 88' lang='lat' dir='ltr'>quia</span> <span class='ocrx_word' id='word_1_100' title='bbox 966 1327 1166 1376; x_wconf 89' lang='lat' dir='ltr'>succo</span> <span class='ocrx_word' id='word_1_101' title='bbox 1219 1318 1284 1377; x_wconf 91' lang='lat' dir='ltr'>et</span> <span class='ocrx_word' id='word_1_102' title='bbox 1333 1308 1612 1376; x_wconf 87' lang='lat' dir='ltr'>humore</span> <span class='ocrx_word' id='word_1_103' title='bbox 1662 1316 1862 1391; x_wconf 87' lang='lat' dir='ltr'>caret,</span> <span class='ocrx_word' id='word_1_104' title='bbox 1916 1327 2049 1376; x_wconf 89' lang='lat' dir='ltr'>non</span> <span class='ocrx_word' id='word_1_105' title='bbox 2100 1309 2278 1377; x_wconf 87' lang='lat' dir='ltr'>aliud</span> <span class='ocrx_word' id='word_1_106' title='bbox 2325 1316 2428 1377; x_wconf 90' lang='lat' dir='ltr'>est</span> <span class='ocrx_word' id='word_1_107' title='bbox 2475 1327 2675 1395; x_wconf 89' lang='lat' dir='ltr'>quam</span> <span class='ocrx_word' id='word_1_108' title='bbox 2724 1328 2928 1377; x_wconf 89' lang='lat' dir='ltr'>usura</span> <span class='ocrx_word' id='word_1_109' title='bbox 2977 1311 3139 1397; x_wconf 87' lang='lat' dir='ltr'>pal-</span> 
     </span>
     <span class='ocr_line' id='line_1_12' title="bbox 512 1414 3134 1502; baseline 0.002 -20"><span class='ocrx_word' id='word_1_110' title='bbox 512 1414 712 1497; x_wconf 73' lang='lat' dir='ltr'>liata,</span> <span class='ocrx_word' id='word_1_111' title='bbox 757 1434 902 1483; x_wconf 89' lang='lat' dir='ltr'>nam</span> <span class='ocrx_word' id='word_1_112' title='bbox 955 1416 1148 1483; x_wconf 88' lang='lat' dir='ltr'>datur</span> <span class='ocrx_word' id='word_1_113' title='bbox 1195 1416 1476 1502; x_wconf 89' lang='lat' dir='ltr'>pecunia</span> <span class='ocrx_word' id='word_1_114' title='bbox 1527 1423 1841 1501; x_wconf 88' lang='lat' dir='ltr'>tanquam</span> <span class='ocrx_word' id='word_1_115' title='bbox 1874 1416 1941 1483; x_wconf 92' lang='lat' dir='ltr'>in</span> <span class='ocrx_word' id='word_1_116' title='bbox 1980 1415 2126 1483; x_wconf 93' lang='lat' dir='ltr'>loco</span> <span class='ocrx_word' id='word_1_117' title='bbox 2164 1415 2432 1483; x_wconf 87' lang='lat' dir='ltr'>distanti</span> <span class='ocrx_word' id='word_1_118' title='bbox 2469 1416 2876 1483; x_wconf 78' lang='lat' dir='ltr'>trasferenda</span> <span class='ocrx_word' id='word_1_119' title='bbox 2910 1424 2976 1484; x_wconf 93' lang='lat' dir='ltr'>et</span> <span class='ocrx_word' id='word_1_120' title='bbox 3017 1436 3134 1486; x_wconf 86' lang='lat' dir='ltr'>re-</span> 
     </span>
     <span class='ocr_line' id='line_1_13' title="bbox 511 1522 3130 1610; baseline 0.001 -19"><span class='ocrx_word' id='word_1_121' title='bbox 511 1523 813 1609; x_wconf 87' lang='lat' dir='ltr'>cipienda</span> <span class='ocrx_word' id='word_1_122' title='bbox 871 1524 965 1609; x_wconf 87' lang='lat' dir='ltr'>(et</span> <span class='ocrx_word' id='word_1_123' title='bbox 1013 1524 1162 1591; x_wconf 88' lang='lat' dir='ltr'>ideo</span> <span class='ocrx_word' id='word_1_124' title='bbox 1234 1525 1522 1609; x_wconf 87' lang='lat' dir='ltr'>pretium</span> <span class='ocrx_word' id='word_1_125' title='bbox 1572 1542 1694 1608; x_wconf 92' lang='lat' dir='ltr'>pro</span> <span class='ocrx_word' id='word_1_126' title='bbox 1749 1523 2179 1597; x_wconf 85' lang='lat' dir='ltr'>translatione</span> <span class='ocrx_word' id='word_1_127' title='bbox 2250 1522 2618 1610; x_wconf 80' lang='lat' dir='ltr'>recipitur),</span> <span class='ocrx_word' id='word_1_128' title='bbox 2673 1542 2821 1609; x_wconf 82' lang='lat' dir='ltr'>quae</span> <span class='ocrx_word' id='word_1_129' title='bbox 2895 1530 3130 1593; x_wconf 85' lang='lat' dir='ltr'>tamen</span> 
     </span>
     <span class='ocr_line' id='line_1_14' title="bbox 509 1628 3128 1716; baseline 0 -19"><span class='ocrx_word' id='word_1_130' title='bbox 509 1629 879 1698; x_wconf 88' lang='lat' dir='ltr'>nullimode</span> <span class='ocrx_word' id='word_1_131' title='bbox 926 1630 1341 1711; x_wconf 77' lang='lat' dir='ltr'><strong>transfertur,</strong></span> <span class='ocrx_word' id='word_1_132' title='bbox 1385 1629 1502 1697; x_wconf 92' lang='lat' dir='ltr'>sed</span> <span class='ocrx_word' id='word_1_133' title='bbox 1550 1629 1728 1698; x_wconf 75' lang='lat' dir='ltr'>illIco</span> <span class='ocrx_word' id='word_1_134' title='bbox 1772 1637 1836 1699; x_wconf 90' lang='lat' dir='ltr'>et</span> <span class='ocrx_word' id='word_1_135' title='bbox 1870 1629 2093 1698; x_wconf 85' lang='lat' dir='ltr'>statim</span> <span class='ocrx_word' id='word_1_136' title='bbox 2127 1628 2447 1715; x_wconf 80' lang='lat' dir='ltr'>recipitur</span> <span class='ocrx_word' id='word_1_137' title='bbox 2479 1630 2545 1697; x_wconf 91' lang='lat' dir='ltr'>in</span> <span class='ocrx_word' id='word_1_138' title='bbox 2579 1630 2896 1716; x_wconf 87' lang='lat' dir='ltr'>praesenti</span> <span class='ocrx_word' id='word_1_139' title='bbox 2941 1632 3128 1700; x_wconf 79' lang='lat' dir='ltr'>loco,</span> 
     </span>
     <span class='ocr_line' id='line_1_15' title="bbox 510 1734 3126 1822; baseline 0.001 -19"><span class='ocrx_word' id='word_1_140' title='bbox 510 1739 650 1804; x_wconf 88' lang='lat' dir='ltr'>Hoc</span> <span class='ocrx_word' id='word_1_141' title='bbox 693 1739 848 1804; x_wconf 89' lang='lat' dir='ltr'>Pius</span> <span class='ocrx_word' id='word_1_142' title='bbox 898 1741 973 1818; x_wconf 87' lang='lat' dir='ltr'>V,</span> <span class='ocrx_word' id='word_1_143' title='bbox 1020 1737 1208 1803; x_wconf 89' lang='lat' dir='ltr'>Bulla</span> <span class='ocrx_word' id='word_1_144' title='bbox 1254 1740 1334 1803; x_wconf 80' lang='lat' dir='ltr'>In</span> <span class='ocrx_word' id='word_1_145' title='bbox 1374 1757 1512 1802; x_wconf 81' lang='lat' dir='ltr'>eum</span> <span class='ocrx_word' id='word_1_146' title='bbox 1556 1739 1749 1818; x_wconf 78' lang='lat'>1571,</span> <span class='ocrx_word' id='word_1_147' title='bbox 1785 1734 2125 1822; x_wconf 85' lang='lat' dir='ltr'>prohibuit</span> <span class='ocrx_word' id='word_1_148' title='bbox 2162 1734 2255 1804; x_wconf 91' lang='lat' dir='ltr'>uti</span> <span class='ocrx_word' id='word_1_149' title='bbox 2292 1736 2700 1804; x_wconf 84' lang='lat' dir='ltr'>usurarium:</span> <span class='ocrx_word' id='word_1_150' title='bbox 2752 1746 2816 1805; x_wconf 92' lang='lat' dir='ltr'>et</span> <span class='ocrx_word' id='word_1_151' title='bbox 2854 1737 3126 1818; x_wconf 82' lang='lat' dir='ltr'>merite,</span> 
     </span>
     <span class='ocr_line' id='line_1_16' title="bbox 444 1843 3127 1931; baseline -0.001 -16"><span class='ocrx_word' id='word_1_152' title='bbox 444 1844 453 1849; x_wconf 73' lang='grc'><strong>’</strong></span> <span class='ocrx_word' id='word_1_153' title='bbox 511 1865 664 1915; x_wconf 93' lang='lat' dir='ltr'>cum</span> <span class='ocrx_word' id='word_1_154' title='bbox 714 1846 940 1913; x_wconf 89' lang='lat' dir='ltr'>nullus</span> <span class='ocrx_word' id='word_1_155' title='bbox 990 1845 1076 1913; x_wconf 91' lang='lat' dir='ltr'>sit</span> <span class='ocrx_word' id='word_1_156' title='bbox 1130 1845 1362 1912; x_wconf 87' lang='lat' dir='ltr'>titulus</span> <span class='ocrx_word' id='word_1_157' title='bbox 1412 1844 1819 1931; x_wconf 86' lang='lat' dir='ltr'>percipiendi</span> <span class='ocrx_word' id='word_1_158' title='bbox 1870 1843 2061 1911; x_wconf 89' lang='lat' dir='ltr'>lucri.</span> <span class='ocrx_word' id='word_1_159' title='bbox 2108 1845 2290 1910; x_wconf 80' lang='lat' dir='ltr'>Reate</span> <span class='ocrx_word' id='word_1_160' title='bbox 2336 1851 2562 1912; x_wconf 89' lang='lat' dir='ltr'>autem</span> <span class='ocrx_word' id='word_1_161' title='bbox 2599 1863 2718 1913; x_wconf 91' lang='lat' dir='ltr'>seu</span> <span class='ocrx_word' id='word_1_162' title='bbox 2752 1862 2983 1913; x_wconf 86' lang='lat' dir='ltr'>verum</span> <span class='ocrx_word' id='word_1_163' title='bbox 3017 1853 3127 1913; x_wconf 89' lang='lat' dir='ltr'>est</span> 
     </span>
     <span class='ocr_line' id='line_1_17' title="bbox 508 1951 3124 2038; baseline -0.002 -14"><span class='ocrx_word' id='word_1_164' title='bbox 508 1955 694 2036; x_wconf 86' lang='lat' dir='ltr'>illud,</span> <span class='ocrx_word' id='word_1_165' title='bbox 745 1954 809 2019; x_wconf 90' lang='lat' dir='ltr'>in</span> <span class='ocrx_word' id='word_1_166' title='bbox 863 1970 995 2037; x_wconf 89' lang='lat' dir='ltr'>quo</span> <span class='ocrx_word' id='word_1_167' title='bbox 1047 1971 1197 2020; x_wconf 85' lang='lat' dir='ltr'>vere</span> <span class='ocrx_word' id='word_1_168' title='bbox 1246 1959 1310 2019; x_wconf 88' lang='lat' dir='ltr'>et</span> <span class='ocrx_word' id='word_1_169' title='bbox 1344 1952 1611 2019; x_wconf 78' lang='lat' dir='ltr'>realiter</span> <span class='ocrx_word' id='word_1_170' title='bbox 1661 1952 1956 2038; x_wconf 39' lang='lat' dir='ltr'>pecunia,</span> <span class='ocrx_word' id='word_1_171' title='bbox 1990 1957 2475 2019; x_wconf 88' lang='lat' dir='ltr'>commutatur:</span> <span class='ocrx_word' id='word_1_172' title='bbox 2542 1951 2598 2020; x_wconf 90' lang='lat' dir='ltr'>si</span> <span class='ocrx_word' id='word_1_173' title='bbox 2664 1959 3124 2020; x_wconf 86' lang='lat' dir='ltr'>commutatur</span> 
     </span>
     <span class='ocr_line' id='line_1_18' title="bbox 510 2057 3127 2151; baseline -0.002 -19"><span class='ocrx_word' id='word_1_174' title='bbox 510 2062 789 2151; x_wconf 89' lang='lat' dir='ltr'>pecunia</span> <span class='ocrx_word' id='word_1_175' title='bbox 840 2078 1139 2146; x_wconf 80' lang='lat' dir='ltr'>praesens</span> <span class='ocrx_word' id='word_1_176' title='bbox 1188 2078 1308 2147; x_wconf 89' lang='lat' dir='ltr'>pro</span> <span class='ocrx_word' id='word_1_177' title='bbox 1368 2057 1709 2145; x_wconf 71' lang='lat' dir='ltr'>praesenti,</span> <span class='ocrx_word' id='word_1_178' title='bbox 1760 2078 1814 2125; x_wconf 79' lang='lat' dir='ltr'>v,</span> <span class='ocrx_word' id='word_1_179' title='bbox 1866 2077 1924 2143; x_wconf 88' lang='lat' dir='ltr'>g.</span> <span class='ocrx_word' id='word_1_180' title='bbox 1996 2077 2232 2127; x_wconf 84' lang='lat' dir='ltr'>aurum</span> <span class='ocrx_word' id='word_1_181' title='bbox 2298 2078 2417 2144; x_wconf 88' lang='lat' dir='ltr'>pro</span> <span class='ocrx_word' id='word_1_182' title='bbox 2483 2069 2780 2144; x_wconf 78' lang='lat' dir='ltr'>argente,</span> <span class='ocrx_word' id='word_1_183' title='bbox 2828 2060 3127 2134; x_wconf 85' lang='lat' dir='ltr'>habetur</span> 
     </span>
     <span class='ocr_line' id='line_1_19' title="bbox 512 2158 3224 2254; baseline -0.001 -16"><span class='ocrx_word' id='word_1_184' title='bbox 512 2169 821 2238; x_wconf 76' lang='lat' dir='ltr'>cambium</span> <span class='ocrx_word' id='word_1_185' title='bbox 866 2168 1176 2232; x_wconf 78' lang='lat' dir='ltr'>minutam</span> <span class='ocrx_word' id='word_1_186' title='bbox 1230 2186 1348 2233; x_wconf 85' lang='lat' dir='ltr'>seu</span> <span class='ocrx_word' id='word_1_187' title='bbox 1398 2167 1712 2232; x_wconf 67' lang='lat' dir='ltr'>vizanuale.</span> <span class='ocrx_word' id='word_1_188' title='bbox 1742 2165 1817 2242; x_wconf 75' lang='lat' dir='ltr'>,Si</span> <span class='ocrx_word' id='word_1_189' title='bbox 1853 2173 2302 2234; x_wconf 88' lang='lat' dir='ltr'>commutatur</span> <span class='ocrx_word' id='word_1_190' title='bbox 2340 2164 2618 2252; x_wconf 84' lang='lat' dir='ltr'>pecunia</span> <span class='ocrx_word' id='word_1_191' title='bbox 2655 2184 2953 2252; x_wconf 82' lang='lat' dir='ltr'>praesens</span> <span class='ocrx_word' id='word_1_192' title='bbox 2992 2183 3121 2254; x_wconf 88' lang='lat' dir='ltr'>pro</span> <span class='ocrx_word' id='word_1_193' title='bbox 3217 2158 3224 2161; x_wconf 66' lang='grc'>’</span> 
     </span>
     <span class='ocr_line' id='line_1_20' title="bbox 512 2272 3124 2358; baseline 0 -17"><span class='ocrx_word' id='word_1_194' title='bbox 512 2273 803 2355; x_wconf 84' lang='lat' dir='ltr'>distanti,</span> <span class='ocrx_word' id='word_1_195' title='bbox 859 2293 910 2340; x_wconf 90' lang='lat' dir='ltr'>v.</span> <span class='ocrx_word' id='word_1_196' title='bbox 961 2292 1040 2357; x_wconf 92' lang='lat' dir='ltr'>g.,</span> <span class='ocrx_word' id='word_1_197' title='bbox 1105 2292 1382 2341; x_wconf 90' lang='lat' dir='ltr'>numero</span> <span class='ocrx_word' id='word_1_198' title='bbox 1434 2272 1765 2358; x_wconf 84' lang='lat' dir='ltr'>campsori</span> <span class='ocrx_word' id='word_1_199' title='bbox 1815 2273 2165 2357; x_wconf 89' lang='lat' dir='ltr'>pecuniam</span> <span class='ocrx_word' id='word_1_200' title='bbox 2197 2274 2523 2353; x_wconf 84' lang='lat' dir='ltr'>Novariae,</span> <span class='ocrx_word' id='word_1_201' title='bbox 2559 2272 2717 2341; x_wconf 87' lang='lat' dir='ltr'>mihi</span> <span class='ocrx_word' id='word_1_202' title='bbox 2752 2274 3124 2342; x_wconf 88' lang='lat' dir='ltr'>restituen-</span> 
     </span>
     <span class='ocr_line' id='line_1_21' title="bbox 512 2380 3122 2468; baseline 0.001 -19"><span class='ocrx_word' id='word_1_203' title='bbox 512 2381 662 2449; x_wconf 89' lang='lat' dir='ltr'>dam</span> <span class='ocrx_word' id='word_1_204' title='bbox 716 2381 1002 2464; x_wconf 81' lang='lat' dir='ltr'>Taurini,</span> <span class='ocrx_word' id='word_1_205' title='bbox 1055 2382 1333 2450; x_wconf 88' lang='lat' dir='ltr'>habetur</span> <span class='ocrx_word' id='word_1_206' title='bbox 1379 2382 1689 2448; x_wconf 78' lang='lat' dir='ltr'>cambium</span> <span class='ocrx_word' id='word_1_207' title='bbox 1737 2381 1927 2448; x_wconf 84' lang='lat' dir='ltr'>locale</span> <span class='ocrx_word' id='word_1_208' title='bbox 1975 2400 2094 2450; x_wconf 88' lang='lat' dir='ltr'>seu</span> <span class='ocrx_word' id='word_1_209' title='bbox 2129 2380 2585 2467; x_wconf 76' lang='lat' dir='ltr'>trajectitium:</span> <span class='ocrx_word' id='word_1_210' title='bbox 2660 2381 2836 2468; x_wconf 86' lang='lat' dir='ltr'>quod</span> <span class='ocrx_word' id='word_1_211' title='bbox 2908 2382 3122 2452; x_wconf 85' lang='lat' dir='ltr'>hodie</span> 
     </span>
     <span class='ocr_line' id='line_1_22' title="bbox 514 2486 3126 2574; baseline 0 -18"><span class='ocrx_word' id='word_1_212' title='bbox 514 2490 801 2556; x_wconf 86' lang='lat' dir='ltr'>maxime</span> <span class='ocrx_word' id='word_1_213' title='bbox 849 2488 923 2554; x_wconf 88' lang='lat' dir='ltr'>fit</span> <span class='ocrx_word' id='word_1_214' title='bbox 968 2506 1090 2574; x_wconf 87' lang='lat' dir='ltr'>per</span> <span class='ocrx_word' id='word_1_215' title='bbox 1138 2490 1351 2555; x_wconf 80' lang='lat' dir='ltr'>literas</span> <span class='ocrx_word' id='word_1_216' title='bbox 1388 2487 1523 2573; x_wconf 73' lang='lat' dir='ltr'>,(sic</span> <span class='ocrx_word' id='word_1_217' title='bbox 1572 2486 1808 2573; x_wconf 87' lang='lat' dir='ltr'>dictas)</span> <span class='ocrx_word' id='word_1_218' title='bbox 1858 2487 2206 2570; x_wconf 65' lang='lat' dir='ltr'>cambialeS,</span> <span class='ocrx_word' id='word_1_219' title='bbox 2257 2504 2331 2555; x_wconf 87' lang='lat' dir='ltr'>ac</span> <span class='ocrx_word' id='word_1_220' title='bbox 2379 2487 2763 2557; x_wconf 84' lang='lat' dir='ltr'>moderatur</span> <span class='ocrx_word' id='word_1_221' title='bbox 2810 2507 2843 2555; x_wconf 88' lang='lat' dir='ltr'>a</span> <span class='ocrx_word' id='word_1_222' title='bbox 2880 2490 3126 2557; x_wconf 79' lang='lat' dir='ltr'>Codice</span> 
     </span>
     <span class='ocr_line' id='line_1_23' title="bbox 510 2594 3124 2682; baseline 0.001 -19"><span class='ocrx_word' id='word_1_223' title='bbox 510 2598 878 2663; x_wconf 78' lang='lat' dir='ltr'>commercii.</span> <span class='ocrx_word' id='word_1_224' title='bbox 932 2596 1001 2663; x_wconf 87' lang='lat' dir='ltr'>Si</span> <span class='ocrx_word' id='word_1_225' title='bbox 1054 2596 1316 2663; x_wconf 80' lang='lat' dir='ltr'>tandem</span> <span class='ocrx_word' id='word_1_226' title='bbox 1369 2596 1668 2663; x_wconf 81' lang='lat' dir='ltr'>Novariae</span> <span class='ocrx_word' id='word_1_227' title='bbox 1719 2595 1912 2663; x_wconf 88' lang='lat' dir='ltr'>detur</span> <span class='ocrx_word' id='word_1_228' title='bbox 1945 2594 2312 2680; x_wconf 88' lang='lat' dir='ltr'>campsario</span> <span class='ocrx_word' id='word_1_229' title='bbox 2363 2596 2644 2681; x_wconf 88' lang='lat' dir='ltr'>pecunia</span> <span class='ocrx_word' id='word_1_230' title='bbox 2691 2605 2768 2664; x_wconf 87' lang='lat' dir='ltr'>ea</span> <span class='ocrx_word' id='word_1_231' title='bbox 2825 2596 2992 2682; x_wconf 90' lang='lat' dir='ltr'>lege,</span> <span class='ocrx_word' id='word_1_232' title='bbox 3047 2604 3124 2665; x_wconf 87' lang='lat' dir='ltr'>ut</span> 
     </span>
     <span class='ocr_line' id='line_1_24' title="bbox 512 2701 3124 2790; baseline 0 -18"><span class='ocrx_word' id='word_1_233' title='bbox 512 2712 664 2789; x_wconf 88' lang='lat' dir='ltr'>post</span> <span class='ocrx_word' id='word_1_234' title='bbox 710 2703 981 2789; x_wconf 85' lang='lat' dir='ltr'>aliquod</span> <span class='ocrx_word' id='word_1_235' title='bbox 1031 2711 1311 2790; x_wconf 89' lang='lat' dir='ltr'>tempus,</span> <span class='ocrx_word' id='word_1_236' title='bbox 1366 2722 1419 2770; x_wconf 78' lang='grc' dir='ltr'>ν.</span> <span class='ocrx_word' id='word_1_237' title='bbox 1470 2722 1529 2788; x_wconf 89' lang='lat' dir='ltr'>g.</span> <span class='ocrx_word' id='word_1_238' title='bbox 1578 2701 1660 2769; x_wconf 90' lang='lat' dir='ltr'>ad</span> <span class='ocrx_word' id='word_1_239' title='bbox 1709 2703 2043 2790; x_wconf 82' lang='lat' dir='ltr'>proximas</span> <span class='ocrx_word' id='word_1_240' title='bbox 2115 2702 2463 2783; x_wconf 73' lang='lat' dir='ltr'>nundinae,</span> <span class='ocrx_word' id='word_1_241' title='bbox 2500 2703 2769 2772; x_wconf 75' lang='lat' dir='ltr'>TaurIni</span> <span class='ocrx_word' id='word_1_242' title='bbox 2809 2705 3124 2772; x_wconf 86' lang='lat' dir='ltr'>restitua-</span> 
     </span>
     <span class='ocr_line' id='line_1_25' title="bbox 512 2810 3122 2897; baseline -0 -15"><span class='ocrx_word' id='word_1_243' title='bbox 512 2818 620 2883; x_wconf 88' lang='lat' dir='ltr'>tur</span> <span class='ocrx_word' id='word_1_244' title='bbox 666 2830 817 2879; x_wconf 88' lang='lat' dir='ltr'>cnm</span> <span class='ocrx_word' id='word_1_245' title='bbox 864 2812 1098 2897; x_wconf 87' lang='lat' dir='ltr'>majori</span> <span class='ocrx_word' id='word_1_246' title='bbox 1146 2811 1244 2878; x_wconf 89' lang='lat' dir='ltr'>vel</span> <span class='ocrx_word' id='word_1_247' title='bbox 1296 2810 1534 2878; x_wconf 88' lang='lat' dir='ltr'>minori</span> <span class='ocrx_word' id='word_1_248' title='bbox 1587 2810 1773 2879; x_wconf 89' lang='lat' dir='ltr'>lucro</span> <span class='ocrx_word' id='word_1_249' title='bbox 1823 2829 1940 2878; x_wconf 89' lang='lat' dir='ltr'>seu</span> <span class='ocrx_word' id='word_1_250' title='bbox 1991 2810 2305 2892; x_wconf 86' lang='lat' dir='ltr'>auctario,</span> <span class='ocrx_word' id='word_1_251' title='bbox 2345 2816 2544 2896; x_wconf 86' lang='lat' dir='ltr'>prout</span> <span class='ocrx_word' id='word_1_252' title='bbox 2594 2811 2803 2897; x_wconf 90' lang='lat' dir='ltr'>magis</span> <span class='ocrx_word' id='word_1_253' title='bbox 2841 2812 2941 2879; x_wconf 86' lang='lat' dir='ltr'>vel</span> <span class='ocrx_word' id='word_1_254' title='bbox 2981 2830 3122 2881; x_wconf 84' lang='lat' dir='ltr'>ma-</span> 
     </span>
     <span class='ocr_line' id='line_1_26' title="bbox 512 2895 2976 3003; baseline 0 -18"><span class='ocrx_word' id='word_1_255' title='bbox 512 2919 609 3003; x_wconf 82' lang='lat' dir='ltr'>gis</span> <span class='ocrx_word' id='word_1_256' title='bbox 661 2920 757 2986; x_wconf 88' lang='lat' dir='ltr'>vel</span> <span class='ocrx_word' id='word_1_257' title='bbox 806 2918 1025 2986; x_wconf 85' lang='lat' dir='ltr'>minus</span> <span class='ocrx_word' id='word_1_258' title='bbox 1074 2917 1320 2985; x_wconf 87' lang='lat' dir='ltr'>distant</span> <span class='ocrx_word' id='word_1_259' title='bbox 1372 2917 1707 3000; x_wconf 83' lang='lat' dir='ltr'>nundinae,</span> <span class='ocrx_word' id='word_1_260' title='bbox 1757 2916 1999 2989; x_wconf 88' lang='lat' dir='ltr'>dicitur</span> <span class='ocrx_word' id='word_1_261' title='bbox 2045 2918 2356 2984; x_wconf 82' lang='lat' dir='ltr'>cambia-m</span> <span class='ocrx_word' id='word_1_262' title='bbox 2400 2917 2484 2984; x_wconf 81' lang='lat' dir='ltr'>ad</span> <span class='ocrx_word' id='word_1_263' title='bbox 2530 2918 2872 2986; x_wconf 79' lang='lat' dir='ltr'>nundinas.</span> <span class='ocrx_word' id='word_1_264' title='bbox 2946 2895 2976 2919; x_wconf 64' lang='lat'>&#39;</span> 
     </span>
    </p>

    <p class='ocr_par' dir='ltr' id='par_1_4' title="bbox 491 3024 3121 3859">
     <span class='ocr_line' id='line_1_27' title="bbox 599 3024 3117 3110; baseline 0 -18"><span class='ocrx_word' id='word_1_265' title='bbox 599 3029 669 3110; x_wconf 86' lang='lat' dir='ltr'>R.</span> <span class='ocrx_word' id='word_1_266' title='bbox 719 3024 816 3092; x_wconf 91' lang='lat' dir='ltr'>Ad</span> <span class='ocrx_word' id='word_1_267' title='bbox 864 3026 938 3091; x_wconf 87' lang='lat'>3:</span> <span class='ocrx_word' id='word_1_268' title='bbox 989 3025 1334 3093; x_wconf 87' lang='lat' dir='ltr'>Cambium</span> <span class='ocrx_word' id='word_1_269' title='bbox 1386 3030 1524 3090; x_wconf 90' lang='lat' dir='ltr'>tum</span> <span class='ocrx_word' id='word_1_270' title='bbox 1572 3024 1883 3091; x_wconf 79' lang='lat' dir='ltr'>minutum</span> <span class='ocrx_word' id='word_1_271' title='bbox 1948 3032 2087 3091; x_wconf 90' lang='lat' dir='ltr'>tum</span> <span class='ocrx_word' id='word_1_272' title='bbox 2139 3024 2328 3090; x_wconf 85' lang='lat' dir='ltr'>locale</span> <span class='ocrx_word' id='word_1_273' title='bbox 2401 3032 2542 3092; x_wconf 88' lang='lat' dir='ltr'>tum</span> <span class='ocrx_word' id='word_1_274' title='bbox 2609 3025 2697 3091; x_wconf 81' lang='lat' dir='ltr'>ad</span> <span class='ocrx_word' id='word_1_275' title='bbox 2763 3026 3117 3107; x_wconf 77' lang='lat' dir='ltr'>nundinas,</span> 
     </span>
     <span class='ocr_line' id='line_1_28' title="bbox 513 3129 3116 3218; baseline -0.001 -17"><span class='ocrx_word' id='word_1_276' title='bbox 513 3133 822 3201; x_wconf 83' lang='lat' dir='ltr'>omnibus</span> <span class='ocrx_word' id='word_1_277' title='bbox 871 3132 952 3200; x_wconf 90' lang='lat' dir='ltr'>de</span> <span class='ocrx_word' id='word_1_278' title='bbox 996 3135 1152 3201; x_wconf 88' lang='lat' dir='ltr'>Jure</span> <span class='ocrx_word' id='word_1_279' title='bbox 1202 3139 1453 3201; x_wconf 82' lang='lat' dir='ltr'>naturae</span> <span class='ocrx_word' id='word_1_280' title='bbox 1502 3131 1759 3199; x_wconf 90' lang='lat' dir='ltr'>licitum</span> <span class='ocrx_word' id='word_1_281' title='bbox 1807 3139 1908 3201; x_wconf 88' lang='lat' dir='ltr'>est</span> <span class='ocrx_word' id='word_1_282' title='bbox 1958 3137 2023 3214; x_wconf 80' lang='lat'>¹3</span> <span class='ocrx_word' id='word_1_283' title='bbox 2074 3131 2225 3217; x_wconf 90' lang='lat' dir='ltr'>quia</span> <span class='ocrx_word' id='word_1_284' title='bbox 2273 3129 2339 3198; x_wconf 91' lang='lat' dir='ltr'>in</span> <span class='ocrx_word' id='word_1_285' title='bbox 2392 3150 2470 3203; x_wconf 91' lang='lat' dir='ltr'>eo</span> <span class='ocrx_word' id='word_1_286' title='bbox 2515 3130 2703 3201; x_wconf 88' lang='lat' dir='ltr'>adest</span> <span class='ocrx_word' id='word_1_287' title='bbox 2746 3131 2979 3218; x_wconf 83' lang='lat' dir='ltr'>justus</span> <span class='ocrx_word' id='word_1_288' title='bbox 3030 3131 3116 3199; x_wconf 89' lang='lat' dir='ltr'>ti-</span> 
     </span>
     <span class='ocr_line' id='line_1_29' title="bbox 514 3238 3120 3326; baseline 0 -20"><span class='ocrx_word' id='word_1_289' title='bbox 514 3241 691 3308; x_wconf 85' lang='lat' dir='ltr'>tulus</span> <span class='ocrx_word' id='word_1_290' title='bbox 738 3238 990 3326; x_wconf 88' lang='lat' dir='ltr'>aliquid</span> <span class='ocrx_word' id='word_1_291' title='bbox 1037 3238 1360 3321; x_wconf 89' lang='lat' dir='ltr'>lucrandi,</span> <span class='ocrx_word' id='word_1_292' title='bbox 1411 3258 1650 3326; x_wconf 87' lang='lat' dir='ltr'>nempe</span> <span class='ocrx_word' id='word_1_293' title='bbox 1698 3238 1886 3307; x_wconf 88' lang='lat' dir='ltr'>labor</span> <span class='ocrx_word' id='word_1_294' title='bbox 1935 3240 2303 3325; x_wconf 84' lang='lat' dir='ltr'>campsoris</span> <span class='ocrx_word' id='word_1_295' title='bbox 2360 3240 2426 3307; x_wconf 91' lang='lat' dir='ltr'>in</span> <span class='ocrx_word' id='word_1_296' title='bbox 2475 3238 2886 3307; x_wconf 84' lang='lat' dir='ltr'>numeranda</span> <span class='ocrx_word' id='word_1_297' title='bbox 2917 3257 3120 3324; x_wconf 87' lang='lat' dir='ltr'>pecu·</span> 
     </span>
     <span class='ocr_line' id='line_1_30' title="bbox 512 3344 3119 3432; baseline -0.001 -18"><span class='ocrx_word' id='word_1_298' title='bbox 512 3347 617 3414; x_wconf 87' lang='lat' dir='ltr'>nia</span> <span class='ocrx_word' id='word_1_299' title='bbox 665 3364 872 3432; x_wconf 88' lang='lat' dir='ltr'>eaque</span> <span class='ocrx_word' id='word_1_300' title='bbox 921 3344 1394 3424; x_wconf 82' lang='lat' dir='ltr'>transferenda,</span> <span class='ocrx_word' id='word_1_301' title='bbox 1445 3344 1792 3430; x_wconf 83' lang='lat' dir='ltr'>diligentia</span> <span class='ocrx_word' id='word_1_302' title='bbox 1839 3344 1905 3411; x_wconf 92' lang='lat' dir='ltr'>in</span> <span class='ocrx_word' id='word_1_303' title='bbox 1956 3346 2245 3413; x_wconf 89' lang='lat' dir='ltr'>nummis</span> <span class='ocrx_word' id='word_1_304' title='bbox 2320 3345 2782 3431; x_wconf 86' lang='lat' dir='ltr'>cujuscunque</span> <span class='ocrx_word' id='word_1_305' title='bbox 2853 3344 3119 3429; x_wconf 89' lang='lat' dir='ltr'>generis</span> 
     </span>
     <span class='ocr_line' id='line_1_31' title="bbox 513 3450 3121 3539; baseline -0.002 -17"><span class='ocrx_word' id='word_1_306' title='bbox 513 3452 1009 3539; x_wconf 83' lang='lat' dir='ltr'>conquirendis,</span> <span class='ocrx_word' id='word_1_307' title='bbox 1061 3472 1238 3521; x_wconf 70' lang='lat' dir='ltr'>curae</span> <span class='ocrx_word' id='word_1_308' title='bbox 1290 3454 1355 3520; x_wconf 92' lang='lat' dir='ltr'>in</span> <span class='ocrx_word' id='word_1_309' title='bbox 1405 3453 1761 3521; x_wconf 88' lang='lat' dir='ltr'>detinendo</span> <span class='ocrx_word' id='word_1_310' title='bbox 1813 3452 2084 3534; x_wconf 91' lang='lat' dir='ltr'>telonio,</span> <span class='ocrx_word' id='word_1_311' title='bbox 2122 3456 2432 3538; x_wconf 80' lang='lat' dir='ltr'>expensae</span> <span class='ocrx_word' id='word_1_312' title='bbox 2488 3452 2551 3518; x_wconf 91' lang='lat' dir='ltr'>in</span> <span class='ocrx_word' id='word_1_313' title='bbox 2601 3451 2906 3534; x_wconf 85' lang='lat' dir='ltr'>famulos,</span> <span class='ocrx_word' id='word_1_314' title='bbox 2944 3450 3121 3536; x_wconf 90' lang='lat' dir='ltr'>peri-</span> 
     </span>
     <span class='ocr_line' id='line_1_32' title="bbox 513 3544 3117 3642; baseline 0 -12"><span class='ocrx_word' id='word_1_315' title='bbox 513 3544 657 3630; x_wconf 84' lang='lat' dir='ltr'>cula</span> <span class='ocrx_word' id='word_1_316' title='bbox 708 3568 847 3629; x_wconf 90' lang='lat' dir='ltr'>tum</span> <span class='ocrx_word' id='word_1_317' title='bbox 896 3560 1115 3628; x_wconf 85' lang='lat' dir='ltr'>furum</span> <span class='ocrx_word' id='word_1_318' title='bbox 1161 3569 1300 3627; x_wconf 87' lang='lat' dir='ltr'>tum</span> <span class='ocrx_word' id='word_1_319' title='bbox 1349 3561 1672 3629; x_wconf 85' lang='lat' dir='ltr'>cessionis</span> <span class='ocrx_word' id='word_1_320' title='bbox 1723 3559 2125 3642; x_wconf 87' lang='lat' dir='ltr'>debitorum,</span> <span class='ocrx_word' id='word_1_321' title='bbox 2165 3570 2305 3628; x_wconf 90' lang='lat' dir='ltr'>tum</span> <span class='ocrx_word' id='word_1_322' title='bbox 2351 3560 2839 3628; x_wconf 89' lang='lat' dir='ltr'>imminutionis</span> <span class='ocrx_word' id='word_1_323' title='bbox 2875 3576 3117 3631; x_wconf 81' lang='lat' dir='ltr'>mone-</span> 
     </span>
     <span class='ocr_line' id='line_1_33' title="bbox 491 3666 3117 3753; baseline 0 -19"><span class='ocrx_word' id='word_1_324' title='bbox 491 3677 631 3751; x_wconf 83' lang='lat' dir='ltr'>·tae,</span> <span class='ocrx_word' id='word_1_325' title='bbox 682 3673 805 3734; x_wconf 89' lang='lat' dir='ltr'>etc.</span> <span class='ocrx_word' id='word_1_326' title='bbox 854 3668 929 3734; x_wconf 92' lang='lat' dir='ltr'>In</span> <span class='ocrx_word' id='word_1_327' title='bbox 978 3666 1236 3735; x_wconf 87' lang='lat' dir='ltr'>cambio</span> <span class='ocrx_word' id='word_1_328' title='bbox 1289 3674 1509 3734; x_wconf 83' lang='lat' dir='ltr'>tamen</span> <span class='ocrx_word' id='word_1_329' title='bbox 1561 3685 1679 3753; x_wconf 85' lang='lat' dir='ltr'>per</span> <span class='ocrx_word' id='word_1_330' title='bbox 1725 3666 1949 3734; x_wconf 86' lang='lat' dir='ltr'>literas</span> <span class='ocrx_word' id='word_1_331' title='bbox 2000 3685 2306 3752; x_wconf 87' lang='lat' dir='ltr'>campsor</span> <span class='ocrx_word' id='word_1_332' title='bbox 2337 3667 2535 3736; x_wconf 85' lang='lat' dir='ltr'>debet</span> <span class='ocrx_word' id='word_1_333' title='bbox 2570 3666 2789 3734; x_wconf 87' lang='lat' dir='ltr'>minus</span> <span class='ocrx_word' id='word_1_334' title='bbox 2825 3666 3117 3752; x_wconf 81' lang='lat' dir='ltr'>exigere,</span> 
     </span>
     <span class='ocr_line' id='line_1_34' title="bbox 515 3767 3028 3859; baseline -0.001 -17"><span class='ocrx_word' id='word_1_335' title='bbox 515 3791 711 3859; x_wconf 85' lang='lat' dir='ltr'>quam</span> <span class='ocrx_word' id='word_1_336' title='bbox 760 3774 816 3841; x_wconf 89' lang='lat' dir='ltr'>si</span> <span class='ocrx_word' id='word_1_337' title='bbox 862 3772 1126 3839; x_wconf 84' lang='lat' dir='ltr'>realiter</span> <span class='ocrx_word' id='word_1_338' title='bbox 1172 3772 1521 3857; x_wconf 88' lang='lat' dir='ltr'>pecuniam</span> <span class='ocrx_word' id='word_1_339' title='bbox 1570 3773 2057 3854; x_wconf 74' lang='lat' dir='ltr'>transtulisset,</span> <span class='ocrx_word' id='word_1_340' title='bbox 2106 3774 2262 3859; x_wconf 84' lang='lat' dir='ltr'>quia</span> <span class='ocrx_word' id='word_1_341' title='bbox 2310 3775 2530 3843; x_wconf 89' lang='lat' dir='ltr'>minus</span> <span class='ocrx_word' id='word_1_342' title='bbox 2579 3780 2681 3843; x_wconf 91' lang='lat' dir='ltr'>est</span> <span class='ocrx_word' id='word_1_343' title='bbox 2716 3773 2939 3842; x_wconf 88' lang='lat' dir='ltr'>oneris</span> <span class='ocrx_word' id='word_1_344' title='bbox 2975 3767 3028 3839; x_wconf 81' lang='lat'>².</span> 
     </span>
    </p>
   </div>
   <div class='ocr_carea' id='block_1_3' title="bbox 592 3915 3116 4077">
    <p class='ocr_par' dir='ltr' id='par_1_5' title="bbox 592 3915 3116 4077">
     <span class='ocr_line' id='line_1_35' title="bbox 593 3915 3116 3996; baseline 0 -18"><span class='ocrx_word' id='word_1_345' title='bbox 593 3917 797 3978; x_wconf 70' lang='lat'>435.</span> <span class='ocrx_word' id='word_1_346' title='bbox 828 3917 894 3990; x_wconf 91' lang='lat' dir='ltr'>Q.</span> <span class='ocrx_word' id='word_1_347' title='bbox 924 3917 982 3978; x_wconf 75' lang='lat'>5.</span> <span class='ocrx_word' id='word_1_348' title='bbox 1011 3915 1112 3978; x_wconf 80' lang='lat' dir='ltr'>An</span> <span class='ocrx_word' id='word_1_349' title='bbox 1139 3915 1451 3995; x_wconf 80' lang='lat' dir='ltr'>accipiens</span> <span class='ocrx_word' id='word_1_350' title='bbox 1485 3917 1816 3995; x_wconf 77' lang='lat' dir='ltr'>pecuniam</span> <span class='ocrx_word' id='word_1_351' title='bbox 1860 3918 2289 3981; x_wconf 76' lang='lat' dir='ltr'>adulterinam</span> <span class='ocrx_word' id='word_1_352' title='bbox 2318 3918 2521 3996; x_wconf 77' lang='lat' dir='ltr'>possit</span> <span class='ocrx_word' id='word_1_353' title='bbox 2545 3934 2680 3980; x_wconf 87' lang='lat' dir='ltr'>eam</span> <span class='ocrx_word' id='word_1_354' title='bbox 2710 3916 3058 3996; x_wconf 70' lang='lat' dir='ltr'>expendere</span> <span class='ocrx_word' id='word_1_355' title='bbox 3081 3916 3116 3978; x_wconf 74' lang='lat'><strong><em>?</em></strong></span> 
     </span>
     <span class='ocr_line' id='line_1_36' title="bbox 592 3996 3116 4077; baseline -0 -18"><span class='ocrx_word' id='word_1_356' title='bbox 592 3997 663 4059; x_wconf 85' lang='lat' dir='ltr'>R.</span> <span class='ocrx_word' id='word_1_357' title='bbox 705 3997 1043 4077; x_wconf 84' lang='lat' dir='ltr'>Negative:</span> <span class='ocrx_word' id='word_1_358' title='bbox 1091 4013 1217 4058; x_wconf 90' lang='lat' dir='ltr'>nou</span> <span class='ocrx_word' id='word_1_359' title='bbox 1266 4004 1471 4075; x_wconf 89' lang='lat' dir='ltr'>potest</span> <span class='ocrx_word' id='word_1_360' title='bbox 1512 4013 1655 4059; x_wconf 88' lang='lat' dir='ltr'>eam</span> <span class='ocrx_word' id='word_1_361' title='bbox 1699 3998 2090 4076; x_wconf 79' lang='lat' dir='ltr'>expendere,</span> <span class='ocrx_word' id='word_1_362' title='bbox 2133 4001 2187 4061; x_wconf 89' lang='lat' dir='ltr'>si</span> <span class='ocrx_word' id='word_1_363' title='bbox 2232 3999 2588 4062; x_wconf 84' lang='lat' dir='ltr'>intrinsece</span> <span class='ocrx_word' id='word_1_364' title='bbox 2656 4000 2740 4059; x_wconf 86' lang='lat' dir='ltr'>sit</span> <span class='ocrx_word' id='word_1_365' title='bbox 2800 3996 2997 4073; x_wconf 84' lang='lat' dir='ltr'>falsa,</span> <span class='ocrx_word' id='word_1_366' title='bbox 3043 4006 3116 4063; x_wconf 85' lang='lat' dir='ltr'>ut</span> 
     </span>
    </p>
   </div>
   <div class='ocr_carea' id='block_1_4' title="bbox 512 4182 3114 4734">
    <p class='ocr_par' dir='ltr' id='par_1_6' title="bbox 512 4182 3114 4371">
     <span class='ocr_line' id='line_1_37' title="bbox 574 4182 3114 4245; baseline -0 -11"><span class='ocrx_word' id='word_1_367' title='bbox 574 4184 597 4225; x_wconf 84' lang='lat'>¹</span> <span class='ocrx_word' id='word_1_368' title='bbox 631 4186 754 4236; x_wconf 81' lang='lat' dir='ltr'>Jure</span> <span class='ocrx_word' id='word_1_369' title='bbox 786 4186 965 4234; x_wconf 84' lang='lat' dir='ltr'>tamen</span> <span class='ocrx_word' id='word_1_370' title='bbox 997 4183 1354 4235; x_wconf 81' lang='lat' dir='ltr'>ecclesiastico</span> <span class='ocrx_word' id='word_1_371' title='bbox 1404 4184 1628 4234; x_wconf 78' lang='lat' dir='ltr'>vetitum</span> <span class='ocrx_word' id='word_1_372' title='bbox 1673 4184 1755 4233; x_wconf 85' lang='lat' dir='ltr'>est</span> <span class='ocrx_word' id='word_1_373' title='bbox 1786 4182 1990 4245; x_wconf 79' lang='lat' dir='ltr'>clericis</span> <span class='ocrx_word' id='word_1_374' title='bbox 2039 4183 2248 4235; x_wconf 81' lang='lat' dir='ltr'>cambia</span> <span class='ocrx_word' id='word_1_375' title='bbox 2294 4195 2536 4236; x_wconf 84' lang='lat' dir='ltr'>exercere</span> <span class='ocrx_word' id='word_1_376' title='bbox 2588 4183 2750 4235; x_wconf 86' lang='lat' dir='ltr'>etiam</span> <span class='ocrx_word' id='word_1_377' title='bbox 2801 4183 2901 4234; x_wconf 89' lang='lat' dir='ltr'>sub</span> <span class='ocrx_word' id='word_1_378' title='bbox 2936 4182 3114 4234; x_wconf 74' lang='lat' dir='ltr'>alieno</span> 
     </span>
     <span class='ocr_line' id='line_1_38' title="bbox 512 4245 3112 4310; baseline -0 -12"><span class='ocrx_word' id='word_1_379' title='bbox 512 4249 748 4303; x_wconf 84' lang='lat' dir='ltr'>nomine,</span> <span class='ocrx_word' id='word_1_380' title='bbox 786 4246 942 4310; x_wconf 84' lang='lat' dir='ltr'>idque</span> <span class='ocrx_word' id='word_1_381' title='bbox 983 4245 1083 4297; x_wconf 85' lang='lat' dir='ltr'>sub</span> <span class='ocrx_word' id='word_1_382' title='bbox 1135 4246 1302 4308; x_wconf 87' lang='lat' dir='ltr'>poenis</span> <span class='ocrx_word' id='word_1_383' title='bbox 1350 4247 1561 4297; x_wconf 83' lang='lat' dir='ltr'>statutis</span> <span class='ocrx_word' id='word_1_384' title='bbox 1596 4247 1651 4296; x_wconf 89' lang='lat' dir='ltr'>in</span> <span class='ocrx_word' id='word_1_385' title='bbox 1687 4246 1907 4296; x_wconf 87' lang='lat' dir='ltr'>clericos</span> <span class='ocrx_word' id='word_1_386' title='bbox 1941 4248 2314 4309; x_wconf 84' lang='lat' dir='ltr'>negotiatores.</span> <span class='ocrx_word' id='word_1_387' title='bbox 2350 4257 2541 4309; x_wconf 85' lang='lat' dir='ltr'>nempe</span> <span class='ocrx_word' id='word_1_388' title='bbox 2576 4258 2645 4297; x_wconf 77' lang='lat' dir='ltr'>ex</span> <span class='ocrx_word' id='word_1_389' title='bbox 2690 4245 2841 4296; x_wconf 78' lang='lat' dir='ltr'>Bulla</span> <span class='ocrx_word' id='word_1_390' title='bbox 2874 4246 3112 4297; x_wconf 85' lang='lat' dir='ltr'>Clemen-</span> 
     </span>
     <span class='ocr_line' id='line_1_39' title="bbox 513 4309 2414 4371; baseline -0.002 -10"><span class='ocrx_word' id='word_1_391' title='bbox 513 4313 580 4361; x_wconf 84' lang='lat' dir='ltr'>tis</span> <span class='ocrx_word' id='word_1_392' title='bbox 613 4310 728 4359; x_wconf 86' lang='lat' dir='ltr'>Xlll</span> <span class='ocrx_word' id='word_1_393' title='bbox 769 4310 895 4359; x_wconf 80' lang='lat' dir='ltr'>Cam</span> <span class='ocrx_word' id='word_1_394' title='bbox 921 4310 1179 4371; x_wconf 55' lang='lat' dir='ltr'>patmum:</span> <span class='ocrx_word' id='word_1_395' title='bbox 1203 4333 1267 4344; x_wconf 93' lang='lat'><strong>—</strong></span> <span class='ocrx_word' id='word_1_396' title='bbox 1288 4310 1362 4359; x_wconf 81' lang='lat' dir='ltr'>·V.</span> <span class='ocrx_word' id='word_1_397' title='bbox 1396 4309 1466 4357; x_wconf 81' lang='lat' dir='ltr'>De</span> <span class='ocrx_word' id='word_1_398' title='bbox 1500 4309 1816 4359; x_wconf 79' lang='lat' dir='ltr'>clericorum</span> <span class='ocrx_word' id='word_1_399' title='bbox 1849 4310 2205 4371; x_wconf 61' lang='lat' dir='ltr'>nepotiatione,</span> <span class='ocrx_word' id='word_1_400' title='bbox 2247 4309 2338 4358; x_wconf 86' lang='lat' dir='ltr'>lib.</span> <span class='ocrx_word' id='word_1_401' title='bbox 2375 4321 2414 4359; x_wconf 85' lang='lat'>1.</span> 
     </span>
    </p>

    <p class='ocr_par' dir='ltr' id='par_1_7' title="bbox 513 4370 3114 4734">
     <span class='ocr_line' id='line_1_40' title="bbox 574 4370 3110 4434; baseline -0 -13"><span class='ocrx_word' id='word_1_402' title='bbox 574 4372 600 4412; x_wconf 74' lang='lat'>²</span> <span class='ocrx_word' id='word_1_403' title='bbox 640 4373 696 4422; x_wconf 87' lang='lat' dir='ltr'>V.</span> <span class='ocrx_word' id='word_1_404' title='bbox 732 4371 962 4433; x_wconf 83' lang='lat' dir='ltr'>Lignori,</span> <span class='ocrx_word' id='word_1_405' title='bbox 1000 4372 1089 4434; x_wconf 80' lang='lat' dir='ltr'>Op.</span> <span class='ocrx_word' id='word_1_406' title='bbox 1126 4372 1279 4431; x_wconf 63' lang='lat' dir='ltr'>Mor„</span> <span class='ocrx_word' id='word_1_407' title='bbox 1330 4371 1364 4421; x_wconf 91' lang='lat' dir='ltr'>l.</span> <span class='ocrx_word' id='word_1_408' title='bbox 1403 4378 1477 4431; x_wconf 86' lang='grc' dir='ltr'><strong><em>ιιι,</em></strong></span> <span class='ocrx_word' id='word_1_409' title='bbox 1512 4383 1565 4421; x_wconf 89' lang='grc' dir='ltr'>ιι.</span> <span class='ocrx_word' id='word_1_410' title='bbox 1600 4373 1723 4432; x_wconf 79' lang='lat'>8503</span> <span class='ocrx_word' id='word_1_411' title='bbox 1757 4395 1821 4409; x_wconf 89' lang='lat'>--</span> <span class='ocrx_word' id='word_1_412' title='bbox 1855 4373 2120 4432; x_wconf 82' lang='lat' dir='ltr'>Ferraris;</span> <span class='ocrx_word' id='word_1_413' title='bbox 2171 4372 2227 4420; x_wconf 81' lang='lat' dir='ltr'>V.</span> <span class='ocrx_word' id='word_1_414' title='bbox 2266 4372 2550 4421; x_wconf 77' lang='lat' dir='ltr'>cambium.</span> <span class='ocrx_word' id='word_1_415' title='bbox 2604 4370 2704 4430; x_wconf 87' lang='lat' dir='ltr'>Qui</span> <span class='ocrx_word' id='word_1_416' title='bbox 2753 4372 2922 4422; x_wconf 87' lang='lat' dir='ltr'>artem</span> <span class='ocrx_word' id='word_1_417' title='bbox 2966 4381 3110 4420; x_wconf 79' lang='lat' dir='ltr'>cam·</span> 
     </span>
     <span class='ocr_line' id='line_1_41' title="bbox 513 4432 3114 4497; baseline -0.001 -12"><span class='ocrx_word' id='word_1_418' title='bbox 513 4433 690 4486; x_wconf 82' lang='lat' dir='ltr'>biendi</span> <span class='ocrx_word' id='word_1_419' title='bbox 726 4444 832 4484; x_wconf 86' lang='lat' dir='ltr'>non</span> <span class='ocrx_word' id='word_1_420' title='bbox 865 4439 1091 4490; x_wconf 86' lang='lat' dir='ltr'>exercet,</span> <span class='ocrx_word' id='word_1_421' title='bbox 1127 4435 1300 4496; x_wconf 86' lang='lat' dir='ltr'>potest</span> <span class='ocrx_word' id='word_1_422' title='bbox 1338 4432 1687 4484; x_wconf 81' lang='lat' dir='ltr'>nihilominus</span> <span class='ocrx_word' id='word_1_423' title='bbox 1737 4432 1944 4497; x_wconf 72' lang='lat' dir='ltr'>lucrum</span> <span class='ocrx_word' id='word_1_424' title='bbox 1976 4445 2042 4483; x_wconf 80' lang='lat' dir='ltr'>ex</span> <span class='ocrx_word' id='word_1_425' title='bbox 2080 4434 2499 4484; x_wconf 82' lang='lat' dir='ltr'>commutatione</span> <span class='ocrx_word' id='word_1_426' title='bbox 2533 4436 2836 4495; x_wconf 82' lang='lat' dir='ltr'>percipere;</span> <span class='ocrx_word' id='word_1_427' title='bbox 2881 4434 3114 4496; x_wconf 66' lang='lat' dir='ltr'>quisque</span> 
     </span>
     <span class='ocr_line' id='line_1_42' title="bbox 513 4494 3111 4558; baseline -0.001 -12"><span class='ocrx_word' id='word_1_428' title='bbox 513 4497 656 4547; x_wconf 83' lang='lat' dir='ltr'>enirn</span> <span class='ocrx_word' id='word_1_429' title='bbox 690 4496 778 4556; x_wconf 80' lang='lat' dir='ltr'>jus</span> <span class='ocrx_word' id='word_1_430' title='bbox 810 4495 967 4547; x_wconf 85' lang='lat' dir='ltr'>nabet</span> <span class='ocrx_word' id='word_1_431' title='bbox 1000 4496 1062 4545; x_wconf 84' lang='lat' dir='ltr'>ad</span> <span class='ocrx_word' id='word_1_432' title='bbox 1115 4496 1321 4547; x_wconf 89' lang='lat' dir='ltr'>lucrum</span> <span class='ocrx_word' id='word_1_433' title='bbox 1377 4507 1472 4558; x_wconf 90' lang='lat' dir='ltr'>pro</span> <span class='ocrx_word' id='word_1_434' title='bbox 1520 4507 1621 4545; x_wconf 85' lang='lat' dir='ltr'>suo</span> <span class='ocrx_word' id='word_1_435' title='bbox 1659 4494 1841 4546; x_wconf 84' lang='lat' dir='ltr'>labore</span> <span class='ocrx_word' id='word_1_436' title='bbox 1895 4498 1945 4546; x_wconf 90' lang='lat' dir='ltr'>et</span> <span class='ocrx_word' id='word_1_437' title='bbox 1976 4495 2254 4545; x_wconf 85' lang='lat' dir='ltr'>industria.</span> <span class='ocrx_word' id='word_1_438' title='bbox 2293 4496 2423 4546; x_wconf 80' lang='lat' dir='ltr'>Hinc</span> <span class='ocrx_word' id='word_1_439' title='bbox 2454 4495 2688 4545; x_wconf 77' lang='lat' dir='ltr'>famulus</span> <span class='ocrx_word' id='word_1_440' title='bbox 2722 4495 2989 4557; x_wconf 83' lang='lat' dir='ltr'>recipiens</span> <span class='ocrx_word' id='word_1_441' title='bbox 3031 4506 3111 4556; x_wconf 90' lang='lat' dir='ltr'>pe-</span> 
     </span>
     <span class='ocr_line' id='line_1_43' title="bbox 513 4555 3111 4620; baseline 0 -14"><span class='ocrx_word' id='word_1_442' title='bbox 513 4560 735 4611; x_wconf 77' lang='lat' dir='ltr'>cuniam,</span> <span class='ocrx_word' id='word_1_443' title='bbox 762 4568 983 4608; x_wconf 80' lang='lat' dir='ltr'>auream</span> <span class='ocrx_word' id='word_1_444' title='bbox 1016 4570 1049 4608; x_wconf 88' lang='lat' dir='ltr'>a</span> <span class='ocrx_word' id='word_1_445' title='bbox 1101 4557 1337 4619; x_wconf 83' lang='lat' dir='ltr'>domino,</span> <span class='ocrx_word' id='word_1_446' title='bbox 1373 4561 1433 4608; x_wconf 86' lang='lat' dir='ltr'>ut</span> <span class='ocrx_word' id='word_1_447' title='bbox 1480 4557 1776 4608; x_wconf 75' lang='lat' dir='ltr'>satisfaciat</span> <span class='ocrx_word' id='word_1_448' title='bbox 1824 4555 2173 4609; x_wconf 84' lang='lat' dir='ltr'>creditoribus</span> <span class='ocrx_word' id='word_1_449' title='bbox 2221 4556 2444 4617; x_wconf 85' lang='lat' dir='ltr'>domini,</span> <span class='ocrx_word' id='word_1_450' title='bbox 2498 4558 2671 4620; x_wconf 86' lang='lat' dir='ltr'>potest</span> <span class='ocrx_word' id='word_1_451' title='bbox 2722 4567 2838 4607; x_wconf 83' lang='lat' dir='ltr'>eam</span> <span class='ocrx_word' id='word_1_452' title='bbox 2873 4566 3111 4606; x_wconf 86' lang='lat' dir='ltr'>commu·</span> 
     </span>
     <span class='ocr_line' id='line_1_44' title="bbox 514 4618 3110 4693; baseline -0.001 -23"><span class='ocrx_word' id='word_1_453' title='bbox 514 4620 630 4693; x_wconf 81' lang='lat' dir='ltr'>tare</span> <span class='ocrx_word' id='word_1_454' title='bbox 659 4632 781 4671; x_wconf 82' lang='lat' dir='ltr'>curn</span> <span class='ocrx_word' id='word_1_455' title='bbox 814 4620 920 4681; x_wconf 73' lang='lat' dir='ltr'>aua</span> <span class='ocrx_word' id='word_1_456' title='bbox 950 4621 1160 4671; x_wconf 86' lang='lat' dir='ltr'>lucrum</span> <span class='ocrx_word' id='word_1_457' title='bbox 1193 4632 1290 4684; x_wconf 87' lang='lat' dir='ltr'>pro</span> <span class='ocrx_word' id='word_1_458' title='bbox 1323 4633 1381 4672; x_wconf 86' lang='lat' dir='ltr'>se</span> <span class='ocrx_word' id='word_1_459' title='bbox 1414 4618 1728 4672; x_wconf 85' lang='lat' dir='ltr'>retinendo:</span> <span class='ocrx_word' id='word_1_460' title='bbox 1765 4620 1955 4682; x_wconf 84' lang='lat' dir='ltr'>excipe</span> <span class='ocrx_word' id='word_1_461' title='bbox 1989 4618 2090 4669; x_wconf 84' lang='lat' dir='ltr'>nlsi</span> <span class='ocrx_word' id='word_1_462' title='bbox 2124 4618 2377 4670; x_wconf 88' lang='lat' dir='ltr'>dominus</span> <span class='ocrx_word' id='word_1_463' title='bbox 2411 4618 2677 4671; x_wconf 76' lang='lat' dir='ltr'>voluisset</span> <span class='ocrx_word' id='word_1_464' title='bbox 2697 4618 3004 4670; x_wconf 77' lang='lat' dir='ltr'>satisfacere</span> <span class='ocrx_word' id='word_1_465' title='bbox 3030 4629 3110 4681; x_wconf 85' lang='lat' dir='ltr'>pe-</span> 
     </span>
     <span class='ocr_line' id='line_1_45' title="bbox 514 4690 882 4734; baseline 0 -2"><span class='ocrx_word' id='word_1_466' title='bbox 514 4690 672 4734; x_wconf 78' lang='lat' dir='ltr'>cunia</span> <span class='ocrx_word' id='word_1_467' title='bbox 703 4694 882 4734; x_wconf 83' lang='lat' dir='ltr'>aurea.</span> 
     </span>
    </p>
   </div>
  </div>
 </body>
</html>
