3292 5167
466 217 597 284 548
1130 232 1246 280 un.
1295 231 1360 280 ιι.
1410 236 1780 285 πυρπηιι.
1828 234 1981 283 olsr.
2031 233 2097 281 ιι.
2149 236 2409 282 arrexi).

466 337 721 413 lantur,
764 337 844 398 de
885 334 1117 415 quibus
1159 332 1475 400 salesius:
1524 338 1588 401 Io
1628 339 1814 421 qrido
1857 338 1941 400 ad
1982 338 2123 400 alta
2166 352 2307 399 vocs
2358 354 2401 399 a
2440 335 2763 415 abisarique
2792 339 2826 402 ἑ
2869 338 3086 420 leam

464 419 684 482 dentro
725 418 780 479 le
812 416 937 479 reti
976 414 1684 483 dell'innamoramento
1708 441 1729 481 :
1775 419 2062 499 taqliate,
2089 423 2401 492 trancate,
2441 426 2718 497 rompete
2746 438 2772 490 ;
2815 435 2942 483 non
2985 417 3085 484 bi·

464 515 659 578 soyna
698 497 1000 579 fermarsi
1040 512 1081 556 a
1122 497 1366 559 scucire
1409 508 1622 576 queste
1666 500 1943 563 scioeebe
1984 498 2313 572 amicius,
2348 495 2608 578 bisoqna
2637 498 3077 571 samaritane,-

462 597 588 644 non
632 579 894 659 bisogna
935 576 1201 639 snodare
1288 579 1451 641 nesti
1493 581 1744 661 leqami,
1787 579 2045 660 bisoqna
2089 579 2389 657 ramperti
2434 596 2466 640 e
2509 579 2802 659 tayliarli
2831 582 2891 641 7.

387 661 394 668 “
625 659 681 721 2.
727 657 1043 721 Amicitioe
1084 658 1252 720 sensi
1297 658 1430 732 iles,
1473 678 1615 740 quae
1662 660 2013 725 fundantur
2060 661 2129 721 in
2175 657 2361 721 bonis
2406 663 2698 739 corporis
2741 658 3070 723 sensibili-

464 737 612 802 bus:
660 758 717 801 v.
763 757 842 818 g.,
885 736 1353 818 pulcritudine,
1401 740 1885 816 benevolentia,
1931 749 2178 814 tractu,
2235 754 2438 815 voce,
2507 749 2648 816 etc„
2712 739 2865 803 licet
2928 755 3065 804 nou

468 822 604 883 sint
641 829 861 899 aperte
905 820 1307 894 inhonestae,
1350 830 1502 883 suut
1545 831 1758 884 tamen
1802 820 1995 884 valde
2051 818 2452 899 imperfectae
2514 828 2579 881 et
2641 819 3057 900 periculosae,

465 902 743 965 maxime
786 904 838 963 si
884 902 1263 978 contingant
1308 901 1477 964 inter
1522 919 1828 981 personas
1874 901 2115 964 diversi
2161 917 2389 964 sexus:
2438 902 2581 963 ideo
2628 900 3055 980 reprobanda

469 998 503 1044 a
547 979 868 1046 Moralista
915 989 980 1045 et
1021 980 1393 1060 rejiciendas
1416 980 1465 1043 ².
1512 983 1560 1045 A
1603 980 2031 1046 sensibilitate
2075 980 2150 1043 ad
2199 981 2680 1044 sensualitatem
2727 997 2918 1061 parva
2954 979 3053 1042 di·

470 1063 738 1126 stantia:
781 1063 910 1124 imo
951 1061 1345 1140 experientia
1391 1071 1574 1140 teste,
1617 1079 1741 1126 una
1787 1062 1864 1124 ad
1910 1061 2101 1125 aliam
2147 1071 2352 1125 marte
2394 1079 2507 1123 suo
2550 1061 2729 1126 ducit
2770 1062 2916 1141 (T).

629 1143 684 1205 3.
730 1142 1057 1205 Amicitias
1097 1149 1376 1211 sanctas.
1421 1145 1813 1222 spirituales,
1856 1145 1938 1206 ad
1978 1145 2278 1205 virtatem
2319 1143 2598 1206 directas
2659 1144 2855 1204 etiam
2910 1157 3055 1222 per·

470 1225 668 1299 soniS,
711 1239 854 1303 quae
898 1225 964 1284 in
1010 1221 1243 1284 saeculo
1287 1223 1514 1286 vivunt
1556 1234 1620 1288 et
1667 1225 1902 1287 bonum
1948 1226 2181 1285 animae
2225 1222 2527 1302 diligunt,
2573 1223 2883 1303 perutiles
2920 1239 3063 1301 pro·

472 1306 863 1365 nuntiamus.
910 1303 1003 1364 En
1048 1302 1241 1364 verba
1287 1300 1555 1366 Salesii:
1606 1303 1851 1379 Quanto
1913 1304 2037 1366 alle
2099 1319 2355 1382 persone
2417 1302 2526 1366 che
2594 1304 2813 1366 vivono
2878 1313 2988 1366 tra
3048 1303 3079 1365 i

468 1385 802 1460 mondani,
843 1400 874 1444 e
915 1382 1023 1444 ebe
1065 1380 1489 1446 abbracciano
1532 1384 1597 1447 la
1640 1402 1793 1448 vera
1844 1384 2043 1460 virtit,
2086 1387 2116 1445 e
2161 1384 2255 1445 lor
2297 1384 2648 1447 necessario
2694 1384 2973 1446 l¹anirsi
3013 1381 3079 1445 le

470 1482 591 1527 sme
632 1466 783 1527 colle
826 1463 1013 1534 altre,
1057 1464 1371 1527 mediante
1413 1482 1543 1527 una
1587 1473 1778 1528 santa
1822 1482 1853 1525 e
1899 1479 2089 1527 sacra
2118 1465 2448 1538 amicizia,
2522 1464 2701 1527 arche
2729 1465 2826 1526 col
2858 1479 3078 1527 mezzo

470 1546 538 1608 di
579 1553 797 1626 questa
842 1545 901 1606 si
940 1544 1210 1622 ajtatano
1252 1563 1283 1607 e
1324 1547 1384 1607 si
1424 1546 1705 1609 eccitano
1752 1543 2318 1609 vicendevolmente
2359 1545 2427 1608 al
2511 1562 2637 1607 ene.
2680 1544 2908 1608 Nonne
2968 1547 3069 1607 iu·

469 1634 572 1688 ter
613 1642 682 1688 se
722 1627 1108 1705 junguntur,
1159 1625 1277 1688 hac
1321 1634 1529 1701 astate,
1594 1627 1709 1688 filii
1785 1624 2199 1689 tenebrarum
2267 1625 2343 1687 ad
2417 1626 2707 1689 malum?
2772 1641 2886 1687 cur
2932 1640 3066 1688 non

471 1706 590 1767 filii
658 1705 818 1768 lucis
861 1704 936 1767 ad
983 1706 1222 1766 bonum
1248 1704 1296 1767 ⁸.
1343 1706 1455 1767 Hic
1497 1706 1869 1785 Scriptura:
1914 1705 2151 1768 Frater
2182 1707 2292 1785 qui
2319 1706 2672 1785 adjuvatur
2723 1723 2765 1768 a
2816 1705 3075 1785 fratre,

473 1788 659 1867 quasi
700 1787 930 1848 civitas
970 1785 1190 1864 firma:
1234 1789 1435 1848 amico
1476 1787 1651 1865 fideli
1692 1788 1875 1850 nulla
1921 1788 2320 1865 comparatio
2348 1786 2400 1848 ⁴.

558 1865 766 1928 292.
810 1865 876 1940 Q.
923 1867 978 1927 4.
1029 1865 1191 1939 Quid
1224 1866 1297 1929 de
1342 1866 1734 1931 liberalitate
1779 1876 1841 1930 et
1880 1866 2275 1949 affabilitate
2302 1870 2333 1930 ?

553 1946 621 2007 R.
668 1946 757 2007 Ad
805 1948 868 2008 1:
915 1945 1293 2008 Liberalitas
1337 1959 1434 2009 est
1477 1950 1707 2023 virtus,
1761 1966 1894 2029 quae
1936 1966 2045 2010 nos
2089 1949 2267 2010 docet
2300 1949 2578 2011 ordinem
2622 1946 2706 2012 ad
2746 1954 2939 2008 rectoe
2966 1962 3074 2008 ra-

478 2027 667 2088 tionis
714 2027 997 2088 tramites
1042 2028 1421 2091 servandam
1465 2029 1533 2092 in
1576 2029 1923 2109 tarpiendis
1965 2030 2250 2108 pecuniis
2276 2035 2342 2090 et
2366 2027 2552 2094 rebus
2582 2025 2890 2099 omnibus,
2932 2043 3073 2105 quo

476 2106 681 2169 solent
736 2108 1002 2185 pecunia
1043 2108 1372 2172 oestimari.
1416 2109 1645 2172 Differt
1689 2125 1723 2172 a
1769 2109 2247 2187 misericordia,
2281 2125 2424 2190 quae
2472 2108 2704 2173 tribuit
2763 2106 3059 2185 indigen·

475 2188 678 2260 tibus,
724 2188 861 2250 haec
903 2188 1232 2251 omuibus:
1278 2206 1310 2252 a
1358 2191 1869 2270 magnificentia,
1912 2205 2056 2270 quae
2100 2190 2361 2269 respicit
2404 2199 2692 2269 sumptos
2746 2189 3067 2266 egregios,

475 2268 615 2330 baec
661 2267 1037 2330 mediocres.
1081 2269 1511 2333 Liberalitatis
1555 2270 1958 2333 conditiones
2005 2272 2323 2350 praecipua
2370 2284 2552 2333 sunt:
2582 2303 2656 2318 -
2684 2270 2747 2346 l)
2786 2278 2856 2330 ut
2890 2268 3067 2347 quod

476 2348 685 2421 datur,
719 2348 1082 2410 honestatis
1124 2360 1188 2412 et
1232 2350 1701 2413 benevotentiae
1744 2367 1931 2414 causa
1957 2351 2183 2413 detur:
2228 2366 2376 2413 nam
2432 2352 2538 2428 qui
2619 2349 2727 2412 dat
2790 2359 2899 2410 aut
2947 2364 3079 2411 ma·

471 2430 634 2509 joris
678 2428 839 2490 lucri
887 2431 1257 2509 reportandi
1302 2447 1487 2493 causa
1534 2440 1643 2493 aut
1686 2433 1854 2510 turpi
1902 2431 2174 2493 consilio
2202 2479 2218 2507 ,
2266 2446 2299 2492 a
2370 2429 2762 2493 liberalitate
2831 2428 3070 2508 longis·

475 2513 636 2572 sime
680 2509 897 2585 abest;
939 2542 1017 2554 —
1058 2510 1125 2590 2)
1170 2519 1240 2573 ut
1286 2511 1663 2589 largitiones
1696 2513 1775 2574 ad
1825 2511 2173 2574 facultates
2237 2521 2489 2574 nostras
2551 2510 3078 2585 accomodemus;

474 2590 783 2669 prodigus
830 2590 1005 2652 enim
1052 2606 1179 2652 non
1227 2589 1513 2656 liberalis
1557 2601 1697 2667 est,
1739 2594 1844 2671 qui
1891 2593 2051 2656 adeo
2097 2591 2402 2670 largitur,
2448 2600 2515 2654 ut
2561 2594 2693 2671 ipse
2740 2590 3076 2670 redigatur

478 2669 555 2732 ad
604 2679 951 2748 egestatem
977 2667 1035 2744 ⁵3
1081 2702 1158 2716 -—
1199 2670 1266 2750 3)
1310 2681 1378 2734 ut
1419 2675 1691 2752 quisque
1733 2680 1956 2736 caveat
1998 2673 2228 2753 quibus
2273 2671 2556 2735 dandum
2588 2720 2606 2748 ‚
2646 2679 2962 2750 quantum
3006 2680 3076 2733 et

477 2766 603 2828 quo
642 2762 955 2830 tempore:
1000 2752 1213 2813 omnia
1258 2756 1434 2814 enim
1478 2754 1831 2817 secuudum
1874 2752 2171 2816 ordinem
2219 2752 2356 2815 fieri
2402 2752 2693 2825 debent3
2742 2785 2819 2796 —-
2878 2751 2946 2829 4)
3009 2760 3079 2814 ut

477 2829 757 2893 libenter
802 2841 866 2893 et
911 2830 1205 2894 hilariter
1247 2832 1672 2913 elargiamur;
1716 2850 1861 2896 nam
1908 2843 1977 2897 ut
2012 2835 2109 2896 ait
2151 2833 2374 2896 Poeta:
2418 2851 2558 2895 cam
2595 2839 2898 2911 properat
2928 2847 3085 2911 qra-

479 2912 594 2983 tia,
683 2917 828 2974 rata
871 2912 1079 2973 nimis.

561 2990 626 3051 Li
678 2992 957 3055 eralitati
1001 2994 1345 3071 opponitur
1390 2995 1702 3056 tenacitas
1744 3009 1858 3055 seu
1902 2995 2196 3069 avaritia,
2229 2995 2294 3054 iu
2350 3002 2659 3072 quantum
2690 2994 2836 3072 quis
2881 2992 3079 3055 nimis

480 3081 651 3134 amat
713 3069 815 3134 vel
860 3071 1187 3134 desiderat
1228 3073 1530 3149 divitias,
1576 3077 1640 3136 in
1699 3075 1921 3154 eisque
1961 3073 2365 3152 delectatur,
2406 3076 2562 3153 quin
2608 3083 2823 3136 tamen
2870 3072 2935 3134 id
2996 3075 3081 3135 sit

481 3168 625 3215 cum
670 3152 905 3216 damno
949 3152 1240 3216 alterius.
2860 3195 2869 3200 ψ

383 3255 388 3259 ·
561 3232 629 3294 R.
675 3234 766 3296 Ad
810 3234 877 3296 2:
922 3232 1276 3296 Affabilitas
1317 3242 1418 3297 est
1475 3236 1725 3309 virtus,
1787 3251 1911 3315 qua
1967 3234 2109 3315 qais
2172 3236 2241 3299 in
2301 3235 2589 3296 convicta
2646 3241 2709 3295 et
2766 3233 2835 3295 in
2898 3234 3074 3294 omni

479 3313 626 3376 vitoe
667 3314 1109 3377 consuetudine
1148 3313 1401 3394 facilem
1441 3330 1505 3377 se
1546 3316 1700 3377 aliis
1742 3311 2056 3391 exhibere,
2095 3322 2156 3376 et
2199 3316 2437 3390 iisdem,
2478 3322 2552 3375 at
2590 3313 2780 3387 decet,
2818 3310 3080 3391 obsequi

481 3395 709 3456 studet.
751 3394 960 3468 Homo,
1006 3396 1213 3473 inquit
1255 3394 1631 3474 AngelicuS,
1678 3402 1924 3459 tenetur
1964 3413 2044 3459 ex
2084 3396 2377 3459 naturali
2429 3394 2635 3458 debito
2688 3393 3078 3469 honestatis,

479 3482 558 3536 at
595 3472 745 3536 aliis
788 3473 1244 3540 delectabiliter
1284 3477 1577 3539 convivat
1596 3474 1645 3537 ⁶.
1692 3476 1868 3538 Hanc
1910 3478 2216 3539 virtutem
2260 3476 2687 3555 Hieronymus
2719 3473 2809 3536 Ne
2859 3474 3082 3536 otiano

481 3570 597 3617 suo
641 3556 829 3617 enixe
873 3555 1328 3618 commendans
1370 3557 1461 3618 sic
1504 3572 1643 3620 eam
1688 3557 2059 3634 descripsit:
2115 3555 2326 3619 Virtus
2384 3561 2482 3618 est
2542 3556 2697 3618 lenis
2726 3601 2744 3631 ,
2846 3556 3080 3631 landa,

484 3636 843 3716 tranquilla
884 3642 947 3697 et
983 3636 1256 3699 omnium
1299 3633 1595 3700 bonoram
1636 3645 1793 3718 apta
1834 3637 2148 3700 consortio
2170 3657 2197 3711 ‚·
2243 3637 2526 3701 invitans
2586 3636 2668 3699 ad
2726 3634 3080 3715 familiari·

540 3877 568 3982 ζ
603 3877 1021 4001 ξ’ῗιὲῗιέιιξιιιιηοθεῗιῗζ
1054 3878 1621 4000 sskssfflkffisssst'goess
1633 3876 1881 4011 tffifffvlff
1912 3876 2046 3991 glo.
2079 3967 2143 3979 —
2165 3938 2489 4012 Ptinamonti,
2511 3937 2573 4012 ,Il
2591 3937 2857 3997 direttore,
2887 3947 2937 3990 c.
2967 3947 3081 3989 xvi.

546 4006 569 4045 ⁸
603 4005 973 4062 castelvetere,
1044 4041 1055 4052 .
1086 4004 1136 4063 2,
1170 4015 1216 4054 c.
1251 4005 1299 4055 7.
1334 4028 1397 4040 —
1430 4001 1735 4056 Frassinetti
1790 4002 2078 4065 Rene-estant
2107 4003 2211 4061 aab
2242 3999 2590 4073 ecclesiastici.

545 4067 567 4105 ⁴
601 4067 761 4118 Eccli.
790 4075 882 4128 νη
916 4068 970 4115 et
1001 4015 1157 4116 ἕπον.
1189 4075 1341 4115 xvni.
1378 4064 1437 4116 ln
1470 4063 1668 4137 divinis
1703 4038 1849 4115 libris
1884 4063 2040 4125 plura
2073 4064 2339 4115 habentur
2370 4061 2437 4114 de
2471 4059 2708 4113 amicitia
2738 4071 2888 4112 vera.

546 4129 571 4171 Β
611 4131 667 4181 V.
706 4127 865 4179 Eccli.
899 4139 997 4190 xu,
1033 4127 1124 4179 ubi
1156 4124 1310 4178 dotes
1343 4126 1672 4178 liberalitatis
1707 4128 1990 4178 notantur.

547 4193 571 4232 ⁸
603 4195 655 4252 2,
686 4193 735 4249 2,
768 4202 821 4253 q.
857 4191 966 4252 124,
1002 4202 1048 4241 a.
1081 4194 1128 4243 Ξ.
1178 4187 1474 4240 Affabilitas
1510 4192 1640 4242 mire
1672 4188 1727 4240 in
1762 4188 1972 4239 Christo
2004 4186 2263 4248 elucebat,
2297 4186 2353 4237 ln
2388 4186 2543 4249 cujus
2574 4184 2735 4236 labiis
2763 4185 2841 4236 ita
2886 4184 3080 4236 diflusa

487 4256 600 4304 erat
632 4253 816 4315 gratia,
864 4255 928 4304 ut
979 4265 1154 4304 omnes
1202 4254 1530 4304 mirarentur
1579 4255 1635 4302 in
1684 4251 1850 4325 verbis
1880 4251 2081 4314 pralioe,
2134 4262 2247 4313 quoe
2290 4249 2632 4324 procedebant
2678 4249 2740 4298 dc
2784 4261 2876 4299 ore
2921 4247 3085 4311 ipsius

485 4315 854 4428 *¹⁴³⁰oli'50‘i‘
884 4315 1195 4439 alagise:
1208 4313 1912 4441 ⁰q¹²ta⁰slf³tnssaff⁰ffizstt
1926 4310 2613 4438 mamam?
2629 4309 3086 4444 έῗοὲἓεὲἕῖᾙίἓῑ

486 4449 586 4492 ron
630 4451 765 4497 mus,
801 4440 1147 4502 Nicephorus,
1182 4438 1500 4500 Bernartius,
1536 4437 1851 4489 Laurentius
1883 4436 2190 4496 lustiniani,
2224 4437 2355 4494 etc.;
2390 4436 2477 4487 vel
2510 4447 2581 4486 an
2614 4435 2765 4486 vultu
2800 4434 3081 4497 inglorius,

488 4503 551 4553 ut
617 4503 769 4551 ocent
803 4501 1072 4563 Origenes,
1103 4503 1353 4573 §lemens
1383 4500 1793 4560 Alexandrinus,
1824 4498 2071 4563 Cyn-illus,
2123 4485 2482 4550 Tertullianus
2546 4498 2899 4557 Augustinus,
2954 4497 3080 4557 etc„

487 4564 571 4616 vel
606 4565 790 4628 potius,
814 4566 939 4636 quid
978 4564 1156 4623 medii,
1191 4574 1380 4625 nempe
1415 4574 1586 4628 neque
1618 4561 1873 4615 deformis
1907 4572 2080 4625 neque
2113 4560 2334 4634 pulcher
2368 4534 2552 4633 nimis,
2588 4559 2682 4611 sed
2718 4559 2891 4610 torma
2939 4556 3091 4609 ordi-

483 4628 658 4685 naria,
693 4627 752 4675 ut
784 4624 1027 4686 pluribus
1063 4626 1291 4695 maxime
1324 4635 1390 4676 ex
1428 4625 1705 4677 modernis
1740 4624 1931 4687 placet.
1958 4648 2025 4662 —
2056 4623 2118 4676 V.
2154 4621 2331 4675 Bibbia
2353 4621 2406 4673 di
2435 4623 2629 4682 veum,
2652 4621 2861 4675 dissert.
2885 4621 2997 4673 vol.
3017 4631 3077 4675 v:

486 4691 654 4755 sopra
684 4689 736 4739 la
771 4687 991 4738 bellezza
1021 4690 1072 4739 di
1110 4689 1240 4739 Gesa
1273 4688 1457 4738 cristo.
