3292 5167
1333 205 1409 253 υε
1457 207 1597 253 rins
2628 183 2766 249 657

244 297 452 367 982.
490 305 562 385 Q.
595 306 657 373 8.
698 306 861 387 Quid
890 307 961 375 de
991 327 1058 376 eo
1099 310 1208 394 qui
1242 330 1371 377 non
1409 309 1572 398 ieyit‚
1602 308 1707 376 sed
1730 308 1906 375 audit
1932 308 2246 376 lectionem
2273 308 2416 375 libri
2459 307 2770 375 haeretici?

246 410 316 491 R,
367 411 791 481 probabilius
849 414 1087 499 Alesia,
1135 416 1435 500 AzoriuS,
1482 415 1678 486 Croix
1730 434 1880 484 cum
1929 417 2177 501 Sporer
2224 423 2289 483 et
2337 415 2480 483 aliis
2530 420 2771 499 negant

154 514 335 586 bunc
396 537 743 588 censuram
791 522 1164 607 incurrere,
1218 526 1270 593 si
1323 526 1577 595 socium
1638 520 1719 592 ad
1789 522 2138 609 legendum
2190 542 2321 592 non
2387 522 2769 593 induxerit3

154 625 311 708 quia
365 633 520 695 tunc
559 628 830 714 proprie
880 648 1011 698 non
1064 638 1282 717 potest
1332 632 1458 701 dici
1510 630 1691 718 quod
1739 631 1881 717 ipse
1945 630 2138 716 legat.
2186 628 2252 696 Si
2324 648 2481 698 vero
2546 629 2770 698 consi-

135 731 270 817 lio,
321 733 661 821 petitione,
712 739 812 808 vel
860 739 1169 811 mandato
1206 740 1287 809 ad
1320 740 1672 826 legendum
1716 737 2068 820 induxerit,
2103 745 2261 806 tunc
2294 723 2400 805 aiii
2439 757 2587 807 cum
2623 738 2768 806 Ala-

157 839 254 906 sia
304 850 368 908 et
410 843 738 928 Laymano
789 846 974 914 illum
1025 849 1349 917 affirmant
1399 854 1463 916 et
1514 854 1859 934 peccatum
1909 851 1972 914 et
2023 862 2371 914 censuram
2404 845 2765 927 incurrere3

158 948 274 1031 qui
323 948 500 1017 enim
547 950 700 1020 facit
750 971 869 1037 per
915 954 1117 1023 alium
1168 955 1343 1023 idem
1377 961 1479 1023 est
1517 971 1592 1022 ac
1632 953 1687 1021 si
1722 952 1965 1021 faceret
2003 970 2121 1037 per
2158 951 2473 1037 seipsum.
2521 954 2767 1021 Verum

157 1053 265 1120 alii
311 1057 556 1125 'merito
593 1060 1027 1143 probabiliter
1061 1079 1210 1129 cum
1245 1063 1550 1141 Navarro‚
1585 1059 1891 1127 Filiiucio
1918 1112 1935 1141 ,
1977 1060 2224 1143 Sporer
2257 1065 2323 1125 et
2355 1058 2506 1127 Viva
2550 1057 2768 1143 ipsum

158 1178 194 1226 a
244 1179 523 1257 censura
574 1176 891 1235 excusant
941 1168 1123 1252 (licet
1177 1186 1307 1235 non
1357 1185 1392 1234 a
1436 1167 2019 1253 peccato-ratione
2070 1163 2345 1250 periculi
2399 1162 2769 1249 perversio-

48 1357 56 1366 ·
161 1267 312 1354 nis),
363 1272 621 1342 etiamsi
670 1274 750 1342 ad
798 1275 1149 1361 legendum
1203 1273 1574 1345 induxerit.
1626 1277 1765 1343 [mo
1801 1281 1955 1343 sunt
1990 1273 2099 1359 qui
2136 1291 2287 1341 eum
2321 1272 2518 1340 etiam
2553 1289 2586 1338 a
2624 1288 2772 1356 pec-

159 1382 309 1445 cato
362 1390 702 1463 excusant,
751 1383 805 1451 si
857 1383 1110 1451 nullum
1163 1383 1388 1450 timeat
1439 1383 1810 1468 periculum
1857 1381 2301 1468 perversionis
2368 1379 2616 1464 (posito
2670 1385 2768 1445 ta-

158 1498 311 1551 men
365 1485 427 1553 in
479 1493 765 1575 utroque
814 1507 1007 1571 casu,
1060 1488 1239 1576 quod
1288 1489 1401 1557 ille
1452 1489 1564 1576 qui
1614 1488 1803 1574 legit,
1858 1486 2191 1555 licentiam
2260 1485 2528 1566 habeat3
2569 1502 2766 1553 secus

160 1588 482 1661 inducens
532 1604 833 1679 peccaret
906 1603 1134 1665 contra
1210 1594 1617 1680 charitatem,
1695 1601 1928 1681 utpote
2001 1593 2201 1661 alium
2262 1609 2627 1678 provocans
2678 1578 2772 1657 'ad

158 1706 384 1765 actum
432 1702 891 1788 prohibitum).
940 1702 1127 1771 Ratio
1164 1703 1314 1789 quia
1365 1721 1444 1770 ex
1481 1719 1608 1770 una
1652 1708 1834 1787 parte
1870 1700 2089 1768 nulius
2133 1708 2236 1767 est
2272 1698 2769 1785 praevaricatio-

161 1803 266 1873 nis
317 1805 546 1875 timor:
596 1827 674 1877 ex
723 1809 926 1877 altera
991 1809 1094 1878 lex
1144 1809 1610 1894 prohibitionis
1661 1807 1957 1893 loquitur
2002 1807 2219 1874 solum
2285 1804 2365 1873 de
2414 1806 2766 1890 tepentibus,

157 1912 593 1994 recinentibus,
641 1915 1174 2002 imprimentibus,
1225 1917 1323 1982 vel
1367 1914 1813 2001 quomodolibet
1879 1912 2375 1998 defendentibus-,-
2420 1929 2551 1979 non
2615 1928 2767 1980 vero

163 2017 462 2103 loquitur
506 2021 577 2088 de
621 2022 1014 2090 audientibus
1030 2047 1055 2101 ;
1106 2040 1320 2108 poenae
1374 2028 1596 2089 autem
1648 2038 1779 2088 non
1829 2017 2459 2087 sunt.extendendae
2496 2016 2577 2085 de
2612 2035 2770 2087 casu

162 2126 244 2193 ad
294 2146 519 2196 casum
566 2128 618 2196 ¹.
1956 2178 1963 2191 .

253 2234 466 2297 988.
515 2240 590 2318 Q.
639 2240 701 2305 9.
754 2238 918 2320 Quid
946 2237 1019 2305 de
1051 2238 1244 2320 libris,
1279 2258 1431 2323 quos
1461 2255 1862 2303 romanenses
1906 2235 2119 2302 dicunt
2152 2234 2367 2320 (vulqo
2404 2232 2772 2320 romanzi)‘l

254 2344 319 2411 R.
368 2346 599 2411 Narrat
644 2344 1056 2430 Nicephorus
1105 2343 1390 2431 primum
1440 2343 1764 2413 librorum
1813 2341 2315 2410 romanensium
2349 2341 2763 2409 inventorem

161 2439 367 2517 fuisse
414 2451 764 2536 quemdam
814 2451 1245 2521 Heliodorum
1279 2449 1669 2537 episcopum
1706 2450 2087 2519 Tricensem
2121 2449 2188 2517 in
2244 2448 2600 2531 Thessalia,
2656 2446 2767 2535 qui

162 2561 464 2642 tempore
511 2577 651 2627 suae
694 2558 1060 2646 juventutis
1110 2557 1306 2627 talem
1356 2557 1596 2626 librum
1664 2557 2095 2642 conscripsit,
2146 2556 2334 2643 cujus
2406 2542 2604 2624 lectio
2671 2555 2770 2621 fa-

165 2666 304 2733 cile
346 2673 607 2752 poterat
649 2667 926 2753 iuvenes
973 2666 1315 2752 impellere
1362 2665 1443 2733 ad
1506 2684 1766 2734 amores
1834 2664 2174 2734 exitiosos.
2225 2665 2528 2750 Synodus
2584 2652 2763 2731 'Pro-

162 2773 479 2856 vincialis,
531 2774 827 2859 periculo
876 2775 1165 2860 cognito,
1215 2774 1429 2859 legem
1479 2774 1800 2860 imposuit
1850 2772 2238 2856 Heliodoro,
2288 2779 2360 2840 ut
2422 2789 2594 2857 opus
2632 2778 2770 2839 tra-

163 2879 352 2948 deret
404 2882 710 2965 flammis,
762 2882 860 2950 vel
909 2881 1332 2968 Episcopatui
1389 2883 1817 2949 renuntiaret.
1870 2878 2039 2961 Quid
2087 2879 2237 2947 ille?
2283 2879 2513 2947 maluit
2560 2878 2769 2963 digni·

129 2990 281 3055 ,tati
334 2988 591 3071 cedere,
641 3007 840 3076 quam
888 3008 1058 3076 opus
1109 2988 1450 3057 destruere
1492 2988 2013 3074 superbissimus
2063 2987 2298 3055 bomot
2352 2985 2513 3067 Quia
2549 2994 2767 3053 tamen

169 3114 304 3165 non
355 3115 583 3166 omnes
634 3097 801 3181 libri,
853 3098 962 3183 qui
1015 3114 1255 3165 nomen
1306 3095 1483 3163 istud
1514 3095 2007 3181 praeseferunt,
2050 3094 2261 3189 gravis
2312 3092 2530 3161 damni
2598 3094 2769 3179 peri-

167 3206 392 3274 culum
442 3207 803 3288 continent,
855 3205 1009 3275 hinc
1058 3205 1189 3273 duo
1244 3223 1380 3292 prae
1432 3204 1642 3272 oculis
1694 3203 1993 3273 habenda
2042 3210 2239 3271 sunt:

352 3315 414 3380 1⁸
464 3316 583 3396 Qui
620 3320 1031 3401 componunt
1065 3314 1271 3383 libros
1307 3311 1591 3398 graviter
1621 3313 2001 3394 obscoenOS,
2037 3310 2409 3381 mortaliter
2444 3316 2764 3395 peccant3

169 3419 402 3489 multis
453 3418 627 3490 enim
676 3422 976 3508 praebent
1026 3420 1445 3491 occasionem
1495 3419 1703 3486 ruinae
1755 3418 2137 3505 spiritualis.
2188 3420 2353 3486 Item
2390 3416 2765 3486 mortaliter

168 3529 765 3616 peccant-librarii,
816 3529 926 3616 qui
976 3547 1094 3598 eos
1146 3529 1207 3597 in
1259 3528 1516 3597 officina
1565 3545 1684 3596 sua
1733 3525 2049 3606 detinent,
2101 3532 2443 3612 exponunt
2512 3534 2578 3594 et
2641 3544 2763 3593 oc-

168 3638 591 3707 currentibus
639 3637 950 3705 vendunt.
1001 3637 1237 3706 Libros
1287 3644 1511 3705 autem
1559 3636 1756 3723 hujus
1806 3636 2067 3721 generis
2102 3636 2297 3704 etiam
2333 3653 2429 3705 ex
2480 3635 2762 3718 levitate,

167 3748 556 3815 curiositate
593 3746 691 3815 vel
742 3744 1206 3814 recreationis
1242 3762 1436 3814 causa
1504 3744 1763 3829 legere,
1829 3752 1931 3813 est
1993 3744 2382 3828 regulariter
2440 3743 2762 3826 mortale3

168 3853 322 3939 quia
371 3872 452 3921 ex
500 3872 572 3921 se
621 3854 751 3920 nati
802 3859 957 3920 sunt
1005 3870 1243 3921 sensus
1294 3870 1711 3921 commovere
1760 3858 1826 3921 et
1875 3851 2173 3919 flammas
2206 3851 2496 3936 impuras
2535 3867 2764 3919 accen-

170 3961 349 4043 dere.
398 3963 529 4030 Eos
579 3961 851 4029 vocabat
921 3959 1236 4045 Origenes
1307 3960 1528 4028 calices
1597 3960 1937 4048 Babylonis
2004 3977 2238 4026 venena
2306 3958 2716 4044 propinantes
2739 3981 2762 4022 .-

129 4068 228 4136 ¹d.
278 4068 684 4154 Augustinus
732 4087 928 4134 ranas
964 4067 1353 4134 aseendmtes
1398 4066 1470 4133 de
1516 4087 1620 4135 ore
1667 4068 1886 4134 bestiae.
1936 4068 2017 4133 Et
2065 4063 2259 4150 Stapf
2309 4063 2432 4131 ait:
2480 4066 2600 4131 Per
2660 4076 2760 4133 ta-

168 4177 288 4243 tem
338 4177 650 4243 lectionem
693 4185 823 4243 tota
867 4168 1236 4259 imaqinatio
1283 4173 1690 4259 con-spurcari
1715 4225 1730 4253 ,
1780 4172 2022 4239 stimuli
2064 4171 2371 4238 animales
2438 4170 2723 4237 succendi
2741 4223 2757 4251 ,

164 4296 351 4369 atque
396 4283 584 4349 corda
628 4281 1004 4370 effoemiuata
1044 4280 1529 4367 perversissimis
1577 4279 1891 4366 affectibus
1923 4278 2117 4345 imbui
2145 4278 2359 4359 solent3
2398 4278 2587 4345 simul
2617 4297 2761 4345 vero

47 4394 54 4401 '
170 4391 379 4458 omnis
421 4391 761 4477 Reliqiouis
804 4408 1021 4457 sensus
1065 4380 1480 4474 eoetinquitur,
1527 4399 1583 4454 et
1629 4387 1760 4473 ipse
1802 4385 2144 4453 intellectus
2173 4404 2213 4451 a
2243 4386 2498 4453 veritate
2540 4386 2763 4453 ntisere

168 4498 580 4582 detorquetur.
632 4496 929 4567 Diximus
991 4495 1402 4585 reputat-iter,
1450 4494 1603 4580 quia
1673 4493 1983 4562 nolumus
2048 4493 2324 4563 definire
2394 4491 2761 4561 mortaliter

234 4660 254 4699 ¹
301 4658 356 4709 V.
393 4658 622 4722 Lignori,
661 4658 796 4723 Opus
829 4660 983 4724 Mor„
1020 4659 1057 4711 1.
1090 4670 1185 4720 vn,
1221 4668 1275 4709 n.
1312 4660 1423 4710 292.
