3292 5167
480 215 624 282 694
1186 234 1301 279 ιιιι.
1350 231 1416 277 ιι.
1464 232 1677 278 Τιυιιτ.
1727 228 1852 278 viu.
1898 231 2051 278 niso.
2098 228 2188 277 ιιι.
2235 230 2366 278 car.
2413 227 2456 275 1.

1192 519 1226 603 g
1281 518 1365 584 11.
1411 496 1500 564 —⁸
1547 518 1637 584 De
1684 515 2063 592 correctione
2105 515 2415 602 fraterna.

585 766 797 834 982.
850 770 923 850 Q.
976 770 1034 834 ί.
1089 767 1252 848 Quid
1294 777 1381 833 est
1427 766 1725 832 correctio
1777 765 2089 852 fraterna,
2135 776 2192 831 et
2236 783 2322 831 an
2363 771 2721 852 proecepta?

585 877 655 944 R.
700 872 798 942 Ad
850 877 919 940 1:
967 876 1285 942 Fraterna
1332 871 1662 941 correctio
1700 889 1822 941 seu
1874 869 2209 957 correptio
2245 871 2425 956 (quae
2461 871 2660 939 etiam
2694 870 2941 941 dicitur
2968 873 3104 960 spi-

492 982 755 1049 ritualis
826 981 1295 1062 misericordia)
1343 997 1424 1048 ex
1473 979 1536 1047 d.
1589 980 1841 1048 Thoma
1911 978 2262 1062 defin-itur:
2325 979 2666 1046 admonitio
2731 982 2966 1065 fratris
3033 982 3109 1050 dc

490 1089 917 1160 emendatione
947 1089 1308 1156 delictorum
1336 1089 1624 1173 fraterna
1654 1088 1957 1154 charitate
1981 1086 2318 1173 procedens
2356 1091 2406 1153 ¹.
2451 1086 2683 1154 Differt
2711 1093 2841 1154 tam
2875 1104 2914 1155 a
2949 1105 3104 1157 cor-

406 1239 417 1252 ·
493 1197 793 1267 rectione
833 1195 1148 1282 judiciali,
1199 1195 1352 1282 quia
1401 1185 1545 1263 h’aec
1593 1193 1668 1262 fit
1715 1195 2114 1262 auctoritate
2166 1193 2433 1278 publica
2480 1204 2684 1280 atque
2714 1194 2798 1262 ad
2846 1195 3102 1281 bonum

497 1321 885 1383 commune3
935 1319 1134 1388 quam
1182 1301 1380 1370 etiam
1429 1319 1464 1368 a
1513 1300 1936 1370 correctione
1989 1301 2282 1386 pater'na,
2334 1301 2488 1386 quia
2555 1301 2699 1370 haec
2747 1300 2823 1368 fit
2873 1308 3105 1369 aucto·

499 1411 694 1479 ritate
743 1409 1106 1496 superioris
1154 1407 1236 1476 ad
1283 1409 1535 1478 bonum
1586 1409 1914 1495 privatum
1965 1407 2161 1476 simui
2198 1416 2264 1477 et
2300 1410 2662 1494 publicum.
2695 1411 2850 1477 Istae
2897 1425 3105 1495 porro

498 1524 883 1603 competunt
935 1503 1442 1604 particularibus
1478 1518 1541 1584 in
1576 1535 1736 1586 suos
1774 1516 2099 1586 directos:
2136 1522 2365 1585 nostra
2407 1518 2727 1602 competit
2762 1515 3106 1600 omnibus,

510 1643 662 1694 cum
710 1624 962 1692 oriatur
1008 1643 1087 1693 ex
1137 1624 1384 1692 motivo
1433 1624 1794 1707 charitati8‚
1844 1641 1997 1709 quae
2048 1641 2280 1692 omnes
2329 1624 2598 1709 obligat.

589 1736 659 1803 R.
708 1731 805 1800 Ad
851 1735 926 1799 2:
976 1734 1193 1799 Datur
1232 1748 1457 1800 verum
1508 1738 1923 1816 praeceptum
1985 1732 2297 1800 fraternae
2370 1733 2804 1819 correctionis
2845 1745 2912 1805 et
2959 1738 3110 1824 qui-

498 1840 649 1910 dem
695 1840 820 1909 sub
868 1839 1065 1925 gravi,
1111 1839 1166 1908 si
1216 1845 1447 1925 agatur
1476 1837 1560 1907 de
1590 1837 1865 1908 materia
1911 1839 2125 1924 gravi,
2160 1857 2280 1908 seu
2311 1840 2571 1908 mortali
2624 1849 2919 1926 peccato,
2967 1861 3108 1929 quo

499 1947 841 2034 proximus
890 1954 1121 2015 noster
1168 1964 1321 2014 reus
1368 1947 1473 2014 sit.
1522 1945 1703 2014 Adeo
1755 1952 1826 2013 ut
1874 1946 2158 2031 graviter
2207 1955 2436 2032 peccet
2472 1948 2702 2034 quiex
2740 1949 2914 2017 futili
2951 1967 3101 2018 mo-

504 2056 635 2123 tivo
686 2053 934 2121 omittit
984 2061 1140 2122 tunc
1190 2053 1525 2140 corripere
1575 2053 1952 2139 proximum
2005 2072 2229 2137 suum,
2281 2055 2392 2123 ubi
2469 2064 2655 2139 putat
2712 2056 2899 2125 illum
2954 2074 3106 2127 esse

500 2162 1033 2232 emendaturum.

594 2270 1040 2338 probaturi:
1086 2272 1181 2337 Ex
1227 2272 1380 2336 Jare
1425 2269 1755 2347 naturali;
1827 2268 1985 2354 quia
2061 2267 2164 2337 lex
2237 2277 2491 2338 naturae
2557 2278 2680 2355 est,
2753 2289 2906 2357 quae
2980 2290 3105 2342 nos

507 2378 761 2464 obligat
809 2376 891 2445 ad
937 2375 1469 2446 subveniendum
1517 2375 1821 2462 proximo
1874 2376 2216 2463 indigenti.
2737 2433 2742 2438 .

680 2488 741 2553 2.
781 2486 877 2553 Ex
922 2488 1074 2552 Jare
1118 2485 1658 2572 divino-positivo,
1707 2482 1892 2570 quod
1933 2484 2175 2569 legitur
2229 2484 2296 2553 in
2343 2484 2737 2570 Evangelio:
2786 2486 2853 2554 Si
2896 2498 3103 2568 autem

498 2594 854 2682 peccaverit
901 2598 967 2661 in
1012 2605 1068 2660 te
1112 2594 1313 2678 frater
1356 2604 1521 2674 tuus,
1585 2591 1742 2659 vade
1787 2602 1844 2659 et
1888 2594 2133 2678 corripe
2209 2609 2350 2658 eum
2387 2596 2439 2658 Ξ.
2488 2592 2756 2660 Dicitur
2798 2594 2867 2661 in
2911 2606 2988 2677 te,
3038 2591 3103 2660 id

506 2707 608 2770 est
653 2713 872 2769 contra
915 2712 1008 2767 te:
1060 2699 1171 2768 ubi
1220 2700 1344 2768 sub
1385 2698 1641 2785 injuriis
1718 2697 1910 2776 nobi-s
1956 2698 2158 2766 illatis
2216 2699 2415 2767 etiam
2466 2707 2736 2784 peccata
2803 2702 2870 2768 in
2939 2699 3104 2771 alios

507 2807 1000 2894 intelliguntur3
1049 2801 1214 2875 alios
1261 2806 1437 2875 enim
1487 2806 1730 2875 habere
1778 2805 2096 2878 debemus
2143 2806 2317 2876 sicut
2364 2826 2487 2876 nos
2545 2809 2748 2894 ipsos.
2796 2809 3104 2877 Christus

508 2920 727 2982 tamen
776 2912 1074 2981 meminit
1118 2912 1328 2982 solius
1379 2913 1630 2997 peccati
1669 2918 1897 2980 contra
1934 2931 2076 2995 nos,
2112 2919 2186 2981 ut
2222 2912 2575 2982 vindictam
2615 2914 2949 2998 fraenaret,
2983 2913 3108 2981 illi-

509 3040 640 3109 que
709 3020 1096 3089 charitatem
1167 3027 1568 3105 surrogaret‚
1618 3038 1700 3089 ex
1748 3037 1959 3106 eaque
2007 3020 2522 3106 correptionem,
2573 3021 2764 3108 quasi
2817 3021 3104 3093 diceret:

508 3130 564 3200 si
611 3130 813 3198 frater
860 3137 1013 3198 tuus
1062 3128 1401 3215 quidpiam
1449 3135 1679 3196 contra
1729 3134 1794 3197 te
1837 3128 2192 3211 commisit,
2243 3127 2376 3197 noli
2430 3129 2498 3198 id
2543 3148 2623 3198 ox
2673 3130 2916 3216 spiritu
2986 3133 3104 3203 irae

510 3235 853 3325 publicare
897 3244 961 3304 et
1011 3235 1340 3304 vindicare
1356 3262 1374 3318 ;
1425 3234 1544 3304 sed
1592 3235 1775 3322 prius
1831 3241 2138 3303 amanter
2185 3240 2250 3303 et
2300 3242 2557 3306 secrete
2624 3254 2778 3304 eum
2842 3239 3107 3327 corripe

507 3342 691 3429 Juxta
740 3342 900 3410 illud
947 3343 1188 3412 etiamr
1228 3342 1471 3429 corripe
1508 3342 1879 3429 proximum
1924 3354 2259 3427 antequam
2311 3343 2709 3410 commineris
2742 3345 2793 3409 ².
2851 3344 3112 3415 Dicitur

512 3451 713 3536 frater
755 3463 916 3534 ιααε,
966 3449 1033 3518 id
1080 3455 1181 3518 est
1230 3449 1445 3518 omnis
1494 3448 1708 3518 fidelis
1756 3456 1869 3517 aut
1918 3448 2362 3530 christianus;
2435 3448 2589 3517 licet
2658 3450 2840 3518 enim
2909 3453 3107 3521 etiam

516 3541 914 3643 'quandoque
963 3554 1260 3625 infideles
1308 3555 1679 3642 corrigendi
1729 3554 1885 3644 sin-t,
1934 3571 2086 3623 cum
2136 3553 2265 3624 boc
2313 3554 2673 3642 unicuique
2720 3557 3104 3627 mandatnm

515 3663 635 3747 sit;
675 3662 977 3736 Christus
1012 3670 1231 3731 tamen
1266 3662 1373 3730 hic
1406 3660 1713 3732 meminit
1753 3668 2011 3730 tantum
2049 3660 2301 3744 fideleS,
2338 3678 2489 3730 cum
2525 3662 2589 3728 in
2636 3681 2715 3731 eo
2755 3663 2908 3733 loco
2960 3673 3109 3752 agat

515 3769 599 3841 de
645 3778 975 3858 potestate
1013 3788 1152 3839 suae
1186 3770 1501 3838 Ecclesiae
1537 3769 1602 3837 in
1635 3767 1929 3838 discolos
1981 3767 2353 3855 puniend03
2393 3777 2459 3836 at
2490 3766 2786 3838 Ecclesia
2835 3771 3108 3842 nonnisi

517 3877 748 3949 fideles
794 3878 1101 3949 subditos
1141 3877 1399 3964 iudicat
1451 3883 1517 3947 et
1567 3876 1782 3964 punit.

580 4171 605 4212 ²
638 4146 817 4224 Matui’.
848 4183 1001 4222 xvm.
1039 4121 1182 4221 -'-qV
1232 4169 1464 4234 Lignori,
1496 4170 1660 4220 Homo
1697 4167 1895 4232 apost„
1939 4170 2090 4233 tract,
2126 4181 2186 4233 ιι,
2219 4180 2275 4220 ιι.
2307 4168 2357 4218 3.
2551 4230 2561 4240 ·

584 4237 607 4274 ⁸
640 4235 880 4285 Ecclirx.
918 4232 1046 4298 Quae
1076 4230 1327 4295 obligatio
1360 4233 1441 4296 (ut
1472 4234 1658 4281 contra
1692 4232 1760 4284 Sa
1791 4235 1845 4283 et
1876 4233 2014 4284 alios
2075 4231 2267 4284 merito
2303 4226 2633 4292 probabilius
2665 4232 2846 4284 tenent
2881 4234 3112 4295 LessiuS,

524 4296 739 4360 suarez,
774 4296 1055 4355 salmam„
1091 4295 1382 4357 Tournely,
1414 4294 1558 4354 etc.)‚
1594 4297 1766 4357 urget,
1799 4293 2010 4347 etiamsi
2044 4295 2097 4349 in
2129 4294 2294 4347 fratre
2323 4301 2434 4342 non
2468 4292 2751 4346 emendato
2803 4294 2945 4349 absit
2976 4296 3107 4359 perl-

522 4360 703 4411 culum
735 4359 1013 4420 micipsae:
1047 4357 1175 4421 quia
1206 4357 1368 4408 trater
1400 4356 1454 4406 in
1483 4357 1701 4468 peccato
1732 4358 2060 4409 constitutus
2090 4357 2202 4422 jam
2236 4364 2450 4420 gravem
2484 4355 2682 4417 patitur
2715 4358 3114 4419 necessitatem,
3189 4401 3196 4410 .

523 4432 556 4472 a
587 4417 2232 4554 quguqugggpezutgggfflrbginffitegrfflfflnlggifiogghstatem5
2266 4487 2378 4528 non
2410 4478 2588 4530 tamen
2639 4479 2806 4554 illam·
2843 4481 3108 4542 virtutem,

523 4540 712 4596 contra
743 4553 907 4605 quam
941 4545 1122 4606 peccat
1150 4543 1310 4595 frater
1343 4553 1375 4594 a
1406 4539 1563 4594 nobis
1598 4552 1709 4592 non
1743 4545 2038 4606 correcto-33
2109 4554 2199 4595 uia
2231 4540 2456 4592 omissio
2491 4543 2837 4594 correctionis
2873 4551 2984 4596 non
3031 4544 3114 4596 eet

520 4615 699 4667 neque
729 4615 893 4655 causa
924 4615 1096 4667 neque
1124 4605 1339 4656 occasio
1370 4603 1517 4655 inam
1542 4602 1784 4655 laedendi.
1844 4602 1968 4657 ideo
2124 4605 2196 4656 cit
2225 4601 2464 4654 confiteri
2494 4603 2838 4658 correctionis
2869 4606 3110 4660 omissio·

517 4678 667 4728 nem,
703 4665 833 4730 quin
865 4667 1143 4729 peccatum
1175 4666 1486 4729 explicetur,
1518 4665 1575 4716 in
1607 4675 1717 4728 quo
1750 4666 1914 4719 frater
1944 4667 2216 4724 correctus
2246 4674 2354 4716 non
2389 4663 2507 4715 tuit.
