3292 5167
1242 235 1324 282 nt
1370 235 1709 285 omnin-rs
2643 218 2774 285 685

179 331 360 404 fectu
408 332 749 422 diligendi.
799 333 1070 422 Legitur
1116 336 1293 412 enim
1342 337 1407 408 in
1454 341 1843 427 Evangelio:
1878 341 2132 429 Diliyite
2175 340 2463 412 inimicos
2495 351 2769 409 vestros.-

180 439 512 527 benesacite
556 443 652 509 his
696 443 805 528 qui
872 442 1133 513 oderunt
1201 465 1329 529 vos,
1377 458 1436 514 et
1482 460 1655 515 orate
1731 467 1856 535 pro
1924 448 2429 536 persequentibus
2489 458 2546 514 et
2605 448 2781 515 calu-

180 548 569 616 mniantibus
611 569 720 616 vos
766 544 816 616 ¹.
867 550 1032 619 Hinc
1079 551 1517 638 Augustinus:
1566 555 1879 621 Dominus
1923 556 1992 622 in
2027 554 2365 642 Evanyelio
2397 565 2462 621 ut
2493 554 2781 622 inimicos

181 653 440 742 diligere
485 656 825 740 debeamus,
872 678 1000 725 non
1046 657 1208 727 dedit
1280 661 1628 744 consilium,
1681 661 1786 728 sed
1843 673 2240 748 proeceptum.
2289 662 2370 729 Et
2417 678 2600 729 sane:
2652 658 2776 726 ini—

180 759 338 831 mici
385 770 542 860 sun-t
611 762 827 834 adhuc
875 765 1157 851 proximi
1220 768 1433 836 nostri
1502 775 1566 838 et
1611 768 2049 837 beatitudinis
2122 773 2404 837 aeternn
2464 784 2769 854 capaces:

184 885 351 954 ergo
401 878 557 938 sunt
626 870 964 957 diligendi.
1014 876 1148 942 Hac
1198 873 1280 944 de
1328 893 1399 944 re
1448 875 1571 943 tria
1619 877 1974 945 babemus:
2019 887 2397 963 praeceptum
2443 874 2508 942 in
2558 872 2772 943 citatis

184 977 441 1060 verbis;
478 980 831 1066 exemplum
867 980 1048 1068 quod
1096 983 1288 1051 nobis
1322 982 1503 1051 dedit
1529 983 1862 1066 Christus;
1895 985 2475 1066 remuneratiorem,
2509 982 2563 1051 si
2597 982 2772 1051 enim

182 1086 495 1180 proximo
530 1087 973 1172 ·remittimuS,
1022 1095 1088 1159 et
1135 1091 1318 1159 Deus
1369 1092 1665 1160 remittet
1714 1091 1908 1160 nobis
1933 1090 2008 1186 0².

274 1192 464 1275 Quod
512 1203 920 1282 praeceptum
968 1203 1295 1284 quatenus
1344 1200 1719 1285 negati-vum
1766 1199 2014 1285 obligat
2047 1215 2312 1284 semper
2347 1202 2412 1266 et
2449 1214 2567 1282 pro
2601 1214 2775 1265 sem-

179 1317 335 1386 per,
384 1299 473 1367 ita
524 1309 594 1370 ut
658 1307 994 1391 nunquam
1042 1304 1238 1374 liceat
1290 1304 1444 1375 odio
1499 1307 1813 1395 prosequi
1864 1306 2227 1375 inimicum.
2281 1306 2618 1385 Quatenus
2682 1301 2775 1369 al-

181 1407 582 1478 firmativum
632 1410 878 1497 obligat
929 1411 1010 1481 ad
1058 1413 1410 1499 positivam
1459 1414 1985 1484 benevolentiam
2035 1422 2100 1484 et
2148 1420 2487 1483 externam
2537 1409 2778 1480 benefi-
2820 1463 2828 1474 .

182 1515 465 1585 centiam
519 1537 638 1605 pro
689 1519 942 1588 ratione
991 1521 1428 1606 necessitatis,
1499 1523 1566 1590 in
1641 1541 1768 1610 qua
1839 1533 2140 1591 versatur
2216 1521 2542 1589 inimicus.
2623 1519 2778 1587 Haec

182 1613 423 1691 omnia'
452 1624 765 1711 importat
813 1625 1110 1696 divinum
1159 1618 1607 1717 praeceptum:
1659 1631 1915 1716 diliqite,
1964 1630 2311 1718 benefacite,
2359 1639 2556 1695 orate.

272 1726 458 1799 971.
510 1736 580 1813 Q.
629 1736 691 1801 6.
743 1735 863 1815 Qui
907 1735 1059 1803 ordo
1101 1739 1445 1805 servandus
1496 1738 1564 1805 in
1608 1739 2111 1806 reconciliatione
2155 1737 2603 1805 inimicorum?

275 1841 344 1906 R.
394 1839 459 1906 Si
511 1859 591 1909 ex
626 1858 754 1909 una
806 1847 1062 1912 tantum
1113 1851 1294 1930 parte
1343 1846 1786 1915 interfuerunt
1834 1846 2258 1929 offensioneS,
2309 1853 2468 1912 tunc
2517 1841 2626 1927 qui
2682 1839 2776 1906 al-

183 1952 403 2014 terum
447 1947 658 2033 signo,
713 1951 913 2019 verbo
963 1952 1061 2019 vel
1112 1951 1283 2022 facto
1332 1954 1622 2023 exterius
1673 1954 1966 2038 offendit,
2015 1960 2281 2022 tenetur
2315 1949 2780 2018 remissionem

183 2052 457 2122 offensae
507 2057 798 2126 exterius
848 2065 1073 2144 petere
1122 2078 1239 2146 per
1280 2080 1351 2130 se
1399 2063 1498 2131 vel
1551 2081 1668 2147 per
1714 2063 1915 2131 alium
1945 2116 1962 2146 ,
2029 2068 2094 2132 et
2166 2058 2487 2129 resarcire
2547 2055 2804 2122 damna·

185 2160 341 2231 inde
386 2170 656 2245 secuta3
706 2182 857 2233 nam
905 2184 1038 2253 quo
1088 2168 1285 2237 modo
1335 2168 1617 2238 charitas
1666 2169 2000 2239 destructa
2063 2176 2207 2253 est,
2280 2166 2516 2237 eodem
2590 2179 2778 2249 repa-

186 2269 317 2336 rari
364 2269 587 2340 debet.
634 2275 877 2360 Excipe
918 2274 1039 2343 nisi
1094 2275 1383 2361 legitime
1430 2286 1820 2361 excusetur,
1886 2286 1955 2346 ut
2002 2280 2055 2346 si
2107 2275 2385 2346 offensio
2461 2291 2592 2340 non
2664 2269 2783 2336 fuit

189 2377 424 2463 graviS,
474 2378 573 2447 vel
622 2380 915 2449 offensor
959 2382 1155 2468 longe
1202 2384 1509 2471 superior
1555 2385 1687 2469 sit,
1738 2386 1837 2454 vel
1887 2386 2181 2454 offensus
2232 2377 2438 2453 ve‘uiae
2515 2376 2780 2465 petitio-

187 2501 343 2552 nem
394 2504 527 2554 non
567 2493 773 2570 curet,
826 2489 925 2557 vel
972 2488 1095 2558 alia
1144 2491 1398 2560 ratione
1445 2500 1797 2561 censeatur
1827 2493 2222 2586 satistjactus.
2248 2527 2334 2539 --
2385 2488 2452 2557 Si
2489 2504 2641 2554 vero
2674 2485 2783 2551 'in—

183 2590 380 2676 Juriae
433 2611 511 2660 ex
560 2601 840 2681 utraque
889 2602 1073 2682 parte
1121 2596 1363 2666 fuerint
1423 2601 1766 2668 moraliter
1830 2600 2121 2687 aequales
2191 2605 2258 2667 et
2326 2593 2785 2672 simultaneae,

191 2702 475 2783 uterque
522 2699 831 2769 inimicus
882 2710 1166 2786 tenetur,
1217 2704 1363 2772 data
1413 2679 1787 2790 occasione,
1828 2704 2441 2776 reconciliationem
2476 2699 2787 2771 inchoare

189 2822 315 2891 per
361 2806 849 2892 salutationem,
900 2810 1329 2896 colloquium,
1378 2813 1854 2899 invitationem,
1901 2822 2025 2884 etc.
2074 2812 2259 2883 Unde
2306 2812 2395 2879 ait
2442 2805 2778 2894 Ferraris:

194 2914 586 2981 Generaliter
646 2916 943 3001 loquendo
990 2917 1153 2984 inter
1195 2921 1463 3005 oequales
1507 2922 1563 2988 is
1609 2922 1774 2989 debet
1815 2923 1999 3010 prius
2042 2921 2322 2990 salutare
2392 2930 2447 2986 et
2508 2913 2783 2999 alloqui,

188 3021 300 3105 qui
337 3040 549 3104 coram
591 3023 720 3089 alio
763 3035 964 3092 stante
1007 3027 1103 3094 vel
1144 3026 1382 3096 sedente
1427 3032 1676 3112 transit,
1723 3032 1818 3096 vel
1862 3030 1936 3096 de
1980 3047 2139 3097 novo
2170 3026 2407 3095 accedit
2442 3031 2490 3091 3.
2542 3024 2609 3092 Si
2652 3028 2789 3088 tan-

195 3126 347 3195 dem
396 3129 568 3196 inter
616 3129 784 3200 duos
833 3132 1220 3220 offensoreS,
1263 3156 1431 3205 unus
1479 3138 1607 3206 alio
1658 3138 1916 3222 gravior
1978 3137 2076 3206 vel
2112 3136 2297 3224 prior
2327 3131 2618 3213 offendit,
2645 3130 2787 3215 ipse

190 3241 461 3303 tenetur
504 3237 726 3323 priora
773 3241 1329 3312 reconciliationis
1389 3244 1572 3330 signa
1643 3244 1830 3313 alteri
1899 3244 2239 3326 exhibere,
2338 3241 2506 3346 quin·
2571 3244 2789 3305 tamen

193 3341 362 3410 alter
408 3342 831 3430 dispensetur
877 3365 911 3415 a
960 3351 1337 3419 communia
1386 3351 1574 3436 signa
1624 3350 1864 3420 dando.
1917 3354 2225 3422 Ceterum
2276 3350 2397 3417 bac
2430 3332 2511 3416 de
2549 3363 2619 3414 re
2668 3343 2789 3412 cir-

193 3452 643 3520 cumstantiae
660 3456 1039 3539 spectandae
1094 3466 1271 3527 sunt

283 3553 482 3627 9¹22,
534 3562 604 3641 Q
654 3563 743 3629 7.
730 3565 1069 3650 Quaenam
1113 3566 1456 3635 dilectionis
1499 3568 1706 3656 siqua,
1754 3569 2028 3636 inimicis
2076 3567 2418 3635 debentur?

286 3668 357 3735 R.
406 3667 603 3753 Signa
650 3667 1024 3740 dilectionis
1072 3672 1195 3740 alia
1241 3680 1396 3742 sunt
1445 3676 1822 3745 communia
1881 3685 1947 3745 et
2009 3674 2135 3743 alia
2199 3671 2564 3761 specialia·
2607 3670 2789 3737 Com-

186 3776 435 3857 munia,
484 3792 632 3862 quae
681 3777 1122 3848 communiter
1167 3781 1475 3850 omnibus
1534 3782 1834 3869 eJusdem
1906 3781 2309 3853 conditionis
2370 3778 2452 3846 ad
2514 3775 2792 3843 invicem

195 3882 615 3965 exhibentur,
667 3903 785 3954 seu
835 3903 984 3972 quae
1033 3887 1393 3957 christiano
1444 3908 1479 3956 a
1527 3892 1763 3976 quovis
1812 3891 2198 3972 christiano,
2249 3885 2500 3958 concivi
2552 3901 2586 3949 a
2636 3898 2788 3950 con·

198 3990 361 4072 cive,
398 3991 651 4076 parenti
698 4009 732 4059 a
780 4000 1071 4079 parente,
1121 3983 1395 4081 pauperi
1443 4014 1477 4062 a
1525 3996 1746 4080 divite,
1795 3997 2122 4085 superiori
2171 4014 2207 4064 a
2257 3992 2530 4063 subdito
2579 3996 2643 4057 et
2695 3986 2790 4053 vi-

195 4098 425 4168 cissim
467 4099 767 4185 praestari
815 4100 1074 4182 solent,
1126 4100 1218 4169 uti
1267 4109 1425 4173 sunt
1471 4121 1858 4174 communes
1907 4104 2286 4185 orationes,
2350 4101 2789 4182 eleemosynae

204 4223 644 4291 communes„
696 4215 819 4277 etc.
868 4210 1211 4297 Specialia,
1270 4228 1420 4297 quae
1486 4210 1886 4283 exhibentur
1936 4211 2419 4300 particulariter
2463 4205 2796 4293 aliquibus

195 4314 515 4400 personis
563 4315 818 4384 ratione
865 4315 1209 4402 cujtisdam
1257 4317 1658 4388 conditionis
1714 4336 1834 4388 seu
1903 4317 2210 4387 amicitiae
2279 4323 2392 4384 aut
2461 4309 2794 4383 familiari-

269 4543 1406 4611 1nattn.v..—V1,tguor1,ousnor.,
1442 4551 1572 4611 lu
1606 4560 1700 4602 nn
1734 4548 2005 4620 asetseq
2327 4546 2675 4600 'Mattbffvi

268 4610 291 4645 ⁸
325 4606 635 4660 Bibliotheca
687 4612 937 4662 canonica
968 4612 1066 4664 etc.
1106 4562 1167 4664 ὅ.
1210 4613 1403 4673 Virtus,
1438 4624 1494 4664 n.
1527 4586 1574 4666 2⁹.
1607 4637 1674 4650 -
1708 4613 1796 4662 Ma
1822 4610 1915 4674 piu
1945 4559 2080 4665 υοῗεε
2110 4623 2214 4663 non
2247 4611 2404 4663 riom
2455 4611 2542 4662 che
2591 4623 2690 4673 per
2743 4611 2797 4662 ta

220 4669 541 4722 medioximae
570 4669 793 4724 d'alcuni
821 4674 1000 4737 amici,
1032 4675 1121 4727 che
1152 4675 1311 4727 molto
1336 4687 1558 4739 possano
1589 4676 1674 4729 sut
1710 4621 1858 4726 torop
1857 4675 2051 4727 animo.
2088 4674 2334 4728 Gousset.
