3292 5167
659 237 740 287 nu
788 238 1219 302 ocenum-lonc,
1269 226 1628 289 accusstorts
1675 243 1753 289 m·
1800 242 2162 289 mammons
2590 222 2723 290 223

225 341 338 412 Alii
379 341 570 412 valde
613 345 1035 414 communius
1084 350 1360 414 censent
1409 362 1561 414 cum
1608 363 1661 414 3.
1709 346 2072 429 Antonino,
2112 346 2379 430 Habert,
2415 345 2712 430 Billuart,

149 450 355 532 cenet,
406 451 734 536 Lyonnet,
781 451 1022 538 Sylvio,
1074 470 1215 521 rem
1264 451 1591 538 perditam
1638 449 1884 521 debere
1933 452 2196 540 elargiri
2243 453 2308 522 in
2346 472 2508 523 usus
2544 454 2721 539 pios;

161 557 282 645 quia
324 558 760 644 praesumitur
805 558 1110 628 voluntas
1159 557 1409 628 domini
1461 577 1630 642 esse,
1682 558 1864 645 quod
1910 558 1969 627 si
2010 559 2154 646 ipse
2201 578 2341 630 rem
2407 561 2721 630 amissam

168 667 365 734 hahere
412 674 729 754 nequeat,
778 666 1015 736 saltem
1054 687 1173 755 pro
1211 669 1429 737 anima
1462 686 1582 737 sua
1635 674 1968 753 erogetur.
2000 667 2198 749 ,Adde
2268 670 2724 737 catechismum

167 778 467 842 minanam
541 782 609 843 et
657 794 711 844 3.
761 775 1075 845 Carolum
1128 776 1189 844 in
1245 776 1542 846 Concilio
1592 774 2068 845 Mediolanensi
2118 777 2220 860 lv,
2257 793 2291 843 a
2332 776 2576 861 quibus
2617 793 2724 861 ge·
2787 777 2792 780 “

168 879 394 950 neratim
444 882 777 951 statuitur
822 883 995 953 bona
1068 884 1331 953 inventa
1380 883 1449 952 in
1498 882 1646 970 pios
1696 901 1859 952 usus
1907 882 2392 952 distribuenda.
2442 885 2524 951 Et
2573 883 2722 951 tatis

165 988 371 1057 videtur
415 989 730 1060 fidetium
775 991 1159 1078 persuasio:
1213 990 1388 1061 unde
1426 992 1737 1061 inventor
1786 1007 1923 1060 nou
1974 997 2199 1077 potest
2233 1008 2308 1058 ea
2343 990 2469 1059 sibi
2505 988 2722 1076 appli-

160 1111 289 1176 care,
335 1095 459 1164 nisi
510 1097 605 1165 sit
653 1115 804 1166 vere
853 1116 1120 1184 pauper.
1173 1101 1311 1166 Hoc
1361 1116 1596 1167 omnes
1645 1097 1917 1185 quidem
1968 1095 2350 1179 admittunt,
2404 1096 2459 1166 si
2497 1098 2724 1165 inven-

160 1211 240 1269 tor
262 1202 684 1289 culpabiliter
720 1205 1020 1274 omiserit
1054 1205 1464 1292 diligentiam
1499 1206 1579 1274 ad
1627 1205 1973 1275 deminum
2021 1205 2489 1276 inveniendum
2505 1231 2523 1288 ;
2564 1212 2722 1274 tunc

156 1309 393 1379 habetur
440 1319 516 1379 ut
572 1332 931 1399 possessor
976 1316 1167 1408 malae
1218 1314 1371 1384 fidei
1421 1335 1540 1384 seu
1610 1316 1735 1399 fur,
1787 1315 1899 1402 qui
1967 1334 2108 1384 rem
2159 1314 2563 1401 pauperibus
2612 1312 2724 1383 de-

157 1419 257 1503 bet,
297 1419 349 1488 si
397 1438 549 1489 eam
603 1420 875 1492 domino
929 1424 1283 1493 restituere
1335 1442 1468 1493 non
1518 1424 1748 1494 valeat.

220 1527 323 1595 Alii
373 1527 647 1597 tandem
696 1530 793 1598 sic
841 1532 1059 1600 verius
1109 1530 1532 1617 distinguunt
1581 1548 1734 1599 cum
1782 1532 2003 1615 Croix,
2052 1529 2263 1613 Elbel,
2301 1531 2500 1616 Gury,
2536 1533 2719 1616 Lugo

153 1642 203 1702 et
239 1635 293 1703 d.
338 1637 635 1706 Thema:
685 1639 740 1706 si
791 1638 986 1708 etiam
1034 1647 1190 1726 post
1229 1639 1590 1708 adhibitam
1640 1639 2048 1725 diligentiam
2120 1637 2338 1725 aliqua
2408 1644 2719 1725 appareat

150 1762 273 1829 spes
298 1741 697 1813 'inveniendi
749 1746 1113 1830 dominum,
1161 1766 1270 1816 res
1321 1746 1769 1815 conservanda
1819 1754 1920 1814 est
1984 1752 2095 1814 aut
2176 1747 2320 1834 ejus
2394 1746 2717 1833 pretium:

152 1858 206 1919 et
256 1851 300 1918 si
347 1858 671 1920 neutrum
720 1853 967 1922 servari
1016 1860 1258 1940 potest,
1310 1853 1507 1923 debet
1556 1854 1866 1922 distribui
1919 1854 2345 1940 pauperibuS,
2399 1852 2556 1939 quia
2607 1852 2719 1920 tali

150 1977 247 2045 spe
298 1959 600 2043 durante,
676 1959 986 2030 dominus
1036 1962 1234 2031 babet
1282 1961 1651 2031 dominium
1701 1962 1827 2044 rei3
1877 1962 2024 2030 ideo
2076 1961 2184 2029 illa
2259 1957 2718 2029 distribuenda

152 2072 239 2134 est
269 2065 436 2149 juxta
486 2067 643 2152 eJus
694 2075 1177 2155 praesumptam
1251 2069 1658 2138 voluntatem
1707 2063 1729 2107 ¹
1784 2070 1879 2155 (et
1950 2070 2076 2138 boc
2147 2086 2353 2136 sensu
2432 2073 2717 2154 possunt

154 2174 417 2258 explicari
471 2176 746 2261 obJecta
816 2176 1244 2264 testimonia).
1296 2177 1362 2245 Si
1414 2195 1450 2245 e
1490 2194 1813 2246 converso
1864 2195 1971 2245 res
2021 2176 2364 2263 (spectatis
2439 2175 2718 2244 circum—

154 2282 368 2351 stantiis
413 2284 770 2369 temporis,
819 2284 1172 2370 distantiae,
1224 2287 1373 2368 loci,
1423 2286 1521 2356 vel
1585 2285 2144 2372 impossibilitatis
2241 2282 2715 2369 recognitionis

158 2391 243 2472 rei,
271 2398 331 2458 ut
365 2391 614 2460 accidit
667 2393 735 2460 in
786 2394 1074 2463 nummis
1125 2393 1505 2481 ordinariis)
1540 2412 1673 2462 non
1708 2394 1795 2462 sit
1829 2392 2112 2479 amplius
2147 2391 2490 2478 possibile,
2536 2388 2717 2477 quod

155 2497 217 2565 ad
267 2497 602 2567 dominum
654 2498 945 2584 reddeat,
992 2500 1172 2569 illam
1222 2509 1444 2588 potest
1492 2502 1798 2570 inventor
1865 2500 1990 2569 sibi
2055 2500 2362 2582 retinere,
2435 2516 2584 2566 cum
2633 2496 2719 2564 sit

158 2606 391 2675 nultius:
436 2615 505 2676 et
557 2608 613 2675 si
667 2624 825 2676 casu
876 2615 1107 2695 postea
1143 2608 1450 2678 dominus
1486 2615 1888 2695 compareat,
1928 2607 2088 2675 nihi!
2125 2607 2181 2675 ei
2219 2606 2519 2688 debetur,
2564 2622 2715 2673 cum
2797 2647 2806 2655 -

152 2714 397 2783 amiserit
447 2734 657 2785 omne
695 2715 810 2801 J'us
860 2713 996 2801 (F).

924 3010 1256 3079 οΑΡυτ
1308 3009 1895 3101 ,εεουΝουΜ

813 3180 909 3236 ns
946 3178 1382 3239 AccesstoNE
1422 3179 1513 3237 Εἰ·
1549 3133 2013 3237 rnam'rloNE.

216 3392 396 3460 827.
445 3394 768 3465 Accessio
819 3403 918 3464 est
967 3395 1077 3465 iiie
1125 3395 1497 3465 dominium
1544 3394 1930 3482 acquirendi
1983 3393 2242 3477 modus,
2275 3412 2396 3479 quo
2428 3404 2713 3460 nostrum

146 3498 197 3580 fit
230 3502 373 3584 quod
414 3505 514 3570 vel
561 3504 747 3571 rebus
780 3505 924 3590 jam
967 3503 1199 3571 nostris
1246 3505 1639 3591 adjunqitur‚
1712 3504 1807 3572 vel
1877 3505 1953 3571 ab
2024 3503 2181 3590 ipsis
2248 3503 2430 3568 rebus
2474 3502 2714 3568 nostris

148 3608 466 3690 producitur
511 3613 646 3678 sive
690 3612 763 3677 de
808 3612 1124 3679 industria
1168 3614 1297 3680 sive
1342 3615 1481 3700 ipsa
1526 3613 1627 3679 sui
1675 3623 1929 3692 natura,
1978 3623 2111 3678 tam
2156 3628 2258 3676 res
2292 3609 2425 3676 itlae
2464 3608 2713 3674 mobiles

151 3713 261 3795 siut,
300 3736 485 3801 quam
534 3718 897 3785 immobiles.
945 3720 1092 3787 Duo
1142 3718 1346 3804 igitur
1376 3726 1531 3787 sunt
1570 3736 1811 3803 genera
1846 3717 2342 3786 accessionum.
2396 3732 2501 3783 res
2535 3714 2713 3781 enim

152 3836 253 3888 una
290 3826 381 3892 vei
431 3826 518 3894 ab
571 3826 778 3893 altera
828 3824 1248 3911 producitur,
1299 3826 1399 3895 vel
1449 3827 1637 3895 alteri
1687 3826 2068 3913 adJungitur
2099 3819 2128 3863 ²
2165 3823 2342 3908 (Cod.
2378 3829 2497 3889 art.
2531 3819 2710 3905 443).

216 3924 399 3993 828.
453 3934 532 4013 Q.
586 3935 643 3999 t.
699 3932 1169 4013 Quomodonam
1213 3953 1346 3999 una
1390 3953 1491 4000 res
1535 3933 1614 3999 ab
1660 3934 1866 3999 altera
1907 3928 2339 4018 producitur?

220 4034 277 4102 R.
318 4040 441 4108 Res
490 4039 628 4106 una
676 4039 757 4108 ab
806 4036 1010 4107 altera
1061 4039 1453 4125 producitur
1500 4039 1597 4109 vel
1645 4039 2044 4116 naturaliter,
2101 4054 2251 4122 quae
2294 4052 2531 4118 nempe
2566 4048 2600 4098 a
2636 4049 2708 4100 re

159 4136 261 4222 ipsa
290 4148 610 4229 provenit,
646 4146 770 4216 etsi
805 4146 1199 4216 interveniat
1239 4148 1526 4216 bominis
1579 4146 1925 4227 industria,
1970 4154 2043 4213 ut
2086 4145 2340 4212 fructus
2378 4157 2708 4226 agrorum,

160 4247 501 4336 plantarum,
550 4254 753 4322 t'oetus
803 4253 1206 4337 animalium,
1251 4273 1435 4323 venae
1488 4254 1858 4337 metantem,
1900 4252 2137 4333 torbae,
2173 4258 2331 4319 etc..
2317 4272 2331 4285 ·
2366 4254 2430 4316 et
2471 4246 2709 4318 dicun-

201 4441 298 4496 ¹Et
326 4447 448 4501 tunc
482 4450 676 4513 sipost
707 4448 1136 4525 distributionem
1172 4449 1422 4503 dominus
1457 4451 1784 4512 compareat,
1819 4448 2005 4500 dicunt
2037 4459 2146 4498 rem
2183 4447 2285 4512 ipsi
2321 4445 2710 4499 restituendam

152 4512 175 4552 ²
201 4516 375 4571 paupe·
375 4525 403 4562 e
435 4514 520 4563 vet
554 4514 623 4565 ab
658 4524 777 4565 eam
811 4514 1056 4572 habente,
1090 4514 1137 4566 si
1171 4513 1347 4565 adbuc
1380 4514 1471 4564 itta
1510 4515 1703 4565 saitem
1739 4515 1794 4563 in
1828 4511 2175 4583 aequiyalenti
2226 4509 2437 4572 existat,
2494 4521 2590 4560 nec
2641 4510 2712 4561 sit

152 4572 450 4638 Dmscripta;
482 4576 695 4639 largitio
725 4575 920 4629 etenim
955 4550 1074 4627 tali’s
1107 4576 1245 4626 banc
1280 4575 1490 4628 videtur
1524 4575 1793 4628 includere
1826 4573 2208 4634 conditionem,
2244 4574 2343 4623 nisi
2373 4547 2711 4623 admiramin-

154 4632 356 4685 notescat.
388 4613 643 4699 Carriere,
682 4639 750 4689 De
780 4640 990 4690 Iustitia
1020 4643 1069 4690 et
1099 4640 1247 4698 Iure,
1281 4650 1374 4689 nn.
1410 4639 1503 4690 332
1535 4642 1591 4690 et
1618 4639 1731 4691 348.

200 4690 545 4763 ¹011th
577 4675 2304 4763 -'c.G.546;—C.S.;471-c.P.570;—G.M.;634
2341 4695 2707 4749 —Cmwa
