3292 5167
1251 254 1709 303 muonrtonsss
2640 237 2765 303 159

252 355 448 420 „8-
489 356 1102 419 'armentu-1
1137 356 1515 418 ule—ne
1555 361 1645 418 et
1684 353 2074 439 simplex.

258 438 687 501 loramentum
729 437 908 500 aliud
951 446 1051 500 est
1091 436 1374 513 solemne,
1413 438 1578 517 quod
1629 454 1859 516 magno
1900 446 2248 517 apparatu3
2284 437 2459 502 aliud
2496 439 2764 519 simplex

201 517 332 602 quod
373 517 510 580 solo'
555 518 736 580 Evan
786 516 897 580 elii
928 517 1059 596 (vel
1096 517 1230 579 solo
1275 518 1581 597 pectoris)
1626 526 1798 582 tactu
1841 520 2179 581 emittitur.
2250 518 2490 581 Verum
2556 535 2765 600 neque

345 600 435 661 ris
481 584 698 679 neque
779 601 1084 677 cripturae
1129 606 1334 663 tactus
1375 607 1474 661 est
1513 598 1596 660 de
1643 600 2025 661 necessitate
2087 615 2203 677 per
2233 616 2301 662 se
2332 598 2652 679 loquendo
2684 600 2762 663 ad

197 688 604 761 juramentum
648 694 865 741 coram
909 680 1059 755 Deo,
1099 693 1244 741 cum
1289 678 1447 742 illud
1496 680 1750 742 animus
1795 688 1861 742 et
1901 679 2097 742 verba
2150 678 2411 742 faciant.
2458 679 2620 742 Hinc
2663 680 2764 743 Ti·

203 763 294 825 tius
327 762 376 822 si
413 760 673 838 juravit
717 760 1039 838 tangendo
1069 752 1284 821 ‘Biblia
1353 759 1743 834 adulterina,
1786 776 1847 820 v.
1891 777 1948 839 g.
1993 759 2272 835 medati,
2297 760 2568 823 credens
2602 759 2762 825 illud

203 842 506 903 nucinum
554 856 739 919 opus,
785 848 960 905 tenet
995 840 1455 918 jnramentum.
1494 839 1698 902 Aliter
1730 850 1940 902 tamen
1974 840 2339 914 dicendum,
2396 842 2446 902 si
2489 840 2581 902 illi
2614 850 2764 904 nota

201 908 292 985 init
324 920 466 984 talis
513 920 873 983 Bibliorum
918 919 1234 1000 qualitas3
1279 931 1430 983 tunc
1472 920 1786 985 voluisset
1833 922 1897 982 in
1956 920 2236 983 falsitate
2299 923 2549 1001 jurare,
2619 921 2764 984 ideo

199 1017 291 1064 non
324 1002 772 1080 juramentum
817 1010 933 1077 est,
974 1000 1083 1063 sed
1148 1000 1575 1078 sacrilegium.
1641 1001 1731 1063 De
1790 1002 2159 1080 juramento
2223 1001 2493 1065 solemni
2557 1001 2760 1080 quoad
2848 1033 2861 1048 ·

196 1080 441 1161 Regnum
491 1080 1047 1145 Pedemontanum
1095 1080 1239 1142 vide
1281 1081 1548 1143 Pratica
1592 1080 1808 1161 legale,
1845 1090 1885 1144 t.
1914 1077 2087 1154 x3'et
2116 1081 2254 1145 ΒΗ.
2291 1082 2764 1160 Οοηειὶταιὶοη.,

198 1164 343 1239 Lm,
385 1172 424 1224 t.
467 1178 607 1224 xnr.
655 1161 859 1225 Hodie
903 1172 1115 1224 tamen
1163 1160 1437 1240 simplex
1488 1170 1738 1224 tantum
1787 1164 1849 1224 in
1897 1179 2016 1225 usu
2062 1178 2200 1224 esse
2267 1163 2556 1227 videtur:
2615 1162 2765 1242 vide

195 1241 476 1306 circatore
518 1243 625 1305 del
665 1242 972 1306 Ministro
1011 1242 1078 1304 di
1118 1245 1353 1321 qrazia
1396 1259 1427 1304 e
1467 1242 1779 1321 qiustizia
1821 1244 1892 1304 ai
1930 1241 2194 1305 membri
2233 1243 2598 1306 dell'ordine
2621 1244 2759 1323 qiu·

189 1324 454 1399 cisiano,
500 1324 544 1386 8
589 1331 737 1386 sett.
782 1322 972 1398 18553
1016 1322 1122 1385 ubi
1170 1323 1366 1386 etiam
1411 1322 1496 1385 de
1533 1324 1903 1400 juramento
1949 1324 2027 1386 ab
2072 1322 2351 1387 hebraeis
2380 1323 2760 1400 emittendo,

191 1405 323 1485 quod
367 1405 436 1467 fit
482 1403 818 1483 tangendo
861 1402 1062 1466 Biblia
1110 1402 1188 1465 ab
1212 1419 1434 1465 eorum
1477 1402 1873 1465 Concistorio
1920 1403 2202 1482 probata.
2554 1450 2599 1465 ..

251 1483 401 1548 Laici
449 1501 713 1564 semper
752 1492 978 1562 Jurant
1023 1483 1344 1562 tangendo
1377 1483 1776 1563 Evangelia3
1820 1484 2045 1553 modus
2088 1484 2617 1563 autem-jurandi
2661 1499 2759 1548 ec·

193 1563 694 1641 elesiasticorum‚
738 1567 931 1627 etiam
976 1580 1188 1627 coram
1236 1565 1711 1639 ecclesiastico,
1761 1573 1857 1627 est
1909 1576 1977 1626 ut
2003 1575 2227 1642 Jurent
2257 1579 2383 1627 non
2418 1567 2622 1640 tactis,
2649 1563 2761 1627 sed

193 1647 497 1725 propositis
545 1654 805 1707 tantum
834 1643 1225 1723 Evangeliis‚
1270 1646 1335 1707 et
1369 1661 1564 1706 manu
1608 1648 1858 1723 pectori
1907 1645 2179 1707 admota.
2226 1644 2291 1706 Id
2334 1646 2480 1723 J‘ure
2538 1646 2759 1724 praeci-

195 1727 334 1804 pitur
372 1726 525 1790 solis
574 1727 911 1805 Episcopis
955 1727 1118 1804 (cap.
1144 1741 1256 1800 vu,
1297 1724 1448 1786 Cum
1472 1743 1560 1799 m,
1583 1725 1663 1787 de
1689 1741 1921 1805 juram.
1953 1724 2248 1805 calum.);
2278 1725 2385 1788 sed
2427 1741 2763 1788 commune

197 1808 366 1869 evasit
406 1823 524 1885 pro
575 1804 878 1883 omnibus
923 1806 1177 1868 clericis
1222 1806 1287 1866 in
1321 1804 1533 1868 Sacris
1580 1807 1739 1883 (imo
1784 1805 2019 1869 alicubi
2070 1823 2181 1884 pro
2234 1805 2491 1869 clericis
2556 1807 2761 1867 omui·

199 1885 333 1965 bus).
373 1887 497 1950 Hoc
549 1896 770 1949 tamen
820 1885 1109 1964 procedit
1153 1894 1436 1948 tantum:
1475 1886 1539 1964 1)
1581 1886 1664 1947 de
1724 1886 2091 1965 juramento
2156 1888 2222 1947 in
2284 1887 2550 1963 judicio,
2615 1902 2762 1949 nam

203 1978 340 2030 extra
374 1968 702 2047 judicium
746 1965 1002 2045 quando
1048 1981 1341 2044 personae
1384 1966 1703 2045 ejusmodi
1744 1967 1972 2043 jurant
2014 1974 2079 2029 et
2110 1966 2259 2029 fidei
2295 1966 2762 2045 professionem

208 2044 401 2110 iaciunt
442 2046 853 2110 consuetudo
896 2056 1016 2123 est,
1059 2056 1127 2109 ut
1169 2046 1325 2110 illud
1400 2045 1657 2110 faciant·
1686 2048 1868 2109 tactis
1929 2047 2332 2125 Evangeliis3
2380 2048 2448 2127 Ξ)
2504 2046 2760 2126 quaudo

210 2142 350 2190 causa
380 2145 501 2191 non
556 2136 659 2191 est
704 2127 900 2190 ardua
947 2136 1011 2189 et
1053 2129 1311 2206 gravior
1354 2126 1447 2207 (C.
1494 2128 1719 2202 Quotes
1770 2144 1860 2204 tx,
1902 2144 1958 2189 c.
1994 2146 2039 2203 1,
2068 2145 2127 2206 q.
2171 2129 2272 2208 7);
2324 2145 2506 2191 secus
2536 2129 2755 2207 juran-

213 2206 323 2270 dum
357 2217 444 2270 est
488 2209 714 2271 adbuc
765 2210 949 2269 tactis
991 2207 1383 2286 Evangeliis,
1420 2216 1490 2270 ut
1531 2212 1582 2270 si
1629 2216 1856 2286 agatur
1903 2207 1981 2269 de
2013 2209 2415 2286 abjuratione
2451 2210 2758 2271 schisma·

209 2289 310 2350 tis:
347 2288 703 2366 Gonzales,
767 2286 1025 2361 Abbas,·
1091 2286 1601 2369 Sckmalqriiber.
1662 2289 1736 2350 In
1803 2288 2017 2351 Codice
2079 2306 2409 2368 processus
2478 2289 2761 2368 poenalis.

205 2378 292 2429 art
327 2369 451 2443 285,
497 2370 819 2434 habetur:
862 2367 923 2430 Il
962 2370 1356 2448 piuramento
1399 2370 1558 2431 sara
1597 2376 1882 2449 prestato
1923 2369 2033 2432 dai
2097 2370 2413 2432 testimoni
2451 2387 2484 2431 o
2542 2371 2759 2449 periti,

203 2451 378 2512 stando
418 2453 484 2512 in
531 2451 727 2531 piedi‚
770 2449 833 2511 la
877 2465 1059 2510 mano
1103 2451 1320 2511 destra
1366 2466 1550 2512 soora
1595 2451 1617 2510 i
1660 2450 1836 2513 santi
1877 2448 2201 2530 Evangeli,
2263 2448 2398 2512 alla
2452 2466 2760 2529 presenza

201 2529 276 2591 dei
303 2533 617 2609 yiadicim
662 2530 699 2593 I
734 2546 859 2592 non
900 2529 1187 2592 cattolici
1257 2536 1665 2608 presteranno
1709 2532 1759 2592 il
1798 2531 2194 2610 yiuramento
2235 2531 2491 2593 secondo
2554 2532 2578 2591 i
2641 2531 2762 2594 riti

206 2609 326 2672 delle
360 2612 486 2675 loro
534 2613 857 2674 credenze.
898 2610 977 2672 Et
1023 2611 1085 2671 in
1139 2609 1353 2672 Codice
1393 2626 1723 2689 processus
1767 2611 1998 2684 civilis,
2042 2619 2159 2673 art.
2224 2611 2376 2672 226:
2420 2611 2478 2672 ΙΙ
2536 2611 2754 2690 piara-

202 2699 360 2753 mento
398 2695 454 2754 si
489 2699 719 2773 presta
759 2690 1238 2772 pronunciando
1276 2691 1330 2752 le
1367 2692 1627 2769 parole.-
1674 2694 1879 2771 giur0‚
1911 2690 2291 2753 chiamando
2331 2691 2445 2752 Dio
2485 2692 2548 2752 in
2593 2694 2760 2754 testi-

200 2774 371 2833 monio
413 2773 583 2836 della
631 2772 842 2836 verita
882 2770 946 2832 di
991 2780 1230 2849 quanto
1272 2770 1582 2846 dichiaro,
1626 2787 1817 2833 ecc...
1862 2772 2173 2834 osservati
2214 2771 2322 2832 nel
2362 2778 2532 2834 resto
2576 2772 2599 2832 i
2641 2771 2762 2833 riti

201 2852 415 2930 speciali
451 2854 627 2918 della
656 2851 975 2932 Relipione
1013 2849 1370 2930 professata
1411 2851 1585 2914 dalla
1626 2859 1828 2915 stessa
1866 2859 2069 2931 parte.
2112 2852 2205 2914 Ex
2247 2851 2479 2930 quibus
2545 2852 2759 2915 verbis

204 2929 376 3071 Eiures
415 2931 905 2997 contendebant
945 2938 1138 2994 etiam
1185 2929 1654 2993 ecclesiasticos
1697 2948 1950 3010 semper
1992 2932 2216 3010 jurare
2278 2932 2514 2994 debere
2582 2947 2759 2995 more

247 3011 464 3077 icorum
512 3022 685 3078 tacto
729 3011 1099 3090 Evangelio,
1150 3028 1274 3073 non
1319 3022 1593 3091 pectore.
1640 3010 1763 3075 Sed
1796 3013 1984 3075 aliter
2015 3013 2409 3074 declaratum
2449 3011 2758 3075 habemus

204 3090 262 3152 ab
295 3094 413 3173 ipsa
459 3095 643 3158 civili
690 3093 1098 3157 auctoritate:
1147 3092 1404 3165 Quando
1449 3093 1916 3170 l'imposizione
1960 3092 2126 3155 della
2198 3109 2377 3154 mano
2420 3092 2524 3153 sul
2586 3100 2758 3172 petto

201 3171 404 3237 vincola
446 3176 515 3239 la
559 3177 694 3239 loro
736 3174 1079 3248 coscienzcn
1123 3188 1286 3234 come
1322 3172 1530 3252 quella
1573 3174 1679 3235 del
1723 3174 1883 3236 laico
1929 3174 1977 3235 il
2021 3180 2183 3236 tatto
2225 3174 2324 3235 del
2374 3169 2680 3251 Vanyelo,
2724 3175 2757 3235 ἑ

209 3252 305 3314 tate
337 3256 742 3318 circostanza
783 3253 1180 3332 indifferente
1220 3252 1356 3332 apli
1396 3253 1573 3315 ccclii
1614 3254 1784 3316 della
1830 3254 2018 3333 leqqe,
2062 3270 2091 3314 e
2138 3253 2317 3316 nulla
2363 3253 2648 3332 influisce
2688 3252 2758 3316 al

201 3348 285 3395 nto
319 3352 508 3416 scopo.
553 3337 743 3399 Corte
786 3334 851 3395 di
896 3333 1290 3397 Cassazione.
1333 3333 1588 3409 MilanO,
1630 3335 1701 3396 31
1751 3345 1970 3412 agosto
2016 3333 2189 3397 1860.
2260 3334 2547 3413 (Remini,
2614 3333 2759 3397 Giu-

201 3413 580 3492 n'tprudenza
627 3416 726 3478 del
767 3431 974 3496 reptio,
1015 3430 1167 3490 ecc„
1207 3413 1332 3475 vol.
1369 3414 1515 3492 ιιι.)
1559 3415 1636 3476 Et
1679 3430 1849 3476 anuo
1896 3413 2070 3488 1853,
2115 3413 2191 3476 19
2236 3430 2463 3493 genn.:
2513 3413 2620 3479 Gli
2660 3432 2749 3477 ec-

202 3491 506 3561 clesiastici
547 3512 807 3576 possono
847 3495 1112 3575 piarare
1155 3500 1321 3557 tacto
1367 3506 1623 3573 pectore
1669 3511 1845 3555 more
1890 3494 2273 3557 sacerdotali
2299 3515 2315 3569 ;
2362 3514 2448 3558 an
2495 3496 2588 3558 tal
2646 3512 2756 3559 uso

199 3588 328 3637 cone
364 3570 631 3642 relatitio
670 3593 713 3639 a
753 3576 1041 3655 semplice
1080 3575 1389 3637 diversita
1428 3576 1493 3637 di
1535 3574 1741 3656 forma
1783 3575 1857 3637 ed
1898 3580 2232 3638 extrinseco
2275 3576 2410 3639 alla
2453 3585 2756 3640 sostanza

204 3652 279 3715 del
308 3656 719 3735 piaramento,
765 3674 888 3719 non
930 3657 1210 3719 contione
1253 3672 1448 3718 verim
1486 3656 1821 3735 privileyio
1866 3655 2337 3719 inconciliabile
2381 3656 2546 3737 copti
2586 3657 2753 3719 ordi·

207 3740 446 3801 nemci
480 3738 827 3819 posteriori
865 3736 933 3799 al
980 3736 1196 3799 Codice
1238 3735 1306 3797 di
1343 3737 1699 3815 procedara
1741 3736 2033 3817 (Bettini,
2081 3736 2202 3799 vol.
2250 3737 2374 3815 ιιι).

207 3892 217 3902 .
257 3812 450 3879 ²8⁹.
494 3818 1099 3879 lun-amentum
1140 3833 1331 3877 oum
1374 3815 1966 3878 mnu-lotiones
2012 3819 2326 3896 principia
2384 3817 2513 3895 jam
2560 3814 2751 3878 allata

206 3907 253 3953 m
290 3896 451 3962 textu
494 3897 812 3977 exemplis
856 3897 1244 3960 illustrando
1294 3897 1599 3960 dicimus:

327 3977 375 4039 1.
417 3978 863 4042 confessarius
907 3978 1232 4041 affirmare
1275 3985 1484 4057 potest
1519 3980 1709 4041 etiam
1755 3992 1899 4039 cum
1934 3975 2324 4055 iuramento,
2368 3993 2436 4038 se
2502 3975 2754 4037 nescire

209 4066 490 4141 peccatum
533 4059 824 4123 auditum
871 4058 938 4119 iu
981 4057 1414 4133 confessione,
1459 4057 2030 4137 subintelligendo,
2081 4064 2155 4120 ut
2196 4056 2543 4126 hominem;
2607 4056 2751 4134 qnia

211 4141 410 4199 mterro
455 4156 571 4203 ans
608 4155 738 4201 non
785 4138 978 4201 babet
1015 4140 1143 4217 jus,
1186 4141 1308 4200 nisi
1353 4139 1431 4201 ad
1477 4142 1769 4200 notitiam
1814 4135 2437 4199 communicabilem.

324 4216 375 4279 2.
471 4238 604 4295 eus»,
649 4218 992 4283 vel·testes
1036 4235 1066 4281 a
1108 4217 1325 4296 judice
1368 4234 1496 4280 non
1545 4217 1831 4299 legitime
1876 4219 2263 4296 interrogati
2335 4222 2599 4296 possunt
2650 4215 2750 4294 ju·

212 4305 319 4386 ‘²59
355 4315 418 4360 se
459 4304 714 4364 crimen=
751 4301 1025 4374 nescire,
1070 4298 1616 4379 subintelligendo
1661 4315 1730 4361 se
1768 4300 2015 4361 nescire
2059 4299 2333 4372 crimen,
2375 4296 2447 4359 de
2490 4313 2609 4376 qao
2655 4298 2746 4360 le·

211 4378 380 4450 §mm
415 4383 662 4459 possint
700 4380 969 4460 inquiri.

330 4457 379 4522 3.
418 4459 527 4534 Qui
567 4462 749 4526 venit
790 4460 871 4522 de
915 4460 1074 4533 loco,
1116 4459 1225 4539 qui
1272 4459 1431 4521 l'also
1475 4466 1737 4538 putatur
1784 4456 2004 4520 morbo
2053 4456 2351 4533 infectus,
2398 4464 2610 4539 potest
2642 4472 2751 4519 ne·

209 4532 328 4609 gin,
364 4555 425 4603 se
464 4542 647 4605 illinc
680 4542 931 4617 venire,
973 4538 1239 4614 scilicet,
1281 4545 1357 4601 at
1392 4539 1760 4619 pestilentia
1803 4539 2097 4619 infectas,
2139 4539 2483 4620 qualis-est
2515 4546 2576 4602 et
2612 4552 2753 4599 esse

214 4609 366 4680 debet
400 4620 935 4703 interrogantium
975 4621 1251 4683 animus.
1650 4676 1657 4682 .
1998 4656 2001 4659 π

335 4700 384 4763 4.
421 4702 729 4767 invitatus
772 4701 851 4765 ad
893 4715 1185 4764 mensam
1228 4707 1293 4763 et
1335 4708 1619 4779 rogatus,
1661 4714 1742 4763 an
1791 4698 1973 4762 cibus
2009 4702 2095 4762 sit
2134 4700 2362 4775 bonus,
2406 4704 2616 4778 potest
2658 4693 2750 4758 af-

2300 4795 2325 4823 S
