3292 5167
468 229 601 296 308
1170 250 1285 295 ιω.
1331 250 1395 294 ιι.
1442 249 1654 298 rnAcr.
1701 251 1781 296 vr.
1828 252 1978 301 mse.
2027 250 2106 295 iv.
2154 248 2285 295 car.
2332 247 2419 293 ιιι.

465 351 790 439 ⁸iustitiam
836 349 1250 438 delinquere3
1285 353 1438 439 quia
1466 372 1584 438 per
1612 351 1907 422 medium
1941 352 2244 441 iniquum
2273 353 2446 421 cives
2482 349 2696 437 pretio
2731 365 3060 435 supremo

472 477 705 529 emere«
738 466 1003 543 cogunt.
1049 462 1293 529 Verum
1342 447 1448 528 alii
1497 462 1668 530 forte
1717 444 2125 548 probabilius
2175 478 2328 531 cum
2395 457 2680 527 Billuart
2710 512 2727 541 ,
2778 456 3060 541 Lessi0,

475 571 679 652 Lugo,
733 567 951 653 Sylvio
1002 575 1261 653 negant,
1302 568 1356 636 si
1393 576 1798 638 mercatores
1839 587 1971 638 non
2006 567 2394 655 conspirent
2429 566 2485 634 vi
2522 565 2625 635 vel
2665 563 3061 646 mendaciis3

474 693 623 743 nam
674 682 831 743 tunc
872 675 1050 742 nulla
1100 676 1375 762 injuria:
1433 694 1648 763 neque
1722 677 1897 745 enim
1946 676 2073 762 ipsi
2122 681 2368 762 cogunt
2430 679 2809 767 emptoreS,
2859 670 2977 740 sed
3025 688 3067 740 a

476 782 739 867 propria
789 783 1184 851 necessitate
1229 791 1562 869 coguntur
1628 784 1710 852 ad
1780 784 2144 853 emendum
2184 783 2400 870 pretio
2449 798 2743 850 summo:
2796 777 3066 849 aliunde

475 889 760 972 pretium
810 905 1141 983 summum
1193 889 1406 958 adhuc
1448 890 1706 978 justum
1749 899 1871 961 est.
1921 892 2222 958 Attamen
2274 893 2547 975 peccant
2580 895 2808 955 contra
2843 885 3068 955 chari-

474 1002 695 1078 tatem,
747 1014 897 1081 quae
947 995 1075 1064 etsi
1128 1015 1259 1065 non
1311 1006 1374 1066 te
1424 998 1671 1083 obliget
1721 997 1803 1065 ad
1863 997 2278 1067 vendendum
2339 996 2502 1064 infra
2549 995 2834 1082 pretium
2880 1010 3066 1063 sum-

473 1119 676 1186 mum,
726 1102 985 1171 videtur
1031 1110 1097 1171 te
1156 1104 1449 1190 obligare
1480 1105 1583 1183 ,ad
1630 1122 1761 1173 non
1811 1102 2330 1199 dissuadendum
2382 1102 2547 1185 aliis,
2598 1109 2667 1168 ut
2716 1120 2849 1170 non
2895 1119 3065 1170 ven-

475 1207 629 1275 dant
680 1209 890 1294 pretio
941 1209 1207 1277 mitiori.
1258 1210 1440 1280 Unde
1491 1213 1731 1281 merito
1766 1213 1908 1281 baec
1949 1211 2356 1296 conspiratio
2391 1210 2515 1278 sub
2550 1226 2744 1296 poena
2778 1206 3063 1277 carceris

473 1300 859 1382 ac'mulctae
912 1316 1242 1401 prohibita
1292 1325 1392 1386 est
1424 1316 1476 1386 ⁰.
2981 1322 2990 1327 ”

562 1423 676 1490 Sed
722 1423 957 1510 (dices)
1003 1427 1169 1510 facto
1210 1427 1395 1493 semel
1441 1428 1789 1515 monopolio
1857 1429 1936 1497 ab
2004 1427 2317 1514 aliquibus
2374 1424 2820 1492 mercatoribus
2860 1422 3064 1509 pretio

471 1531 703 1617 injusto
748 1533 1068 1615 vendendi,
1117 1535 1330 1600 licetne
1374 1536 1522 1602 aliis
1568 1554 1798 1603 merces
1839 1536 2045 1603 eodem
2075 1537 2270 1624 pretio
2315 1534 2621 1602 vendere?

562 1639 632 1705 R.
682 1639 900 1724 Aliqui
951 1634 1296 1724 affirmant,
1348 1642 1498 1727 quia
1552 1642 1839 1728 pretium
1886 1643 2049 1711 iliud
2092 1643 2227 1730 jam
2263 1660 2613 1712 commune
2656 1646 2756 1708 est
2804 1646 2869 1707 et
2918 1656 3067 1725 cur-

475 1763 655 1813 rens:
708 1752 774 1813 et
821 1754 922 1815 est
971 1766 1089 1832 per
1137 1746 1443 1817 accidens
1492 1748 1672 1835 quod
1721 1750 1802 1818 de
1850 1751 2168 1837 injustitia
2206 1758 2430 1818 natum
2471 1757 2590 1819 est.
2629 1747 2759 1816 Sed
2798 1752 3069 1815 senten-

473 1851 581 1935 tia,
635 1870 783 1938 quae
835 1853 1025 1922 nobis
1075 1855 1311 1922 melior
1357 1855 1655 1940 videtur,
1706 1863 1925 1942 negat3
1982 1874 2132 1925 nam
2185 1857 2469 1944 pretium
2540 1856 2634 1924 sic
2683 1854 3058 1934 adauctum,

473 1978 623 2027 cum
674 1962 1015 2046 proveniat
1063 1980 1141 2030 ex
1194 1964 1532 2050 injustitia,
1580 1963 1662 2030 ad
1703 1965 2029 2052 Justitiam
2083 1963 2532 2034 reducendum
2584 1969 2709 2032 est.

563 2066 760 2130 419.
810 2072 881 2149 Q.
926 2071 988 2137 8.
1041 2070 1203 2150 Quid
1246 2082 1333 2137 est
1374 2072 1802 2158 permutatio?

566 2176 635 2240 R.
686 2175 1090 2243 Permutatio
1135 2183 1235 2244 est
1283 2189 1653 2260 contractus,
1703 2198 1822 2265 quo
1860 2181 2285 2247 contrahentes
2329 2197 2463 2244 rem
2508 2176 2787 2262 aliquam
2821 2173 2943 2241 sibi
2972 2173 3066 2240 ui—

478 2280 689 2346 cissim
735 2281 888 2349 etant
931 2282 1014 2349 ad
1059 2283 1258 2351 aliam
1303 2284 1666 2352 habendam..
1717 2288 1873 2353 Haec
1921 2302 2000 2353 ex
2050 2285 2191 2370 iege
2255 2283 2424 2353 civili
2496 2282 2730 2351 iisdem
2799 2280 3061 2365 legibus

481 2387 752 2473 regitur,
803 2390 1047 2475 quibus
1097 2391 1406 2475 venditio,
1456 2391 1557 2460 bis
1614 2392 1907 2478 exceptis
1941 2393 2001 2455 ²:

658 2499 723 2582 1)
772 2500 843 2566 Se
886 2519 1012 2567 uno
1058 2500 1155 2567 clei
1190 2502 1575 2588 permutanti
1620 2503 1704 2568 ha
1740 2501 1849 2588 qia
1892 2501 2170 2569 ricevuta
2228 2501 2291 2568 la
2335 2519 2478 2568 cosa
2522 2498 2761 2584 dataqli
2807 2496 2876 2562 in
2916 2512 3064 2581 per-

475 2616 670 2687 muta,
716 2625 748 2670 e
786 2625 990 2691 prova
1035 2607 1101 2674 in
1146 2609 1379 2692 sequito
1426 2610 1533 2675 che
1579 2609 1786 2676 l'altro
1822 2620 2172 2675 contraente
2200 2627 2328 2675 non
2372 2607 2405 2673 ἐ
2441 2605 2867 2694 proprietario
2899 2601 3067 2669 detta

477 2720 672 2777 stessa
716 2731 858 2779 cosa
882 2766 899 2795 ,
947 2733 1074 2780 non
1111 2713 1241 2801 pud
1287 2735 1483 2799 essere
1524 2726 1803 2783 costretto
1848 2735 1890 2782 a
1935 2733 2344 2800 conseyna-re‘
2372 2715 2576 2800 quella
2602 2766 2618 2796 ‚
2661 2712 2787 2779 che'
2813 2710 2936 2797 eyli
2983 2708 3065 2775 ha

472 2835 788 2904 promesso
834 2819 898 2886 di
943 2818 1131 2887 dare.-
1176 2841 1282 2888 ma
1327 2823 1662 2889 solamente
1696 2821 2006 2889 restituire
2052 2823 2117 2888 la
2151 2841 2294 2887 cosa
2326 2821 2604 2888 rice-outa
2638 2819 2786 2905 (art.
2825 2814 3061 2901 1551);

478 2961 568 2972 --
614 2926 682 3010 2)
730 2927 779 2993 il
816 2941 1226 3013 permutante,
1277 2929 1326 2996 il
1370 2931 1550 3017 quale
1595 2924 1680 2997 ha
1724 2931 1966 3018 sofferto
2014 2930 2056 2996 l'
2083 2929 2356 2996 evizione
2401 2927 2568 2995 della
2611 2946 2757 2993 cosa
2802 2927 2872 2992 in
2895 2942 3064 3015 per·

478 3038 675 3115 muta,
715 3033 844 3121 pud
889 3054 932 3101 a
974 3057 1092 3102 sua
1137 3038 1323 3103 scelta
1360 3037 1740 3104 domandare
1784 3038 1833 3105 il
1877 3026 2309 3104 risarcimento
2340 3036 2441 3102 dei
2486 3035 2700 3116 donni,
2737 3033 3065 3120 o‘ripetere

482 3140 547 3206 la
591 3161 736 3208 cosa
777 3143 925 3210 data
972 3142 1120 3222 (art.
1160 3146 1390 3230 ¹552„
1443 3184 1525 3194 -—
1559 3146 1626 3232 3)
1656 3146 1718 3212 la
1747 3144 2123 3229 rescissione,
2168 3163 2281 3232 per
2324 3162 2519 3211 causa
2547 3142 2612 3209 di
2645 3142 2888 3221 lesione,
2934 3158 3065 3206 non

482 3249 566 3315 ha
613 3250 791 3334 luoqo
822 3252 925 3318 nel
969 3264 1272 3320 contracto
1321 3253 1387 3319 di
1424 3265 1734 3339 permuta.
1784 3254 1854 3320 Se
1892 3251 2045 3340 pero*
2090 3252 2247 3345 siasi
2289 3263 2630 3319 convenuta
2675 3270 2716 3314 a
2762 3248 2969 3315 carice
2999 3246 3066 3312 «li

480 3376 606 3422 uno
653 3357 750 3423 dei
784 3361 1170 3445 permutanti
1214 3379 1301 3427 un
1347 3360 1740 3447 rifacimento
1787 3361 1855 3426 in
1915 3360 2157 3427 danaro
2189 3359 2295 3425 che
2324 3377 2552 3446 supera
2597 3358 2645 3423 il
2686 3357 2897 3423 valore
2941 3353 3067 3420 del-

484 3464 525 3528 l'
551 3464 857 3531 immobile
901 3465 984 3532 da
1032 3467 1120 3533 lui
1165 3467 1308 3535 dato
1354 3468 1423 3535 in
1460 3479 1755 3555 permuta
1777 3521 1793 3550 ,
1839 3468 1963 3535 tale
2010 3477 2312 3533 contracto
2381 3465 2439 3531 si
2506 3462 2830 3531 considera
2895 3479 3069 3527 come

481 3591 635 3638 una·
655 3572 922 3656 vendita,
971 3594 1003 3641 e
1049 3574 1090 3663 ζ’
1105 3576 1326 3642 azione
1370 3575 1436 3643 ai
1479 3576 1839 3643 rescissione
1885 3584 2082 3662 spetta
2126 3593 2168 3640 a
2214 3573 2342 3655 chi,
2366 3572 2450 3640 ha
2496 3570 2769 3667 ricevuto
2814 3569 2863 3634 il
2906 3567 3067 3653 risa-

480 3679 741 3744 cimento
788 3677 934 3763 (art.
989 3680 1186 3765 1554)
1227 3675 1276 3749 ³.

542 3994 561 4034 ¹
601 3994 720 4047 Cod.
750 4006 928 4067 poen,
959 3995 1055 4047 art.
1103 3999 1213 4048 289.
1267 3995 1340 4047 Ad
1378 4007 1486 4047 rem
1518 3995 1722 4049 faciunt
1751 4009 1924 4072 neque
1956 3996 2083 4049 satis
2132 3995 2385 4049 divitibus
2435 4005 2498 4044 ac
2534 3991 2917 4066 mercatoribus
2947 3990 3071 4065 baec

480 4056 639 4108 verba
673 4057 1107 4120 Proverbtorum,
1141 4070 1186 4108 c.
1233 4071 1312 4121 xi,
1345 4061 1681 4123 repetuntur:
1738 4061 1841 4111 Ata
1888 4059 2119 4110 dividunt
2161 4059 2397 4121 propria,
2431 4061 2480 4107 et
2528 4056 2738 4106 ditiores
2768 4058 2927 4115 sunt,·
2975 4055 3072 4104 alu

477 4121 694 4182 rapiunt
722 4132 825 4171 non
858 4133 970 4181 sua,
1004 4126 1055 4172 et
1083 4133 1281 4183 semper
1328 4122 1381 4170 in
1412 4124 1627 4185 egestate
1655 4126 1790 4174 sunt.
1828 4123 2014 4173 Anima
2043 4133 2157 4185 quoe
2187 4119 2445 4179 benedicit,
2481 4119 2859 4181 tmptnyuatur,
2891 4119 2943 4169 ct
3010 4117 3070 4167 αἱ

480 4184 718 4256 inebriat,
752 4185 857 4246 ipse
888 4195 1082 4247 quoque
1114 4184 1464 4234 inebriabitur.
1504 4182 1600 4243 Qui
1645 4184 1906 4236 abscondit
1933 4184 2214 4248 frumenta,
2250 4182 2579 4234 maledicetur
2625 4182 2680 4232 in
2709 4179 2948 4247 populis3
2974 4128 3064 4229 310·

478 4246 696 4295 nedictto
728 4251 899 4297 autem
930 4258 1084 4308 super
1115 4251 1272 4309 caput
1300 4247 1642 4297 vendentium.

483 4307 566 4419 Μ’
588 4310 712 4421 1.Δῶ
747 4308 897 4419 izuh
930 4333 993 4344 —
1035 4309 1091 4359 G.
1146 4311 1203 4358 A.
1245 4310 1395 4370 {0453
1444 4333 1509 4347 -
1559 4310 1611 4359 G.
1668 4310 1727 4360 G.
1765 4313 1912 4373 1782;
1944 4334 2008 4346 —
2043 4309 2097 4360 G.
2132 4307 2182 4359 S.
2220 4307 2373 4369 ¹54&
2422 4330 2486 4342 —
2536 4305 2589 4356 C.
2626 4307 2684 4356 P.
2722 4307 2877 4363 151⁷;
2909 4328 2975 4341 —
3009 4303 3068 4354 C.

544 4408 554 4417 .
715 4406 729 4429 ‚
760 4383 790 4420 e
841 4381 897 4419 se
977 4408 988 4419 .
2219 4416 2224 4423 .

545 4431 567 4471 ⁸
609 4449 629 4473 ι
664 4432 763 4481 Per
792 4380 1043 4493 esen‘ffio:
1095 4433 1239 4482 Tizio
1275 4431 1342 4481 da
1372 4435 1426 4484 in
1498 4433 1722 4485 ermuta-
1757 4444 1788 4483 a
1821 4433 1948 4496 Calo
1970 4433 2022 4483 ia
2053 4442 2151 4482 sua
2183 4441 2326 4490 casa,
2360 4431 2457 4484 che
2502 4430 2620 4496 vale
2665 4430 2762 4480 lire
2803 4428 2999 4489 20‚000,
3034 4438 3067 4479 ο

482 4490 673 4544 inoltre
706 4492 772 4554 gli
804 4503 959 4545 versa
989 4493 1082 4545 lire
1115 4497 1308 4555 25900,
1343 4507 1436 4561 per
1505 4499 1530 4542 e
1562 4493 1631 4544 da
1662 4494 1790 4558 cajo
1826 4492 1998 4546 riceve
2029 4505 2098 4544 un
2134 4491 2293 4543 fondo
2325 4494 2421 4543 che
2452 4495 2496 4545 si
2532 4492 2714 4543 vatuta
2743 4492 2897 4541 frate
2932 4489 3072 4553 parti

483 4552 578 4607 lire
611 4556 818 4618 4⁹5,OEOE
855 4566 942 4605 ma
975 4556 1073 4608 che
1106 4555 1191 4618 poi
1227 4558 1382 4608 viene
1416 4556 1638 4619 peritate
1672 4557 1765 4609 lire
1795 4559 1991 4618 91,000.
2027 4556 2267 4606 L’azione
2299 4552 2352 4603 di
2384 4555 2701 4606 rescissione
2737 4564 2831 4615 per
2864 4553 3069 4603 lesione

483 4616 809 4680 spetlerebbe
841 4628 873 4667 a
904 4616 1048 4679 cajo,
1087 4619 1276 4681 perche
1311 4619 1558 4682 potrebbe
1588 4618 1717 4669 dirsi
1750 4631 1825 4669 un
1857 4617 2146 4677 venditore,
2182 4615 2387 4668 avendo
2418 4617 2513 4680 egli
2546 4616 2784 4668 rieevuto
2835 4614 2869 4665 ii
2903 4614 3076 4666 risaei·

485 4681 680 4741 ment0,
712 4692 744 4732 e
779 4679 831 4730 la
856 4679 1057 4731 lesione
1084 4680 1327 4734 starebbe
1357 4680 1640 4734 neii’avere
1672 4683 1907 4732 ricevuto
1940 4690 2093 4732 meno
2125 4679 2262 4732 della
2295 4679 2433 4732 meta
2455 4679 2505 4731 di
2532 4679 2734 4745 quanto
2769 4675 2939 4727 diede.
2980 4696 2999 4719 ι
