3292 5167
1244 242 1698 289 Annon-nones
2648 223 2770 292 381

270 340 473 402 Mo.
519 340 586 414 Q.
631 342 693 403 1.·
731 339 895 417 Quid
934 342 994 404 si
1025 343 1268 407 animal
1311 360 1352 407 a
1397 352 1455 407 te
1494 350 1767 424 captum,
1809 343 2027 424 suqam
2068 344 2399 424 arripiat?

272 420 339 482 R.
384 420 448 483 Si
497 421 712 500 fugam
758 424 1078 501 arripiens
1121 425 1358 488 animal
1403 441 1436 487 a
1486 433 1547 488 te
1589 433 1865 503 captum,
1912 425 2267 488 naturalem
2314 427 2655 505 acquisivit
2701 427 2777 489 li·

196 501 542 578 bertatem,
588 503 829 565 desinit
894 518 1033 566 esse
1105 513 1283 569 tuum
1329 513 1395 567 et
1458 507 1529 568 fit
1592 506 1783 585 primi
1827 508 2226 584 occupantis:
2284 520 2465 570 secus
2526 523 2780 588 semper

200 593 369 644 tuum
400 585 545 644 erit.
577 582 957 645 Naturalem
982 590 1195 647 autem
1236 583 1595 648 libertatem
1621 587 1897 665 recipere
1930 586 2318 665 inteiliqitur
2345 588 2607 663 animal,
2639 605 2782 651 cum

196 661 287 725 vel
328 662 536 725 oculos
581 670 720 726 tuos
782 664 1092 744 effugerit,
1148 665 1250 728 vel
1288 666 1387 729 ita
1446 666 1535 728 sit
1575 667 1642 729 in
1705 673 2037 746 conspectu
2083 676 2207 744 tuo,
2248 671 2326 726 ut
2379 668 2652 747 difficilis
2695 670 2787 733 sit

195 742 327 820 ejns
411 749 750 806 ersecutio:
800 747 885 807 ita
922 744 1354 809 Justinianus.

266 823 333 916 5·
386 823 463 883 7.
508 824 673 967 Q.b2.
702 823 881 966 1οαφίιί
920 826 1267 905 dicendum,
1308 828 1367 888 ai
1428 825 1568 905 fera
1611 825 1694 889 ab
1757 844 1881 889 uno
1922 826 2259 891 vulnerata
2301 836 2423 892 aut
2469 828 2784 907 laqueata,

196 920 265 967 ca
310 912 488 967 tatur
532 922 572 966 a
658 921 697 967 a
727 907 815 971 ie.

266 919 340 1045 qi.
385 984 448 1045 Si
497 984 634 1047 fera
685 990 767 1047 ita
815 984 1149 1048 vulnerata
1196 995 1335 1048 erat
1377 997 1486 1050 aut
1531 989 1901 1066 illaqueata,
1946 997 2014 1050 ut
2056 988 2266 1051 adbuc
2312 997 2526 1068 posset
2564 987 2785 1066 fugam

197 1066 503 1144 arripere,
549 1066 624 1127 fit
666 1067 855 1144 primi
915 1069 1326 1144 occupantis;
1366 1071 1515 1147 quia
1588 1071 1799 1132 adbuc
1844 1077 2144 1130 censetur
2211 1073 2274 1131 in
2322 1068 2602 1131 naturali
2670 1085 2782 1130 sua

200 1144 516 1207 libertate.
561 1144 623 1208 Si
673 1163 823 1208 vero
868 1147 953 1208 ita
989 1148 1319 1210 vulnerata
1354 1156 1494 1212 erat
1537 1160 1646 1212 aut
1684 1149 2046 1226 illaqueata,
2091 1158 2161 1212 ut
2197 1166 2322 1211 non
2372 1149 2645 1228 amplius
2677 1165 2785 1227 po-

199 1228 424 1288 tuisset
466 1226 681 1305 fugam
743 1226 1053 1305 arripere,
1097 1231 1355 1306 pros-ria
1418 1236 1543 1292 erit
1606 1230 2006 1292 vulnerantis
2065 1238 2132 1292 et
2185 1230 2629 1310 illaqueantis3
2690 1237 2789 1292 est

199 1306 367 1368 enim
407 1307 540 1385 jam
587 1307 882 1370 inchoata
928 1308 1068 1386 ejus
1118 1310 1451 1387 possessio.
1495 1309 1557 1371 Si
1606 1326 1758 1373 vero
1805 1326 1908 1370 res
1953 1309 2140 1372 dubia
2189 1312 2291 1385 sit,
2336 1310 2663 1372 dividetur
2715 1311 2783 1372 in

197 1394 410 1464 partes
446 1388 744 1468 aequaleS,
788 1403 929 1450 cum
977 1389 1221 1466 aequale
1269 1397 1420 1452 tunc
1463 1394 1547 1452 sit
1590 1394 1926 1467 utriusque
1970 1398 2033 1451 et
2071 1391 2175 1468 jus
2239 1401 2305 1453 et
2362 1406 2543 1469 spes:
2584 1406 2788 1468 quan·

198 1483 380 1545 quam
427 1469 511 1529 sit
557 1477 707 1530 tunc
748 1467 1134 1530 attendenda
1189 1470 1368 1546 Juxta
1416 1470 1575 1532 alios
1622 1471 1724 1533 lex
1789 1470 1893 1533 illa
1943 1470 2305 1547 generalis:
2372 1473 2525 1550 ferae
2569 1468 2781 1534 bestico

198 1546 592 1625 capientibus
634 1550 878 1624 cedunt,
920 1567 1042 1611 non
1075 1549 1578 1614 vulnerantibus.

273 1628 476 1688 MS.
523 1629 588 1702 Q.
631 1629 687 1692 3.
735 1627 894 1703 Quid
934 1629 1007 1691 de
1048 1630 1149 1705 iis,
1193 1631 1304 1709 qui
1345 1626 1656 1694 venantur
1698 1630 1766 1691 in
1809 1628 2002 1708 fundo
2046 1628 2302 1693 alieno?

279 1706 351 1769 R.
398 1708 462 1770 ld
515 1709 656 1787 lege
699 1709 873 1771 civili
920 1709 1036 1772 snb
1081 1726 1263 1789 poena
1312 1714 1576 1773 vetitum
1622 1720 1740 1785 est,
1771 1727 1823 1771 st
1871 1710 1978 1772 flat
2023 1722 2244 1773 contra
2288 1710 2535 1772 domini
2569 1709 2790 1771 volun·

201 1795 433 1864 tatem3
480 1791 545 1851 in
593 1789 817 1852 Edicto
852 1799 1060 1853 autem
1107 1791 1186 1852 29
1230 1790 1365 1853 dec.
1412 1792 1567 1854 1836
1611 1791 1915 1854 babetur:
1983 1790 2128 1853 Tale
2170 1792 2397 1854 divieto
2454 1790 2608 1852 sara
2649 1806 2790 1868 pre·

200 1877 384 1930 sunto
424 1871 527 1949 pei
570 1871 809 1933 terreni
847 1872 1140 1933 seminati
1181 1887 1215 1932 o
1258 1872 1359 1934 nei
1399 1873 1575 1952 quati
1610 1872 1658 1933 it
1705 1871 1981 1934 raccolte
2009 1874 2039 1933 ὁ
2072 1872 2393 1950 pendente,
2442 1887 2475 1931 o
2518 1870 2625 1931 clze
2663 1878 2790 1932 tro·
2867 1890 2870 1893 ·

200 1950 383 2011 vanai
423 1950 630 2012 chiusi
671 1968 783 2013 con
826 1951 1049 2030 riparo
1111 1952 1505 2031 qualemque:
1568 1969 1681 2032 per
1740 1954 1896 2014 detti
1950 1951 2126 2031 fandi
2165 1952 2309 2016 deve
2374 1950 2684 2013 risuitare
2729 1950 2794 2014 la

193 2031 603 2108 permissione
623 2048 731 2110 per
759 2033 1010 2093 iscritto
1038 2039 1327 2094 ottenuta
1354 2033 1465 2095 dal
1497 2033 1772 2112 padi-one
1798 2032 1949 2112 (BR.
1985 2032 2282 2096 Patentes
2315 2031 2563 2109 tojam
2601 2031 2793 2105 184!ss

201 2118 262 2171 et
306 2111 336 2171 1
381 2111 525 2189 julii
575 2112 747 2174 1845.
792 2111 869 2173 Et
916 2111 1052 2173 Cod.
1103 2111 1252 2188 Civ„
1295 2125 1411 2176 art.
1458 2114 1622 2191 7-12).
1648 2114 1936 2175 Diximus
1981 2114 2108 2192 leae
2135 2114 2357 2187 civili,·
2395 2122 2610 2174 utrum
2662 2127 2796 2189 pec·

202 2200 300 2252 cet
344 2193 535 2253 etiam
586 2201 806 2254 contra
872 2192 1231 2255 naturalem
1275 2201 1340 2255 et
1402 2196 1920 2256 commutativam
1983 2194 2296 2271 Justitiam
2363 2193 2467 2274 qui
2519 2201 2794 2254 venatur

205 2270 330 2348 (vel
380 2273 691 2351 piscatur)
738 2274 801 2333 in
869 2272 1069 2334 fundo
1126 2272 1392 2337 alterius
1464 2285 1685 2336 contra
1744 2276 1884 2352 ejus
1942 2273 2358 2351 voluntatem,
2420 2273 2660 2335 affirma
2719 2273 2788 2333 in

207 2365 351 2412 casu
396 2369 521 2431 quo
562 2352 798 2415 fundus
842 2354 927 2415 sit
970 2354 1053 2416 ita
1101 2353 1353 2417 clausus
1396 2362 1466 2416 ut
1512 2354 1667 2416 seraa
1703 2371 1831 2416 non
1915 2356 2119 2416 ossint
2167 2354 2318 2417 inde
2379 2356 2594 2415 exire:
2640 2354 2789 2431 quia

207 2442 504 2495 censetur
547 2433 676 2495 illae
720 2434 1041 2512 propriam
1088 2436 1382 2496 amisisse
1428 2434 1816 2497 libertatem.
1883 2437 2054 2496 'ecus
2099 2435 2149 2495 si
2208 2433 2447 2497 fundus
2492 2434 2791 2495 omnibus

207 2521 454 2590 pateat:
501 2521 653 2575 tunc
709 2513 1006 2576 dominus
1061 2514 1252 2577 babet
1307 2514 1561 2594 quidem
1614 2517 1719 2593 jus
1779 2514 2198 2594 impediendi,
2254 2532 2335 2577 ne
2403 2522 2674 2576 venetur
2723 2514 2790 2574 in

208 2591 342 2669 eius
386 2593 609 2669 fundu,
640 2595 789 2656 item
827 2603 895 2656 ut
931 2594 1053 2655 sibi
1101 2605 1553 2673 compensetur
1583 2597 1889 2658 damnum
1923 2613 1955 2657 a
2003 2604 2308 2658 venatore
2341 2593 2622 2667 illatum3
2660 2608 2792 2654 non

206 2681 413 2750 potest
458 2684 667 2737 tamen
720 2674 927 2737 facere
971 2691 1148 2737 suam
1196 2675 1396 2737 feram
1463 2676 1548 2738 ibi
1595 2679 1911 2750 occisam,
1960 2676 2068 2739 sed
2114 2676 2190 2738 ad
2251 2677 2604 2738 occisorem
2654 2690 2790 2753 per·

209 2753 386 2815 tinet.
430 2755 619 2832 Luqo,
667 2754 974 2816 Carriere.

282 2833 491 2894 5219.
538 2835 606 2896 In
654 2834 873 2914 Regno
916 2832 1267 2913 Subalpino
1314 2836 1569 2897 venatio
1601 2838 1855 2898 ratione
1892 2835 2013 2899 loci
2043 2834 2365 2916 prohibita
2413 2842 2509 2896 est
2552 2833 2621 2894 in
2668 2841 2795 2893 ter·

208 2914 434 2975 ritorio
480 2915 859 2979 Racconiaii.
907 2914 1060 2978 item
1107 2915 1159 2976 si
1208 2916 1317 2978 flat
1361 2924 1580 2978 contra
1630 2917 2025 2979 voluntatem
2073 2917 2485 2995 proprietarii
2547 2913 2611 3002 in
2659 2911 2800 2974 fun·

208 2991 326 3066 dis,
377 2998 623 3072 stagnis
666 3013 737 3059 ac
783 2995 1046 3058 lacubus
1091 2996 1251 3074 regii
1300 2996 1610 3069 Demanii,
1656 2997 1754 3059 vel
1814 2998 2311 3069 communitatis,
2354 2996 2455 3055 vel
2520 2993 2797 3071 alicujus

207 3076 634 3153 particularis,
681 3076 869 3138 item:
915 3077 1122 3140 Niuno
1158 3077 1346 3156 petriz
1389 3078 1727 3139 cacciando
1789 3078 1885 3138 col
1927 3076 2119 3156 facile
2162 3092 2425 3156 sparare
2467 3076 2534 3137 in
2591 3075 2798 3135 minor

207 3155 509 3218 diatanza
553 3158 620 3219 di
661 3157 739 3220 50
769 3159 956 3218 metri
988 3155 1095 3235 (80
1139 3158 1306 3237 passi
1357 3157 1627 3229 incirca)
1671 3157 1840 3219 dalle
1881 3156 2259 3233 abitazioni‚
2320 3172 2484 3217 come
2525 3154 2800 3233 nenpur'e

207 3236 375 3298 sulla
421 3239 646 3300 strada
690 3255 719 3299 e
762 3237 921 3299 suile
963 3235 1122 3314 siepi
1161 3237 1267 3299 che
1313 3236 1376 3298 {a
1417 3237 1909 3317 fiancbeqqiano.

287 3314 557 3380 Ratione
603 3318 892 3396 temporis
940 3315 1128 3379 bodie
1172 3316 1492 3397 prohibita
1535 3326 1634 3380 est
1676 3334 1707 3380 a
1756 3318 1859 3380 die
1906 3318 1934 3379 1
1986 3317 2291 3379 februarii
2336 3330 2535 3394 usque
2580 3313 2658 3376 ad
2703 3313 2799 3376 ul·

211 3396 426 3458 timam
480 3402 731 3477 augusti
779 3399 1113 3461 inclusive.
1176 3399 1260 3461 La
1329 3400 1544 3460 caccia
1573 3398 1669 3460 coi
1710 3400 1945 3479 sequyi,
1979 3399 2076 3460 coi
2120 3397 2375 3460 levrieri
2417 3413 2449 3456 o
2484 3412 2597 3457 con
2640 3394 2805 3456 altri

211 3479 359 3539 cani
400 3478 483 3538 da
527 3496 727 3556 corsa,
754 3496 877 3541 non
908 3480 1097 3558 petra
1140 3480 1588 3542 incominciare
1631 3477 1741 3541 clte
1782 3480 1878 3541 col
1922 3478 1998 3541 15
2039 3478 2107 3540 di
2147 3476 2385 3541 octobre
2428 3477 2496 3538 di
2537 3479 2800 3538 ciascun

211 3571 395 3619 anno.
442 3558 643 3620 Hodie
690 3568 900 3622 tamen
952 3562 1254 3636 temporis
1299 3559 1755 3622 determinatio
1804 3560 2088 3638 pertinet
2132 3558 2211 3621 ad
2256 3558 2604 3620 concilium
2652 3555 2799 3617 Pro·

211 3637 493 3701 vinciale
537 3642 719 3719 regni
767 3657 845 3702 ex
889 3641 1028 3716 lege
1073 3639 1149 3703 20
1186 3642 1401 3702 martii
1453 3640 1632 3716 1865,
1685 3648 1803 3702 art.
1850 3639 1983 3702 172.
2758 3714 2769 3725 ,

292 3716 565 3782 Ratione
603 3737 883 3800 personoe
914 3719 1211 3782 omnibus
1258 3722 1336 3781 iis
1381 3730 1478 3782 est
1522 3720 1863 3799 prohibita,
1908 3720 2013 3800 qui
2060 3717 2427 3781 facultatem
2466 3732 2595 3779 non
2642 3715 2804 3777 obti-

212 3800 482 3862 nuerint
526 3818 556 3862 a
606 3802 916 3880 principe.
961 3799 1196 3878 Excipe
1244 3802 1365 3862 nisi
1405 3804 1661 3864 venatio
1707 3801 1817 3863 fiat
1863 3811 2149 3878 tempore
2182 3801 2492 3878 permisso
2542 3800 2606 3856 in
2655 3794 2801 3857 fun·

214 3877 312 3939 dis
360 3883 639 3960 propriis
683 3896 868 3943 muro
933 3880 1015 3941 ita
1064 3879 1317 3956 clausis,
1376 3888 1445 3942 ut
1509 3897 1635 3943 non
1705 3890 1916 3960 pateat
1961 3884 2328 3958 ingressus3
2372 3876 2807 3967 quodyamen·

213 3959 304 4020 sic
358 3962 685 4039 explicant
728 3960 798 4022 R.
861 3960 1104 4022 Patent.
1151 3961 1179 4022 1
1241 3960 1387 4038 julii
1437 3961 1632 4024 1845:
1701 3961 2109 4024 S'intendera
2170 3961 2464 4049 ristretta
2508 3972 2575 4017 az
2630 3955 2806 4032 fonds

217 4039 528 4104 attinenti
568 4043 651 4103 ad
690 4039 1048 4105 abitazioni
1090 4057 1121 4102 e
1183 4040 1390 4103 cniusi
1431 4043 1527 4103 coi
1588 4044 1758 4104 muri
1802 4060 1840 4103 a
1903 4041 2094 4115 calce,
2142 4058 2172 4101 e
2227 4047 2439 4102 aventi
2483 4036 2806 4127 *l'altezza

212 4120 280 4182 di
319 4123 510 4183 metri
553 4129 662 4184 tre.
710 4122 856 4184 Haec
899 4132 1108 4184 autem
1156 4119 1424 4183 facultas
1458 4138 1587 4183 non
1635 4122 1942 4184 tribuitur
1987 4134 2193 4199 neque
2238 4121 2339 4192 ii5‚
2387 4133 2493 4196 qut
2545 4130 2804 4209 poenam

215 4202 501 4264 nondum
550 4203 915 4282 penderint,
958 4218 1107 4264 casu
1136 4217 1259 4280 quo
1290 4203 1408 4263 bac
1444 4204 1510 4262 in
1549 4218 1617 4264 re
1659 4202 1789 4280 jam
1836 4200 1961 4263 deli
2014 4202 2263 4275 uerint3
2312 4213 2516 4277 neque
2561 4199 2666 4288 iis,
2694 4212 2803 4275 qut

216 4280 294 4342 ob
341 4282 614 4346 admissa
653 4283 915 4347 turtula.
964 4282 1067 4345 vel
1113 4282 1192 4344 ob
1237 4282 1624 4344 otiositatem
1672 4284 1771 4343 cui
1833 4282 1988 4343 indu
2020 4288 2193 4359 gent,
2255 4280 2352 4341 vel
2398 4279 2478 4340 ob
2522 4275 2645 4338 alia
2694 4277 2805 4340 bu·

213 4361 493 4439 jusmodi
564 4363 809 4442 indigni
876 4379 908 4426 a
975 4362 1224 4443 publica
1298 4364 1679 4425 auctoritate
1719 4362 2202 4441 judicabuntur.
2267 4359 2371 4422 Sic
2437 4356 2805 4420 interdictis

218 4457 469 4523 quoque
514 4443 888 4522 denegatur,
930 4452 996 4506 et
1039 4442 1139 4520 iis,
1173 4444 1279 4522 qui
1328 4441 1612 4505 nondum
1667 4442 1742 4505 16
1785 4457 2024 4505 annum
2069 4439 2555 4519 compleverint.
2622 4435 2805 4531 Quod

218 4531 431 4586 autem
478 4527 762 4604 pertinet
803 4523 879 4586 ad
947 4525 1233 4587 minores
1299 4522 1402 4601 (ab
1446 4536 1617 4585 anno
1662 4523 1738 4586 16
1781 4522 1857 4585 ad
1901 4523 2011 4602 21)
2076 4522 2130 4584 si
2176 4537 2304 4584 non
2349 4523 2479 4583 sint
2522 4532 2805 4611 emanci-

219 4605 349 4682 pati
395 4614 507 4667 aut
550 4604 890 4682 habilitati,
952 4605 1054 4668 vel
1099 4604 1310 4668 adhuc
1373 4603 1490 4666 sub
1555 4605 1753 4666 tutela
1819 4610 2158 4683 parentum
2201 4610 2334 4681 ,aut
2391 4609 2677 4691 tutorum
2723 4614 2809 4691 yt-

219 4692 391 4759 vant,
439 4687 797 4749 necessaria
840 4693 939 4749 est
981 4693 1318 4765 parentum
1363 4683 1465 4748 vel
1505 4692 1784 4748 tutorum
1829 4686 2195 4747 assistentia
2254 4692 2320 4746 et
2361 4687 2808 4756 auctorizatio,

220 4773 290 4828 ut
330 4766 537 4845 ajunt.
