3292 5167
480 173 614 240 530
1146 190 1261 237 ιιε.
1309 189 1373 239 ιι.
1422 193 1634 239 macr.
1685 190 1786 237 vn.
1833 189 1989 238 ntsr.
2040 187 2107 237 ιι.
2157 193 2288 239 ων.
2335 189 2427 237 ιιι.

481 297 536 366 si
592 316 827 367 noscas
886 297 1033 365 ideo
1090 296 1291 364 alium
1348 313 1499 366 esse
1557 296 2214 383 blasphematurum3
2262 305 2403 365 tum
2450 296 2539 365 ob
2586 296 3083 378 intentionem,

485 412 555 474 ut
602 405 658 475 si
708 406 857 493 quis
892 413 1080 492 putet
1112 413 1177 473 et
1209 405 1365 473 velit
1400 424 1538 473 rem
1573 405 1935 475 notabilem
1973 405 2231 474 auterre
2252 430 2271 486 ;
2307 413 2447 473 tum
2478 404 2750 473 wdemum
2783 404 2873 474 ob
2908 421 3086 473 moe·

481 532 702 583 rorem
749 530 946 600 quem
996 520 1441 598 concepturus
1492 520 1601 581 est
1653 512 1965 582 dominus
2013 531 2095 581 ex
2142 512 2320 581 furto
2370 512 2505 581 illo.

660 623 719 688 2.
769 622 1046 688 Furtum
1095 621 1220 689 erit
1263 621 1537 688 absolute
1583 637 1818 706 grave,
1868 618 2137 707 quando
2188 617 2714 707 independenter
2746 636 2785 686 a
2832 617 3085 687 damno

484 726 664 813 quod
714 727 960 813 patitur
1006 727 1334 810 dominus,
1379 726 1444 795 in
1494 729 1830 797 communi
1877 727 2222 797 hominum
2271 745 2471 796 sensu
2508 744 2627 814 per
2662 744 2735 795 se
2768 733 3090 796 censetur

483 836 788 903 sufficere
841 823 923 903 a'd
978 833 1471 903 costituendum
1529 843 1877 921 peccatum
1939 836 2204 905 lethale.
2264 838 2451 905 Tunc
2498 841 2722 905 autem
2768 840 3090 904 censetur

485 942 894 1011 constituere
939 941 1178 1011 lethale
1226 949 1589 1028 peccatum,
1641 942 1905 1028 quando
1950 962 2059 1013 res
2102 943 2317 1013 ablata
2343 942 2533 1030 Juxta
2561 941 2891 1030 judicium
2923 960 3088 1029 pru-

486 1049 760 1118 dentum
821 1055 1040 1135 potest
1096 1048 1455 1136 unicuique
1502 1049 1735 1118 afferre
1784 1067 2047 1135 gravem
2096 1049 2484 1119 utilitatem:
2533 1049 2600 1118 id
2647 1054 2872 1118 autem
2920 1066 3088 1118 cen-

486 1164 672 1225 setur
718 1157 915 1226 talem
959 1156 1315 1224 utilitatem
1349 1155 1604 1239 afferre,
1657 1156 1840 1244 quod
1887 1155 1968 1225 ad
2016 1156 2471 1246 quotidianam
2522 1156 3089 1226 sustentationem
3166 1169 3173 1174 ·

488 1262 684 1332 unius
746 1263 1005 1332 honesti
1075 1263 1384 1350 operarii,
1435 1263 1632 1333 unius
1706 1264 1973 1335 bonesti
2041 1265 2164 1334 viri
2211 1284 2329 1335 seu
2377 1264 2809 1334 mediocriter
2860 1261 3088 1332 ‹ivitis

488 1371 850 1458 requiritur
894 1379 959 1439 et
1006 1371 1279 1440 sufficit.

667 1480 729 1546 3.
785 1480 924 1546 Erit
978 1478 1226 1547 furtum
1270 1480 1526 1550 relative
1572 1498 1809 1565 grave,
1858 1480 2124 1567 quando
2176 1480 2524 1566 speciatim
2584 1477 2952 1548 attenditur
2996 1475 3085 1543 ad

491 1585 804 1654 damnum
872 1586 1052 1672 quod
1118 1585 1272 1654 inde
1330 1588 1577 1674 patitur
1622 1587 1971 1658 dominus:
2022 1587 2205 1675 quod
2250 1587 2521 1674 quidem
2572 1605 2706 1656 non
2755 1585 2930 1655 idem
2979 1589 3087 1652 est

491 1711 611 1780 pro
656 1694 986 1762 omnibus,
1037 1694 1146 1761 Sic
1194 1702 1504 1780 respectu
1549 1696 1990 1782 quorundam,
2040 1716 2098 1764 ν.
2135 1714 2217 1782 g.,
2269 1714 2654 1783 pauperum,
2691 1695 2936 1780 quibus
2977 1708 3088 1760 res

490 1801 666 1869 furto
714 1801 1055 1884 aufertur,
1107 1809 1418 1870 censetur
1463 1803 1678 1888 gravis
1695 1830 1714 1885 ;
1788 1811 2101 1889 respectu
2176 1821 2330 1872 vero
2400 1804 2703 1884 aliorum,
2748 1820 2804 1868 v,
2852 1818 2939 1886 g.‚
2992 1797 3095 1866 di-

492 1910 732 1993 vitum,
784 1916 1093 1978 censetur
1161 1909 1354 1978 levis:
1420 1913 1503 1978 In
1566 1912 1906 1980 amissione
1975 1912 2161 1978 unius
2227 1912 2502 1996 pallium,
2552 1911 2643 1978 ait
2710 1903 3090 1993 Angelicus,

485 2017 634 2103 plus
680 2017 962 2103 (pauper
1019 2019 1285 2104 nempe)
1331 2030 1665 2112 pravam,
1713 2038 1905 2105 qaam
1951 2037 2116 2086 unus
2166 2019 2434 2087 multum
2478 2019 2651 2086 dives
2710 2027 3094 2103 pravaretur

495 2123 561 2189 in
606 2123 775 2190 mille
818 2124 1052 2190 marcis
1079 2122 1130 2192 ¹.

583 2232 772 2299 Patet
818 2237 1059 2312 autem,
1106 2230 1289 2317 quod
1334 2230 1796 2300 determinatio
1845 2232 2145 2301 materiae
2184 2232 2512 2302 absolutae
2548 2230 2628 2299 ad
2656 2228 3094 2317 judicandum

497 2336 577 2405 de
616 2339 864 2423 peccati
901 2338 1235 2423 gravitate,
1271 2347 1428 2408 tunc
1462 2347 1716 2408 tantum
1755 2339 1994 2409 debeat
2028 2340 2271 2409 habere
2321 2338 2560 2420 locum,
2597 2337 2863 2425 quando
2904 2336 3097 2421 igno-

501 2451 685 2513 retur
738 2452 950 2514 status
1010 2465 1085 2515 ac
1126 2446 1418 2516 conditio
1469 2465 1774 2534 personat
1821 2447 2301 2529 damnificatae3
2347 2446 2469 2516 sed
2514 2447 2582 2514 in
2630 2445 2773 2514 aliis
2823 2444 3094 2513 casibus

499 2552 799 2622 habenda
855 2561 956 2623 est
995 2556 1161 2623 ratio
1193 2557 1488 2624 materiae
1523 2556 1833 2626 relativae.
1871 2557 2079 2625 Porro
2115 2556 2483 2643 antiquitus
2516 2554 2869 2641 rigidiores
2904 2559 3098 2621 erant

500 2669 807 2732 auctores
857 2663 922 2731 in
973 2662 1362 2748 assignanda
1412 2663 1682 2731 materia
1729 2663 1884 2731 furti
1936 2664 2149 2749 gravis
2166 2689 2183 2745 ;
2217 2681 2369 2732 cum
2405 2671 2563 2733 tunc
2598 2662 2877 2749 pecunia
2911 2666 3097 2729 esset

501 2769 729 2839 rarior.
777 2772 860 2840 At
905 2770 1103 2840 hodie
1150 2772 1597 2841 communiter
1646 2790 1781 2840 non
1834 2772 1922 2839 ita
1970 2771 2335 2841 severiores
2385 2777 2573 2854 sunt;
2623 2787 2773 2838 nam
2807 2767 3094 2855 pecunia

499 2878 684 2949 hisce
738 2878 1152 2964 temporibus
1206 2886 1442 2964 utpote
1495 2878 1558 2947 in
1618 2879 1907 2947 humano
1965 2879 2367 2948 commercio
2416 2878 2903 2957 abundantior,
2950 2894 3091 2945 non

498 2990 592 3056 ita
638 2986 920 3054 habetur
969 2985 1254 3071 pretiosa
1270 3011 1290 3068 3
1340 2985 1623 3074 ideoque
1659 2986 1975 3071 Theologi
2025 2986 2345 3072 maJorem
2378 3003 2705 3054 summam
2740 2984 3101 3070 requirunt

502 3093 585 3163 ad
630 3091 908 3162 mortale
954 3091 1203 3160 furtum
1247 3093 1809 3162 constituendum.
1846 3096 1914 3161 ln
1950 3094 2071 3162 bac
2105 3100 2324 3162 autem
2358 3110 2431 3161 re
2469 3093 2649 3178 (quae
2683 3107 3097 3176 magnopere

505 3199 749 3287 pendet
815 3218 850 3267 a
922 3200 1322 3288 prudentum
1378 3200 1853 3288 aestimatione)
1901 3202 2117 3287 major
2161 3200 2521 3270 auctoritas
2570 3200 2891 3285 majorem
2938 3215 3106 3267 con-

505 3308 719 3377 stituit
768 3309 1319 3394 probabilitatem.
2162 3313 2167 3316 ’

596 3415 665 3482 Si
719 3416 920 3501 igitur
972 3423 1202 3501 agatur
1260 3415 1342 3486 de
1389 3433 1644 3485 summa
1693 3416 1997 3485 absolute
2056 3416 2274 3500 gravi,
2329 3433 2471 3485 eam
2521 3414 2968 3483 determinant
3014 3411 3101 3480 ad

508 3522 802 3608 quinque
848 3530 961 3591 aut
1008 3541 1126 3591 sex
1167 3522 1428 3592 circiter
1475 3523 1728 3594 libellas
1779 3522 2008 3608 (vulgo
2053 3524 2365 3609 franchi).
2416 3523 2483 3591 Si
2531 3541 2687 3593 vero
2736 3527 2968 3606 agatur
3017 3519 3104 3588 de

506 3629 782 3698 materia
827 3630 1000 3714 gravi
1050 3630 1317 3698 relative
1353 3637 1694 3716 spectata,
1751 3630 2019 3698 attentis
2069 3632 2428 3716 praecipuis
2476 3634 2764 3716 Europae
2814 3628 2980 3697 locis
3029 3635 3100 3696 et

507 3746 884 3823 temporum
929 3746 1310 3807 nostrorum
1358 3738 1705 3825 adjunctis,
1755 3737 1836 3804 ad
1884 3755 2030 3806 eam
2078 3737 2532 3821 exjmodernis
2573 3736 2961 3806 auctoribus
2999 3754 3106 3803 re-

509 3844 681 3930 quiri
733 3844 1012 3913 videtur:
1046 3881 1135 3893 —-
1185 3847 1250 3930 1)
1291 3844 1554 3914 circiter
1585 3845 1769 3914 valor
1806 3846 2004 3914 unius
2053 3845 2255 3914 franci
2290 3846 2495 3914 relate
2531 3845 2613 3913 ad
2644 3860 2995 3931 pauperes»,
3031 3849 3100 3910 et

508 3971 641 4021 non
686 3969 833 4020 raro
882 3952 1099 4020 minus
1149 3969 1268 4038 pro
1318 3952 1547 4039 majori
1598 3954 1912 4040 pauperis
1966 3952 2360 4021 necessitate
2378 3977 2397 4034 3
2444 3988 2534 4001 -
2563 3952 2633 4036 2)
2663 3950 2931 4018 circiter
2962 3947 3095 4015 duo

507 4059 608 4127 vel
665 4068 799 4129 tres
858 4059 1060 4129 franci
1120 4060 1324 4128 relate
1376 4059 1458 4127 ad
1505 4059 1895 4147 operarios,
1945 4059 2057 4146 qui
2111 4059 2341 4127 labore
2388 4058 2627 4127 diurno
2677 4058 2925 4127 victum
2971 4053 3098 4124 sibi

510 4175 894 4254 comparant
909 4193 929 4250 3
976 4204 1067 4216 -—
1112 4167 1181 4254 3)
1231 4167 1492 4237 circiter
1537 4174 1845 4254 quatuor,
1897 4165 1998 4234 vel
2048 4165 2342 4252 quinque
2389 4166 2592 4234 franci
2628 4164 2833 4234 relate
2871 4163 3104 4251 ad,ho·

509 4275 722 4344 mines
771 4276 1198 4345 mediocriter
1241 4275 1475 4344 divites
1492 4301 1518 4354 ;
1562 4311 1650 4323 —
1697 4273 1765 4359 4)
1815 4274 2080 4342 circiter
2130 4291 2266 4357 sex,
2320 4274 2419 4342 vel
2469 4278 2723 4359 septem
2760 4272 2963 4340 franci
3005 4289 3109 4341 re-

511 4387 643 4455 late
689 4384 767 4451 ad
814 4383 1049 4452 divites
1098 4382 1465 4451 ordinarios
1470 4410 1504 4470 3
1554 4417 1635 4431 -
1683 4385 1754 4469 ὅ)
1803 4399 1840 4450 a
1889 4388 2161 4468 peccato
2213 4379 2393 4467 gravi
2447 4398 2785 4467 nunquam
2819 4398 3100 4448 excusa-

575 4640 597 4681 ¹
634 4641 779 4705 Opus
813 4641 879 4694 de
909 4643 1053 4694 erud.
1092 4642 1289 4703 Ptine„
1323 4641 1359 4694 l.
1394 4653 1485 4703 vu,
1520 4651 1565 4693 c.
1592 4644 1642 4694 8.
