3292 5167
1012 202 1090 253 ot
1139 200 1580 253 aesmu‘rtoffz
1629 202 1695 251 m
1739 200 1950 253 sancit.
2667 189 2796 257 483

178 308 280 375 vel
325 309 708 396 respublicas
749 308 1135 395 superiorem
1201 308 1462 376 minime
1512 317 1949 395 agnoscentes.-
2026 326 2104 377 ex
2154 325 2286 395 quo
2337 316 2518 397 patet
2566 310 2800 381 discri-

181 426 338 483 men
388 410 545 483 belli
579 428 612 481 a
654 413 1039 496 rebellione,
1075 413 1405 483 seditione
1443 420 1512 482 et
1557 412 1802 481 dael-10.
1855 413 2113 499 Duplex
2146 423 2249 483 est
2283 417 2532 485 bellum
2567 441 2583 484 ε
2619 416 2798 486 aliud

179 518 568 606 dorcasinum
615 518 696 585 ad
745 518 1262 608 propulsandam
1311 519 1661 608 injuriam;
1711 519 1889 588 aliud
1934 522 2302 609 offmsivam
2354 523 2435 590 ad
2483 525 2793 594 obtinen-

182 625 336 694 dam
384 626 908 696 satisfactionem
955 648 1076 716 pro
1126 628 1386 715 injuria.

269 732 341 804 R.
383 732 484 803 Ad
529 736 598 800 2:
636 735 893 803 Bellum
938 742 1040 804 est
1087 735 1366 818 licitum,
1419 738 1467 801 si
1512 735 1719 821 justae
1768 732 1994 802 adsint
2056 733 2527 805 conditiones:
2576 755 2799 807 nonne

179 841 508 910 Abrabam
551 842 614 909 in
666 842 841 928 Lege
889 849 1142 911 naturae
1193 841 1442 912 bellum
1491 841 1720 928 gessit,
1763 846 1839 909 et
1889 841 1946 909 ei
2008 858 2043 907 a
2091 842 2269 910 bello
2332 843 2635 911 redeunti
2684 845 2799 913 be·

188 945 438 1016 nedixit
485 946 971 1016 Melchisedech
1033 946 1362 1017 Sacerdos
1431 947 1607 1016 Dei?
1676 948 1908 1015 Nonne
1983 946 2048 1014 in
2103 948 2279 1032 Lege
2326 948 2570 1035 scripta
2618 952 2797 1019 Deus

180 1054 326 1141 ipse
374 1054 621 1123 bellum
669 1056 1031 1141 probavit?
1075 1058 1308 1124 Nonne
1356 1054 1661 1123 Christus
1711 1054 1777 1122 in
1831 1056 2004 1139 Lege
2054 1072 2219 1123 nova
2272 1055 2555 1123 laudavit
2613 1060 2787 1124 Cen-

184 1162 569 1243 turionem,
651 1161 761 1248 qui
832 1168 971 1230 erat
1021 1162 1274 1231 militiae
1355 1161 1659 1230 addictus
1711 1160 1791 1228 ¹?
1859 1161 2076 1231 Adde:
2150 1169 2417 1230 tenetur
2480 1164 2796 1250 princeps

181 1266 604 1337 subditorum
654 1286 934 1336 suorum
996 1269 1194 1336 vitam
1243 1286 1320 1337 ac
1389 1268 1801 1337 substantias
1877 1268 2045 1336 tueri
2099 1284 2173 1336 ac
2221 1267 2406 1352 regni
2452 1269 2604 1355 jura
2676 1286 2793 1337 cu·

181 1390 371 1457 rare3
421 1376 601 1462 atqui
657 1378 721 1443 id
769 1394 950 1461 saepe
1001 1395 1130 1444 non
1167 1383 1392 1464 potest
1429 1394 1766 1462 peragere,
1802 1376 1928 1445 nisi
1970 1374 2220 1444 bellum
2254 1375 2591 1461 gerend03
2644 1394 2796 1447 cum
2874 1399 2882 1406 ·

179 1483 415 1552 altiora
487 1482 707 1551 desint
779 1483 1151 1564 tribunalia,
1225 1484 1305 1551 ad
1373 1501 1524 1570 quae
1592 1500 1938 1553 recurrere
2001 1491 2242 1567 queat:
2293 1501 2416 1552 nec
2466 1484 2554 1550 ita
2608 1485 2796 1554 facile

179 1608 253 1660 ac
301 1608 568 1677 semper
616 1589 761 1657 aliis
813 1590 1232 1677 Principibus
1281 1591 1732 1677 quaestionem
1781 1589 2137 1659 remittere
2156 1572 2798 1660 *aleatsconditio-

180 1716 300 1767 nes
349 1705 571 1766 autem
623 1705 825 1766 sunt:

365 1809 419 1872 t.
471 1809 551 1875 Ut
585 1805 756 1873 adsit
784 1820 980 1874 causa
1009 1805 1187 1891 justa
1238 1813 1303 1873 et
1338 1805 1573 1891 gravis,
1603 1824 1658 1872 v.
1687 1823 1771 1889 g.,
1800 1805 2166 1874 necessitas
2200 1805 2355 1874 boni
2418 1806 2796 1876 communis

177 1915 278 1983 rel
329 1914 575 2000 quietis
625 1912 909 2000 publicae
961 1912 1453 1996 conservandae,
1505 1913 1824 1981 coercitio
1862 1913 2323 1999 perduellium,
2358 1913 2657 1984 defensio
2693 1914 2796 1984 in-

178 2023 586 2104 nocentium,
639 2030 808 2104 etc.;
858 2040 1014 2090 cum
1061 2022 1239 2091 enim
1286 2040 1322 2089 e
1372 2022 1547 2090 bello
1598 2028 1700 2090 tot
1748 2023 1918 2090 mala
1968 2029 2034 2090 et
2078 2024 2363 2108 ‘corpori
2418 2030 2483 2092 et
2541 2024 2793 2093 animae

179 2129 590 2216 proveniant,
629 2129 788 2196 illud
825 2129 1087 2207 nonnisi
1116 2128 1181 2196 in
1218 2130 1531 2197 extremis
1561 2127 1952 2196 tentandum
1983 2136 2116 2196 est:
2153 2130 2333 2197 unde
2370 2131 2787 2216 Augustinus

180 2236 431 2305 relatus
481 2237 544 2303 in
588 2236 740 2322 jure
788 2237 911 2304 ait:
963 2240 1185 2304 Pacem
1230 2235 1398 2303 debet
1441 2237 1665 2303 habere
1712 2237 2021 2319 voluntas,
2089 2237 2313 2304 bellum
2358 2240 2693 2305 necessitas
2728 2242 2793 2306 ².

180 2340 302 2424 Qui
353 2349 705 2430 propterea
755 2343 1004 2411 bellum
1071 2343 1393 2429 injustum
1468 2342 1792 2424 indicunt,
1845 2349 2157 2412 tenentur
2227 2343 2293 2411 in
2365 2344 2658 2412 solidum
2710 2342 2796 2414 de

179 2449 421 2517 damno
472 2468 591 2535 per
638 2450 1004 2518 exercitum
1054 2449 1260 2532 illato,
1296 2468 1448 2517 cum
1483 2449 1617 2517 sint
1658 2467 1876 2519 causae
1915 2450 2332 2535 principales,
2384 2450 2625 2519 Milites
2676 2468 2790 2518 au-

179 2563 314 2626 tem
347 2556 412 2623 in
459 2556 636 2625 bello
670 2555 1012 2626 evidenter
1059 2556 1304 2642 injusto
1359 2563 1670 2625 tenentur
1716 2557 1957 2643 singuli
2007 2557 2088 2626 de
2140 2556 2397 2626 damnis
2463 2575 2613 2644 quae
2671 2576 2793 2644 per

177 2663 510 2732 actionem
563 2663 881 2750 privatam
932 2663 1023 2749 (id
1077 2672 1178 2731 est
1230 2681 1360 2731 non
1412 2680 1541 2749 qua
1605 2664 1881 2749 milites)
1934 2663 2203 2750 privatis
2264 2663 2655 2746 intulerint3
2724 2671 2791 2733 et

175 2770 420 2857 singuli
470 2789 589 2857 pro
639 2768 776 2839 rata
827 2771 907 2840 de
956 2770 1214 2840 damnis
1261 2788 1296 2837 a
1349 2777 1491 2839 toto
1542 2772 1838 2840 exercitu
1896 2771 2115 2854 illatis,
2148 2777 2215 2841 et
2250 2790 2421 2840 unus
2470 2774 2669 2841 etiam
2720 2772 2787 2841 in

176 2878 439 2948 defectu
494 2878 765 2946 alterius
790 2904 809 2961 3
857 2897 1009 2947 cum
1052 2896 1288 2947 omnes
1320 2885 1516 2964 agant
1549 2878 1747 2947 simul
1790 2877 2274 2965 conspirando,
2329 2878 2452 2948 nisi
2494 2879 2667 2949 forte
2708 2897 2789 2948 ex

177 2987 354 3074 gravi
408 2994 588 3055 metu
640 2985 720 3053 ad
766 2985 1293 3072 belligerandum
1343 2986 1557 3055 coacti
1609 2986 1877 3055 fuerint.

359 3094 421 3162 2.
469 3096 555 3163 Ut
601 3100 780 3162 recta
830 3093 1152 3163 habeatur
1199 3094 1504 3176 intenti0‚
1539 3093 1606 3160 id
1639 3100 1743 3162 est
1785 3111 1918 3163 non
1959 3093 2209 3175 odium,
2247 3112 2379 3161 non
2421 3110 2609 3162 amor
2641 3113 2788 3181 par-

181 3200 377 3284 tium,
415 3219 544 3269 non
579 3201 822 3269 invidia
865 3201 963 3270 vel
997 3202 1210 3270 inanis
1245 3201 1474 3287 gloriae
1510 3200 1836 3287 cupiditas
1873 3201 2227 3287 imperium
2261 3198 2594 3270 dilatandi.
2630 3204 2811 3273 Haec·

177 3313 399 3376 tamen
451 3308 764 3388 conditio,
804 3309 858 3377 si
908 3309 1078 3378 desit
1126 3308 1517 3394 (dummodo
1552 3307 1726 3376 adsit
1775 3308 2013 3395 prima)
2062 3326 2141 3377 ex
2180 3308 2358 3379 bello
2409 3327 2541 3378 non
2578 3310 2790 3378 oritur

178 3414 505 3500 obligatio
541 3415 983 3485 restitutionis
1034 3415 1188 3503 quia
1236 3414 1422 3485 adest
1470 3430 1664 3484 causa
1697 3468 1713 3497 ‚
1763 3414 1917 3484 licet
1964 3415 2225 3485 deficiat
2271 3418 2335 3483 in
2386 3416 2610 3485 modo.

269 3521 479 3587 ¹504.
529 3524 602 3603 Q.
652 3525 713 3590 2.
767 3526 1068 3605 Quoenam
1114 3525 1410 3612 speciales
1456 3523 1861 3609 obligationes
1897 3524 2285 3611 principum,
2321 3525 2547 3592 ducum
2585 3523 2792 3610 quoad

173 3630 446 3708 militam,-
489 3640 547 3698 et
590 3649 728 3715 quoe
774 3631 1178 3716 obligationes
1223 3631 1506 3720 ipsorum
1558 3630 1833 3698 militum
1852 3636 1886 3699 ?

271 3739 343 3805 R.
393 3736 491 3806 Ad
541 3739 616 3805 l:
665 3731 1125 3824 Principes'et
1171 3736 1376 3807 duces
1425 3744 1743 3806 tenentur
1787 3739 1917 3807 sub
1964 3736 2139 3824 gravi
2191 3755 2445 3819 curare,
2498 3744 2570 3804 ut
2618 3737 2787 3805 mili-

182 3853 290 3914 tes
339 3852 673 3933 praecepta
721 3846 862 3928 Dei,
914 3852 1117 3932 atque
1160 3845 1477 3915 Ecclesiae
1529 3845 1779 3933 (quoad
1837 3847 2092 3934 potest)
2164 3847 2553 3915 observent:
2629 3850 2789 3913 sunt

162 4035 428 4099 phrasim,
461 4036 590 4100 quia
621 4037 753 4089 nibil
780 4036 940 4089 babet
970 4036 1094 4090 belli
1129 4049 1224 4089 seu
1258 4038 1485 4099 amaeni;
1526 4037 1607 4089 vel
1642 4050 1675 4088 a
1706 4038 1897 4098 bellua,
1932 4038 2064 4102 quia
2099 4035 2179 4091 uti
2207 4035 2464 4087 immanis
2486 4035 2665 4087 bellua
2693 4036 2786 4088 bo·

172 4097 350 4148 mines
381 4097 639 4162 devorat;
677 4099 758 4150 vei
794 4100 972 4163 potius
1008 4112 1040 4151 a
1072 4099 1193 4150 Belo
1226 4110 1345 4160 rege
1379 4101 1725 4163 Assyriorum
1760 4104 1940 4165 (quem
1973 4099 2200 4152 Genesis
2243 4098 2477 4162 appellat
2498 4098 2786 4163 Nomiod),

170 4160 266 4224 qui
338 4160 506 4212 rimus
534 4159 765 4213 terreum
796 4161 1031 4234 gladium
1067 4161 1133 4236 ad
1168 4160 1356 4235 finium
1390 4173 1616 4250 suorum
1650 4162 2015 4238 defensionem
2068 4161 2299 4213 invexit.
2337 4186 2399 4199 —
2440 4160 2496 4211 V.
2531 4160 2791 4212 Christia-

169 4233 282 4359 n?
293 4225 583 4359 Ggiquist'ivss
613 4226 791 4337 {xgi'i
816 4231 1034 4339 ἷὲιιιφὲῗ
1055 4224 1909 4360 affliget&'etp-ascfffufifflgfffi.
1935 4286 2115 4349 Saqaio
2149 4295 2280 4345 ecc„
2315 4284 2368 4348 ξς
2403 4283 2526 4360 {317
2542 4321 2559 4347 ,
2591 4284 2690 4337 etc.
2720 4310 2787 4325 -

171 4345 361 4432 Civilta
395 4347 659 4408 caltulum,
691 4360 793 4400 ser.
828 4350 903 4412 4⁸,
940 4349 978 4399 t.
1011 4361 1117 4402 vn:
1155 4351 1250 4401 art.
1282 4351 1359 4400 La
1391 4351 1577 4411 treyua
1606 4350 1660 4401 di
1697 4350 1789 4401 Deo
1839 4361 1865 4399 e
1913 4347 1967 4399 la
1995 4361 2122 4412 pace
2161 4347 2517 4411 litante-opica.
2551 4372 2615 4385 —
2663 4349 2779 4402 Fer·

167 4408 764 4525 rapsaoig.offiegamffla
795 4472 914 4525 sine
945 4472 1199 4524 maximis
1230 4471 1483 4536 expensis
1518 4471 1718 4525 bellum
1749 4471 2001 4525 sustineri
2044 4482 2153 4523 non
2188 4473 2393 4534 potest3
2428 4483 2598 4537 quare
2642 4472 2786 4525 ultra

164 4532 395 4587 modum
423 4545 626 4595 gravan
667 4535 681 4585 i
712 4538 840 4587 sunt
871 4532 1088 4587 subditi.
1128 4537 1234 4586 Hac
1269 4536 1323 4585 in
1357 4544 1414 4585 re
1430 4530 1652 4586 celebris
1674 4537 1754 4586 est
1774 4534 1924 4586 Bulla
1954 4532 2339 4586 ctericistaicos
2360 4533 2619 4586 Bonitacii
2645 4534 2781 4597 Viri,

163 4606 315 4649 amo
349 4599 491 4657 tm,
522 4598 578 4649 et
610 4597 717 4648 alia
749 4598 840 4648 [ns
878 4598 1046 4657 abilis,
1085 4597 1178 4649 ubi
1210 4596 1749 4651 excommunicantur
1779 4598 1871 4662 qui
1904 4596 2030 4650 ideo
2049 4597 2275 4649 clericos
2298 4598 2351 4650 et
2369 4597 2622 4650 Ecclesiae
2640 4596 2785 4650 bona

161 4660 296 4712 taxa
326 4661 571 4722 gravant,
608 4662 667 4712 ut
701 4661 817 4712 erat
870 4673 902 4711 n
938 4671 1041 4713 usu
1072 4662 1124 4712 et
1156 4658 1334 4713 adbuc
1366 4660 1467 4711 est.
