3292 5167
1130 185 1209 234 ne
1250 184 1537 240 susm-u:
1583 182 1856 234 pinianus
1904 228 1916 242 ,
2021 228 2032 241 ,
2663 167 2784 236 541

195 293 304 353 tes
343 287 740 353 reducuntur
780 288 1250 370 consanquinei,
1285 289 1393 369 qai
1433 287 1808 370 referuntur
1849 288 1934 351 ad
1968 289 2297 370 principia
2334 290 2541 352 nostri
2576 305 2706 352 esse
2746 291 2792 349 ¹:

203 368 286 433 a‘d
310 371 582 449 patriam
610 368 982 433 referuntur
1011 372 1309 433 concives
1342 380 1600 450 propter
1632 386 1855 432 eorum
1895 384 2038 432 cum
2083 371 2216 450 ipsa
2248 371 2797 450 conjunctionem.

281 449 352 512 R.
394 449 488 513 Ad
531 451 600 514 2:
644 448 1064 513 observantia
1109 458 1207 513 est
1248 451 1453 513 virtus
1482 450 1770 526 moralis,
1807 466 1933 529 qua
1960 453 2246 528 personis
2279 452 2596 532 diqnitate
2672 466 2794 514 rae·

189 530 519 595 stantibus
549 529 748 594 debiti
788 529 1040 593 honoris
1084 531 1270 611 siqua
1305 537 1368 594 et
1398 532 1759 594 reverentia·
1804 538 2179 611 arpumenta
2220 532 2582 611 deferimus.
2670 545 2797 594 ane

193 626 330 673 non
375 628 483 674 eos
527 611 695 673 solos
738 610 1044 675 debemus
1090 613 1156 672 in
1206 614 1514 693 societate
1559 612 1775 675 colere
1817 618 1884 674 et
1934 612 2241 688 revereri,
2269 614 2376 692 qui
2416 611 2599 674 nobis
2630 628 2797 691 prae·

195 700 353 755 sunt
394 709 474 754 ex
516 690 765 765 officio;
810 691 923 754 sed
967 693 1160 755 etiam
1209 691 1374 767 illos,
1437 692 1544 772 qui
1605 694 1861 756 ratione
1930 708 2309 772 quacunque
2363 693 2795 771 praeeminent

196 772 336 835 sive
358 779 570 847 aetate,
599 775 734 835 sive
759 775 1073 850 sapientia
1108 781 1170 834 et
1202 772 1522 848 doctrina,
1544 776 1683 835 sive
1709 773 1973 836 honoris
2001 782 2067 836 et
2093 774 2385 836 muneris
2410 777 2633 850 gradu,
2675 784 2798 837 etc.

204 852 320 916 Est
358 852 631 915 debitum
674 853 928 928 morale,
971 854 1182 932 inquit
1243 853 1604 930 Angelicus‚
1648 852 1812 933 qaod
1852 870 1931 915 eat
1976 855 2246 931 quadam
2320 851 2647 918 honestate
2694 855 2795 916 de·

201 932 419 997 betur.-
461 941 525 995 et
565 932 677 994 ltoc
716 934 890 995 modo
922 931 1205 996 debemus
1247 931 1488 996 maltum
1528 940 1591 995 et
1624 934 1914 996 honorem
1957 931 2081 1010 Itis,
2123 934 2235 1013 qui
2276 940 2429 997 sunt
2473 933 2539 995 in
2583 933 2795 1013 diyni·

202 1020 337 1077 tate
377 1014 731 1088 constituti,
779 1014 1033 1075 etiamsi
1076 1031 1198 1080 non
1240 1015 1437 1076 simas
1481 1015 1570 1076 eis
1614 1011 1890 1092 subjecti
1933 1012 1980 1074 ².

281 1092 470 1154 πθ.
515 1093 818 1155 Graviora
868 1105 1178 1174 praecepta
1228 1097 1484 1173 pietatis
1528 1102 1593 1156 et
1636 1095 2066 1157 observantiae
2111 1102 2298 1158 sunt:

366 1174 419 1236 1.
461 1172 544 1237 Ut
585 1174 839 1237 debitus
883 1175 1093 1237 cultus
1139 1184 1202 1237 et
1250 1176 1452 1237 bonor
1499 1175 1897 1253 parentibuS‚
1942 1176 2188 1253 patriae,
2235 1173 2683 1254 superioribus
2727 1179 2794 1233 et

201 1253 481 1334 singulis
526 1256 591 1316 in
637 1255 952 1333 dignitate
996 1256 1380 1330 constitutis,
1426 1255 1524 1316 vel
1571 1256 1740 1318 clara
1784 1256 1870 1317 ali
1924 1271 1997 1318 ua
2059 1256 2481 1334 praerogativa
2552 1253 2799 1330 fulgen·

201 1334 394 1407 tibus,
437 1334 816 1398 exhibeatur
863 1335 1074 1397 verbis
1119 1344 1183 1397 et
1227 1335 1428 1398 factis.
1473 1336 1764 1398 Diximus
1806 1336 1878 1398 de
1926 1338 2055 1400 itus
2099 1334 2330 1410 cultus,
2379 1339 2460 1398 ita
2498 1342 2566 1396 ut
2605 1334 2795 1411 justi·

205 1415 314 1477 tiae
360 1415 692 1478 dictamini
742 1431 815 1478 ac
858 1415 1284 1479 moderationi
1330 1415 1745 1494 subjiciatur3
1777 1431 1903 1478 non
1951 1419 2122 1478 enim
2159 1431 2306 1479 raro
2353 1419 2421 1478 in
2465 1416 2585 1477 hoc
2615 1413 2794 1475 cultu

203 1494 628 1575 deplorantur
668 1512 1006 1558 excessus:
1049 1514 1104 1559 v.
1147 1514 1228 1575 g.,
1270 1507 1424 1575 quot
1466 1508 1618 1573 sunt
1660 1498 1767 1576 qui
1818 1498 2048 1559 vitioso
2092 1498 2318 1575 patriae
2357 1511 2575 1560 amore
2620 1493 2802 1556 ducti

201 1575 480 1639 aliorum
525 1576 668 1655 jura
715 1575 1148 1654 pessumdant,
1181 1575 1534 1656 Religionis
1581 1586 1896 1657 praecepta
1936 1576 2341 1652 conculcant,
2385 1584 2627 1638 aeterna
2668 1571 2799 1635 fata

203 1664 649 1731 contemnunt,
714 1655 1128 1732 fraudolenti,
1186 1657 1452 1734 feroces,
1520 1657 1881 1738 blasphemi
1930 1655 1992 1718 ⁸!
2040 1656 2171 1719 Hoc
2229 1659 2465 1720 merito
2525 1655 2675 1717 Pius
2718 1652 2803 1716 IX

199 1736 540 1800 damnavit
584 1739 647 1798 in
684 1734 934 1817 Syllaba
979 1740 1420 1820 propositione
1460 1737 1562 1801 64.

365 1818 426 1881 2.
465 1817 545 1880 Ut
588 1817 918 1890 molestiae,
966 1834 1125 1898 quas
1169 1819 1353 1882 nobis
1396 1818 1499 1880 vel
1542 1816 1837 1881 difficiles
1881 1816 2348 1881 consuetudine
2385 1815 2486 1878 vel
2533 1814 2802 1892 ingenio

200 1899 397 1961 nimis
442 1898 770 1961 interdum
816 1897 1131 1962 fastidiosi
1178 1899 1481 1971 afferunt,
1549 1914 1732 1978 aequo
1776 1899 1990 1961 animo
2037 1897 2351 1974 ferantur,
2394 1913 2604 1975 neque
2656 1893 2802 1984 ideo

200 1977 416 2042 debita
467 1979 619 2057 ipsis
663 1979 865 2041 officia
913 1978 1521 2057 praetermittantur:
1563 1979 1718 2058 Fili,
1757 1979 2002 2058 suscipe
2058 1986 2365 2042 senectam
2416 1977 2626 2057 patris
2687 1981 2803 2050 tui,

202 2066 270 2123 et
308 2077 430 2122 non
474 2059 809 2121 contristes
852 2076 988 2122 eum
1032 2060 1102 2123 in
1155 2061 1292 2122 vita
1335 2061 1553 2123 illius.-
1595 2068 1659 2124 et
1709 2060 1768 2122 si
1806 2058 2108 2137 defecerit
2148 2077 2353 2136 sensu,
2413 2057 2660 2120 veniam
2700 2056 2805 2131 da,

202 2148 268 2203 et
308 2156 384 2203 ne
425 2155 689 2219 spernas
733 2157 870 2202 eam
914 2141 982 2202 in
1025 2142 1262 2204 virtute
1308 2146 1421 2204 tua
1455 2139 1502 2205 ⁴.

367 2220 422 2283 3.
467 2219 546 2283 Ut
592 2219 699 2282 illa
748 2222 879 2299 ipsa
926 2221 1130 2283 officia
1163 2234 1304 2283 cum
1350 2219 1623 2301 quodam
1650 2218 2076 2300 jucunditatis
2111 2234 2303 2281 sensu
2347 2225 2411 2281 et
2454 2218 2670 2280 animo
2707 2213 2801 2278 lu·

201 2298 384 2362 beuti
432 2300 915 2379 persolvantur3
958 2300 1126 2380 quod
1171 2300 1427 2380 quidem
1474 2302 1777 2365 meritum
1822 2302 2036 2380 operis
2079 2307 2288 2379 auget.

288 2378 483 2441 wo.
530 2381 596 2454 Q.
640 2382 697 2442 2.
743 2380 904 2456 Quid
944 2389 1042 2444 est
1081 2380 1434 2445 obedientia
1477 2389 1540 2444 et
1579 2381 1968 2463 quotuplex?
2346 2394 2352 2403 ·

287 2459 358 2523 R.
403 2460 494 2523 Ad
543 2462 596 2524 1.
640 2460 1018 2525 obedientia
1063 2471 1160 2525 est
1199 2462 1406 2525 virtus
1447 2463 1735 2538 moralis,
1782 2478 1916 2543 quoe
1958 2459 2168 2524 reddit
2206 2466 2560 2539 promptam
2608 2455 2801 2549 aomi-

206 2542 313 2604 nis
355 2541 744 2604 volantatem
786 2543 868 2604 ad
909 2543 1328 2622 exequendam
1368 2543 1756 2607 volantatem
1798 2542 2087 2614 alterius,
2147 2539 2391 2603 scilicet
2431 2554 2803 2617 praecipien-

204 2622 333 2683 tis:
376 2621 463 2684 ita
527 2622 870 2702 Angelicus
926 2624 976 2685 5.
1038 2621 1328 2702 Speciale
1383 2624 1771 2688 obedientiae
1814 2621 2135 2701 objectum
2181 2629 2279 2684 est
2322 2620 2681 2699 legitimum
2731 2632 2807 2680 ac

197 2701 449 2844 {ustum
496 2713 882 2783 praeceptum
928 2705 1282 2782 superioris
1328 2712 1452 2767 tam
1498 2706 1551 2768 si
1609 2717 1985 2784 expressum
2028 2704 2132 2777 sit,
2183 2701 2241 2763 id
2290 2708 2387 2764 est
2431 2698 2646 2762 verbis
2697 2713 2808 2786 vo·

232 2791 523 2846 untatem
567 2784 707 2862 ejus
743 2782 915 2846 clare
963 2783 1556 2861 manifestantibus3
1585 2800 1776 2866 quam
1811 2787 1865 2847 si
1909 2782 1995 2845 sit
2030 2784 2316 2859 tacitum,
2362 2781 2425 2843 id
2471 2793 2568 2844 est
2604 2781 2808 2857 signis

209 2862 291 2925 ad
340 2861 513 2924 illam
558 2863 958 2927 voluntatem
1004 2865 1435 2928 indicandam.

292 2942 364 3005 R.
408 2943 501 3005 Ad
544 2944 600 3007 2.
647 2941 714 3005 ln
759 2962 831 3007 se
874 2954 939 3007 et
1000 2946 1257 3008 ratione
1314 2949 1411 3010 sui
1470 2945 1705 3024 obJecti
1751 2960 1878 3009 una
1941 2949 2040 3007 est
2081 2941 2487 3015 obedientia;
2548 2937 2659 3031 sed
2706 2954 2807 3029 ra·

206 3026 388 3087 tione
454 3026 950 3104 superioritatis,
992 3042 1024 3088 a
1089 3042 1212 3105 qua
1280 3026 1569 3106 procedit
1632 3032 2046 3105 praeceptum,
2108 3021 2514 3104 quadruplex
2575 3018 2808 3083 distin·

301 3105 460 3167 itur:

203 3119 295 3185 gn
375 3185 426 3246 1.
476 3183 717 3261 Civilis,
760 3201 901 3264 quae
951 3186 1015 3247 in
1058 3202 1136 3248 eo
1180 3185 1495 3262 consistit,
1539 3186 1706 3265 qnod
1753 3184 1993 3264 populi,
2037 3183 2314 3263 principi
2362 3189 2429 3245 et
2469 3180 2807 3259 magistra-

215 3264 391 3327 tibus
434 3264 880 3343 subjiciantur,
929 3264 1100 3344 leges
1149 3283 1228 3328 ne
1262 3275 1525 3329 servent
1566 3265 1645 3328 ad
1685 3281 2024 3328 commune
2069 3263 2304 3326 bonum
2339 3260 2805 3342 promulgatas3

212 3361 299 3408 ex
340 3361 465 3423 qno
510 3346 715 3407 oritur
764 3354 888 3408 tam
934 3349 1119 3430 rejpu
1169 3346 1306 3409 licae
1351 3347 1553 3424 quies,
1594 3362 1784 3425 quam
1831 3347 2240 3409 subditorum
2291 3343 2485 3406 salus.
2586 3371 2591 3376 ·
2758 3420 2770 3432 ι

372 3425 429 3486 2.
474 3424 948 3501 Ecclesiastica,
991 3443 1104 3506 per
1147 3442 1334 3506 quam
1380 3426 1603 3489 fideles
1651 3430 1713 3488 in
1762 3427 1953 3489 rebus
1996 3426 2073 3489 ad
2142 3423 2542 3503 Religionem
2606 3429 2807 3501 perti-

208 3505 518 3568 nentibus
563 3505 1011 3586 obtemperant
1039 3506 1481 3570 sacerdotibus
1526 3517 1716 3588 atque
1750 3506 2075 3581 Praelati83
2111 3522 2190 3567 ex
2233 3520 2355 3585 qua
2393 3512 2457 3568 et
2494 3502 2809 3565 doctrinae

208 3587 460 3665 puritas
503 3592 568 3647 et
611 3586 766 3648 fidei
813 3588 1028 3650 unitas
1071 3596 1512 3652 conservatur.
2737 3662 2747 3672 ,

371 3665 430 3728 3.
470 3664 840 3744 Domestica,
881 3684 1004 3747 qua
1049 3685 1281 3732 uxores
1323 3669 1598 3742 maritis,
1650 3667 1767 3730 filii
1815 3666 2215 3747 parentibus,
2269 3666 2442 3728 servi
2504 3663 2808 3736 dominis,

208 3744 511 3825 discipuli
560 3748 1064 3827 praeceptoribus
1110 3756 1368 3828 parent:
1413 3765 1490 3812 ex
1534 3765 1657 3828 qua
1703 3746 2096 3811 familiarum
2142 3747 2381 3809 bonum
2425 3753 2490 3806 et
2535 3759 2683 3822 pax.

272 3950 298 3991 ¹
331 3952 381 4003 S.
415 3954 670 4016 Thomas,
706 3958 754 4015 2,
788 3957 837 4016 Β,
872 3965 923 4017 q.
957 3955 1043 4007 101
1079 3956 1132 4006 et
1163 3955 1272 4007 103.
1301 3979 1367 3993 -
1405 3953 1460 4007 V.
1494 3954 1730 4016 Roberti,
1755 3954 2045 4005 Dett’amor
2076 3953 2213 4003 della
2239 3949 2416 4014 patria
2436 3962 2460 4008 ,·
2486 3974 2550 4021 .—
2573 3945 2811 4018 Porionb

206 4014 386 4078 Ditem
426 4015 564 4070 della
602 4021 819 4080 pati-im
879 4041 945 4055 -
992 4015 1441 4076 Cbateaubriand,
1499 4018 1657 4067 Genio
1709 4027 1855 4077 ecc.;
1906 4042 1970 4053 —
2017 4016 2092 4066 Ta
2137 4014 2302 4074 aretii,
2360 4013 2538 4087 §aymo
2595 4013 2812 4081 norico,

205 4089 305 4128 nn.
338 4078 452 4138 945,
485 4088 615 4141 ecc.;
650 4105 715 4117 —
751 4079 1082 4137 baem-daim,
1116 4079 1316 4129 Lettere
1347 4080 1484 4128 satta
1514 4080 1623 4130 vita
1655 4079 1907 4128 cristiana
1929 4091 1956 4138 ,·
1990 4077 2045 4129 ln
2121 4089 2210 4129 ne.
2237 4102 2302 4114 —
2326 4076 2512 4126 Civalta
2541 4071 2811 4131 Gattolica,

205 4151 316 4199 ser,
355 4142 426 4200 Ρ,
462 4142 495 4191 t
527 4152 634 4191 vn:
669 4143 739 4192 Lo
772 4142 914 4193 Scato
946 4155 973 4192 e
1006 4143 1059 4192 la
1090 4142 1292 4193 Patria.
1323 4165 1389 4178 —
1419 4139 1584 4204 Stapf,
1618 4139 1645 4204 3
1673 4143 1789 4202 500,
1824 4140 1914 4191 ubi
1950 4139 2104 4203 plura
2140 4141 2191 4191 et
2225 4139 2496 4202 praeclara.

273 4199 300 4241 ²
327 4203 387 4254 L.
421 4214 471 4253 c.
506 4216 558 4266 q.
595 4207 709 4256 102.
740 4229 806 4241 —
847 4205 902 4254 V.
939 4204 1207 4266 Feri-aris3
1247 4203 1306 4252 V.
1343 4203 1492 4255 Civis.
2381 4259 2392 4269 ‚
2500 4259 2510 4269 ,

273 4265 298 4304 ⁸
340 4265 396 4315 V.
430 4267 738 4317 Castruccio
769 4266 1065 4326 Bonamici,
1101 4266 1171 4316 De
1201 4265 1330 4316 betto
1361 4267 1554 4316 italico.
1591 4265 1706 4314 Huc
1739 4264 1902 4314 etiam
1941 4264 2229 4314 revocatur
2261 4259 2463 4330 nimius
2499 4258 2584 4309 iile
2605 4254 2811 4329 ,patriae

199 4338 384 4389 amor,
418 4329 478 4379 ut
508 4327 624 4389 ejus
657 4328 944 4380 abscessus
976 4327 1042 4379 ad
1079 4327 1313 4380 notabile
1346 4329 1556 4440 tempgs
1589 4325 2056 4397 luctuoseinfluat
2088 4326 2144 4398 in
2202 4333 2441 4386 corporis
2500 4320 2810 4393 sanitatem,

204 4385 358 4454 quod
393 4390 625 4442 maxime
659 4391 723 4443 de
755 4390 1004 4443 Helvetiis
1036 4390 1248 4442 evenire
1281 4390 1443 4441 solet:
1558 4388 1765 4447 celebre,
1803 4390 1876 4438 ait
1910 4386 2149 4445 Roberti,
2200 4389 2344 4438 certa
2391 4385 2633 4435 matattca
2684 4390 2815 4453 saiz:

201 4464 337 4502 zera
367 4449 531 4511 (dicta
561 4453 857 4515 nusiacum),
893 4454 947 4505 la
977 4455 1128 4517 quate
1160 4453 1188 4503 e
1216 4453 1459 4514 prodotta
1489 4453 1559 4503 da
1591 4463 1701 4500 ana
1749 4451 1995 4501 tristezza
2044 4447 2235 4522 intima
2288 4448 2342 4499 di
2396 4459 2556 4497 essere
2615 4445 2816 4514 lontani

200 4514 357 4567 «tatia
386 4526 514 4565 cara
539 4518 740 4577 patria,
773 4529 800 4565 e
830 4516 900 4568 da
931 4528 1037 4567 una
1066 4515 1252 4566 orama
1283 4517 1505 4566 violenta
1535 4513 1589 4564 di
1622 4512 1895 4564 rivederta.
1932 4511 2179 4565 Consenti
2209 4511 2279 4564 da
2305 4515 2478 4575 questo
2511 4520 2630 4561 acre
2691 4505 2819 4557 dest·

200 4577 373 4690 desig:
391 4576 464 4689 inlu
500 4578 818 4639 allidiscono,
850 4578 1176 4642 dimayrano,
1212 4578 1465 4693 αςειῖξναέιο,
1501 4574 1765 4694 mitssoiouo.

376 4649 437 4690 cc
479 4675 492 4689 .
526 4651 603 4691 m.
1316 4678 1332 4704 ,
1401 4676 1419 4703 ,
1454 4651 1508 4703 q.
1643 4674 1658 4688 .
