3292 5167
1226 319 1683 369 anxious-mss
1800 364 1811 373 .
2622 304 2757 374 137

249 418 418 482 m.
460 418 1039 483 Bo-eflohtns
1079 421 1356 502 quud
1394 420 1793 485 Omni·-
1834 420 2235 487 «livinum.

249 498 302 575 Q.
341 500 392 563 t.
435 498 610 574 Quia
648 503 724 564 de
766 519 854 579 eo,
897 504 1007 582 qui
1047 505 1130 565 αα
1172 503 1548 582 Beneficium
1587 502 2086 566 ecclesiasticum
2125 507 2378 582 electus,
2416 509 2531 572 ccl
2571 524 2754 573 cano·

191 583 295 644 saco
325 582 698 657 institutus,
746 584 978 645 realem
1015 586 1462 662 possessionem
1498 584 1774 647 nondum
1814 585 1903 646 sit
1941 593 2304 649 consecutus
2327 591 2360 651 9

246 661 302 724 Β.
338 661 399 722 Si
451 663 598 726 baec
641 666 1072 742 possessionis
1115 663 1342 726 dilatio
1386 665 1464 726 ab
1509 679 1588 727 eo
1630 663 1889 743 pendet,
1931 675 2248 745 quatenus
2277 667 2595 732 malitiose
2626 684 2752 732 mo·

191 758 290 805 rm
328 743 542 806 trabat
590 743 1032 824 aut-negligat
1075 753 1186 808 aut
1230 745 1557 825 impediat,
1590 745 1671 808 ab
1714 743 1916 807 Officii
1989 749 2369 810 recitatione
2416 766 2542 811 non
2591 749 2748 813 libe·

189 833 363 893 ratur:
426 825 583 901 quia
635 840 748 902 per
793 840 938 887 eum
985 826 1049 886 in
1095 826 1215 887 hoc
1259 841 1411 890 casu
1456 841 1610 888 vere
1667 832 1793 887 stat
1838 825 2078 895 babere
2134 827 2440 890 Beneficii
2500 846 2744 909 posses·

187 904 405 966 sionem.
450 903 680 983 Neque
724 904 902 968 fraus
944 920 1052 967 sua
1102 914 1211 968 aut
1253 923 1294 967 n
1385 906 1650 984 ligentia
1688 905 1881 968 debet
1910 905 2120 969 eidem
2154 909 2491 986 prodesse:
2541 926 2752 990 neque

187 983 425 1046 neclesia
475 984 558 1046 ob
606 983 861 1063 culpam
922 985 1300 1049 beneficiati·
1385 986 1550 1049 fficio
1592 1002 1708 1048 suo
1754 986 2063 1066 privanda
2111 997 2224 1051 est.
2289 987 2355 1051 Si
2421 1007 2572 1051 vero
2619 1006 2752 1069 pos·

184 1066 444 1126 wionis
487 1065 727 1127 dilatio
773 1067 857 1128 sit
899 1069 1039 1128 sine
1075 1067 1257 1146 culpa
1318 1067 1704 1142 beneficiati,
1748 1084 1804 1127 v,
1850 1085 1930 1146 g„
1973 1070 2025 1129 si
2075 1066 2150 1129 lis
2194 1070 2252 1131 ei
2301 1071 2616 1132 intentata
2663 1072 2751 1133 sit

181 1161 336 1223 super
377 1143 732 1221 BeneficiO,
774 1162 856 1208 ex
898 1148 1222 1209 communi
1268 1156 1336 1209 et
1374 1163 1526 1209 vera
1568 1149 1890 1210 sententia
1936 1148 2015 1211 ad
2054 1146 2343 1211 Officium
2403 1167 2531 1211 non
2579 1161 2753 1213 tene·

183 1237 296 1299 ιιι-ς
335 1238 462 1286 tum
510 1227 669 1305 quia
735 1235 885 1288 ante
930 1229 1153 1290 initam
1221 1228 1688 1306 possessionem
1737 1243 1863 1289 non
1932 1240 2230 1291 censetur
2273 1233 2416 1309 quis
2464 1231 2751 1310 perfecte

181 1303 536 1367 Beneficium
587 1317 995 1382 consecutus,
1038 1318 1102 1369 et
1147 1307 1323 1369 litem
1357 1309 1629 1386 perdere
1678 1315 1919 1388 potest;
1968 1317 2097 1372 tum
2131 1313 2277 1389 quia
2313 1321 2462 1373 ante
2496 1327 2747 1389 posses·

179 1386 385 1446 sionem
422 1385 854 1449 beneficiatus
900 1387 1142 1451 nullum
1191 1387 1492 1451 Beneficii
1532 1389 1637 1467 Jus
1682 1404 1985 1452 exercere
2025 1400 2263 1467 potest:
2292 1408 2446 1468 ergo
2493 1407 2748 1471 aequum

179 1475 365 1539 est,ut
393 1482 615 1546 neque
652 1466 853 1530 ullum
884 1484 1047 1531 onus
1091 1468 1345 1531 subeat:
1391 1478 1455 1531 et
1497 1470 1643 1530 talis
1687 1479 1787 1532 est
1832 1470 2141 1532 hodierna
2177 1474 2415 1549 praxis,
2460 1481 2530 1535 ut
2559 1486 2749 1535 nemo

183 1556 442 1608 teneatur
487 1547 570 1609 ad
626 1546 845 1622 Horas,
890 1550 1011 1611 nisi
1058 1547 1358 1610 Beneficii
1408 1549 1525 1611 sibi
1575 1548 1789 1612 collati
1843 1552 1997 1613 inita
2048 1554 2467 1630 possessione.

240 1626 426 1686 190.
470 1626 540 1700 Q.
590 1628 650 1690 2.
699 1626 860 1701 Quid
897 1632 956 1691 si
997 1646 1038 1691 a
1082 1629 1442 1708 beneficiato
1461 1631 1602 1707 jam
1638 1630 1881 1708 quidem
1916 1632 2005 1693 sit
2035 1633 2262 1710 adepta
2294 1633 2615 1712 possessio,
2645 1633 2752 1695 ced

183 1707 247 1768 lis
280 1714 569 1771 vertatur
608 1709 778 1771 inter
819 1710 991 1781 duca,
1038 1711 1372 1787 cujusnam
1415 1712 1502 1771 sit
1543 1727 1764 1773 revera
1806 1711 2230 1789 Beneficium?
2564 1752 2569 1765 ι

240 1785 298 1847 R.
336 1788 513 1852 Tunc
562 1789 616 1850 si
659 1788 788 1863 ilie,
834 1792 939 1868 qui
980 1790 1111 1869 jam
1163 1790 1443 1868 possidet
1486 1791 1898 1865 Beneficium,
1928 1793 2120 1854 babet
2179 1810 2351 1872 spem
2413 1792 2749 1855 moraliter

177 1876 381 1929 certam
430 1869 745 1931 vincendi
816 1869 1014 1945 litem,
1058 1878 1319 1933 tenetur
1361 1872 1436 1937 ad
1486 1871 1685 1933 Officii
1753 1874 2221 1948 recitationem,
2278 1884 2366 1936 uti
2439 1885 2628 1951 patet.
2674 1874 2752 1936 Et

188 1947 597 2024 idemcurrit,
643 1953 694 2011 si
747 1964 858 2029 per
902 1951 1159 2013 interim
1208 1954 1320 2013 uni
1378 1952 1769 2028 litigantium
1801 1951 2165 2031 adjudicata
2200 1953 2398 2017 fuerit
2442 1953 2749 2016 Beneficii

333 2032 509 2104 ssio;
556 2047 702 2093 cum
750 2031 828 2093 de
876 2031 1038 2093 facto
1084 2031 1329 2094 reditus
1375 2033 1703 2112 percipiat.
1748 2031 1924 2105 Quod
1972 2036 2021 2094 si
2057 2034 2238 2096 firma
2290 2051 2413 2096 non
2462 2036 2544 2096 sit
2606 2050 2750 2113 spes

214 2109 330 2170 item
365 2111 707 2181 vincendi,
761 2127 875 2173 nec
919 2111 1110 2173 alicui
1159 2115 1474 2189 possessio
1517 2115 1601 2173 sit
1646 2129 1757 2190 per
1806 2117 2064 2175 interim
2112 2114 2500 2193 adjudicata,
2569 2113 2744 2176 nulla

196 2188 493 2252 estssfficii
564 2190 1087 2269 obligati03quia
1159 2209 1346 2254 nemo
1418 2193 1922 2272 obstringendos
1986 2195 2061 2255 ad
2110 2213 2273 2257 onus
2340 2202 2593 2258 certum
2635 2211 2750 2274 per

197 2271 515 2332 mercedem
563 2274 898 2334 incertam.
942 2272 1159 2351 Neque
1200 2272 1432 2349 obstat,
1474 2274 1639 2352 quod
1688 2277 1737 2334 si
1790 2276 1963 2336 litem
2012 2287 2229 2354 postea
2276 2277 2510 2350 vincat,
2555 2280 2751 2338 etiam

191 2348 393 2415 fructus
434 2360 883 2430 sequestratos
945 2354 1263 2415 obtineat:
1308 2370 1417 2414 eos
1464 2355 1746 2416 retinere
1793 2364 2016 2433 potest,
2062 2357 2246 2416 sicuti
2322 2359 2561 2418 retinet
2626 2356 2751 2419 fru-

187 2440 298 2492 ctus
331 2442 687 2494 maturatos
731 2450 764 2495 a
814 2445 1098 2511 tempore
1141 2437 1493 2496 vacationis
1539 2434 1867 2511 Beneficii,
1909 2439 2025 2498 etsi
2061 2435 2348 2498 Officium
2390 2454 2515 2497 non
2563 2435 2749 2499 dixe·

191 2514 280 2585 rit;
315 2513 415 2574 sed
474 2515 596 2574 bac
643 2517 912 2589 ratione,
951 2514 1118 2593 quod
1167 2515 1231 2575 bi
1278 2514 1523 2577 fructus
1579 2524 1987 2578 maturantur
2031 2518 2404 2579 successori.
2449 2517 2748 2579 Ceterum
2826 2527 2834 2538 '

187 2593 508 2672 usquedum
559 2593 948 2656 Beneficium
996 2594 1089 2657 liti
1137 2594 1497 2674 subjicitur,
1542 2595 1746 2674 quoad
1791 2614 1930 2676 ejus
1973 2600 2439 2676 possessionem
2478 2597 2751 2663 liabetur

191 2686 280 2748 pro
315 2684 609 2735 vacante.

247 2752 414 2815 m.
462 2755 531 2827 Q.
577 2755 632 2817 3.
677 2753 843 2827 Ouid
884 2754 942 2816 si
963 2756 1410 2834 possessionem
1443 2755 1860 2820 ecclesiastici
1886 2756 2184 2836 Beneficii
2216 2759 2301 2820 sit
2322 2757 2581 2837 pacifice
2613 2756 2749 2836 qui-

187 2832 294 2894 dm
328 2843 722 2910 consecutus,
765 2835 978 2897 nullus
1025 2842 1231 2897 tamen
1270 2835 1474 2896 adhuc
1516 2835 1769 2915 fructus
1810 2838 2181 2917 percipiat?

247 2913 306 2975 R.
341 2914 407 2976 Si
463 2918 655 2978 babet
700 2930 876 2994 spem
923 2925 1164 2978 certam
1209 2915 1458 2977 fructus
1502 2916 1805 2994 exigendi
1855 2927 2061 2981 tractu
2097 2919 2425 2997 temporis,
2467 2916 2547 2979 ad
2594 2917 2751 2979 reci·

193 2994 468 3057 tationem
515 3004 817 3070 tenetur3
863 3012 943 3057 ne
986 2999 1186 3074 gratis
1232 3006 1448 3075 postea
1494 3002 1725 3073 exigat.
1771 2997 1834 3059 Si
1901 3014 2075 3077 spem
2122 3015 2244 3060 non
2296 2998 2545 3071 babeat,
2599 3000 2752 3061 item

190 3078 411 3139 tenetur
455 3081 507 3138 si
555 3092 696 3138 eam
745 3092 858 3154 per
901 3077 1362 3155 negligentiam
1408 3079 1719 3154 amiserit,
1765 3095 1845 3139 ne
1889 3079 2289 3140 commodum
2357 3095 2435 3139 ex
2481 3093 2592 3140 sua
2638 3078 2755 3140 ini·

190 3156 401 3232 quitate
445 3166 773 3236 reportet:
823 3157 988 3219 idem
1034 3166 1131 3219 est
1172 3160 1223 3219 si
1274 3159 1408 3236 ipse
1456 3158 1561 3220 illa
1633 3169 1922 3236 privetur
1981 3161 2173 3239 juste,
2218 3163 2280 3219 in
2353 3174 2599 3236 poenam
2647 3156 2756 3220 ali·

192 3235 343 3313 cujus
383 3240 702 3299 criminis,
746 3236 811 3299 Si
859 3253 1060 3313 secus,
1105 3254 1230 3298 non
1280 3246 1557 3307 tenetur,
1608 3255 1691 3300 ne
1724 3239 1978 3301 dicatur
2027 3240 2232 3301 teneri
2268 3240 2407 3301 sine
2454 3239 2754 3302 mercede

197 3313 498 3381 laborare:
548 3319 675 3380 imo
719 3319 839 3379 etsi
889 3330 1123 3396 praeter
1167 3334 1342 3397 spem
1391 3329 1605 3397 postea
1654 3319 1901 3382 fructus
1949 3323 2280 3399 percipiat,
2322 3318 2399 3380 ad
2451 3319 2616 3381 nibil
2666 3329 2751 3381 te·

193 3405 386 3472 netur;
433 3414 580 3461 nam
647 3397 848 3461 Officii
896 3401 1188 3463 recitatio
1233 3399 1505 3478 singuiis
1562 3399 1790 3462 diebus
1842 3409 1942 3462 est
2008 3400 2237 3477 adfixa,
2298 3400 2404 3489 qui
2452 3403 2518 3463 in
2566 3401 2758 3480 hypo·

191 3476 325 3540 thesi
362 3480 494 3559 jam
539 3481 742 3557 elapsi
790 3488 969 3541 sunt:
1037 3479 1113 3542 ad
1160 3479 1325 3542 nibil
1373 3495 1526 3557 ergo
1593 3491 1883 3556 tenetur,
1956 3489 2241 3560 tempore
2305 3497 2429 3559 quo
2498 3480 2747 3544 fructus

193 3556 518 3699 ilugperatos
539 3561 856 3702 ¹plegcipit.
925 3594 1002 3605 —
1083 3559 1143 3620 V.
1190 3560 1468 3638 Liguori‚
1515 3559 1683 3640 Opus
1735 3561 1906 3635 Mor„
1974 3561 2076 3622 lib.
2125 3579 2222 3638 ιιι,
2274 3577 2444 3623 num.
2481 3561 2644 3635 6643
2690 3569 2757 3623 et

218 3652 229 3696 ι
270 3686 282 3698 .
322 3657 397 3714 iv,
442 3658 502 3702 n.
666 3688 679 3701 .
1553 3673 1558 3677 ·

255 3719 436 3781 m.
484 3721 553 3794 Q.
587 3721 646 3782 4.
693 3718 859 3793 Quid
899 3722 960 3782 si
996 3721 1374 3800 'Beneficium
1414 3720 1504 3782 sit
1548 3728 1751 3797 tenue,
1798 3720 2034 3802 viqcbt‘t
2073 3740 2226 3784 onus
2274 3721 2474 3801 Officii
2496 3723 2529 3783 P

259 3797 317 3861 R.
354 3799 800 3864 communiter
841 3802 1237 3863 -existimant
1282 3809 1474 3863 tenue
1536 3802 2042 3864 ecclesiasticum
2103 3803 2523 3874 Beneficium,
2585 3798 2753 3879 quod

196 3892 298 3941 non
333 3884 652 3961 pertingit
693 3897 895 3960 usque
927 3881 1002 3943 ad
1037 3884 1294 3944 tertiam
1341 3890 1588 3959 partem
1625 3884 2137 3944 sustentationis·
2162 3882 2570 3955 beneficiati3
2614 3894 2758 3958 quoe

193 3964 539 4025 sustentatio
585 3961 1063 4024 rationabiliter
1099 3963 1290 4024 debet
1335 3966 1693 4025 mensurari
1737 3963 1917 4042 juxta
1965 3964 2405 4024 diversitatem
2454 3963 2755 4040 patrimo·

199 4040 432 4116 nicrum,
479 4058 628 4122 quae
671 4049 740 4103 in
798 4042 1076 4104 diversis
1144 4042 1299 4105 locis
1355 4042 1566 4105 solent
1609 4042 1863 4105 clericis
1907 4046 2220 4122 assignari
2282 4044 2358 4104 ab
2416 4042 2753 4119 Episcopo.

199 4116 541 4201 Qo‘posrto
583 4121 881 4199 dicimus»,
925 4125 1142 4200 vigere
1185 4122 1394 4186 adbuc
1437 4139 1600 4186 onus
1644 4122 1888 4186 Officii:
1959 4126 2021 4203 1)
2071 4127 2132 4185 in
2184 4122 2379 4184 dubio
2418 4120 2497 4183 de
2544 4122 2753 4183 tenui·

203 4207 331 4275 tste;
368 4206 511 4282 quia
559 4218 705 4266 cum
740 4203 1130 4266 Beneficium
1174 4203 1263 4265 sit
1301 4210 1544 4265 certum
1591 4211 1657 4264 et
1700 4204 1978 4265 tenuitas
2010 4203 2224 4274 dubia.
2265 4202 2579 4280 possessio
2630 4208 2758 4264 stat

205 4293 294 4356 pro
327 4282 664 4358 Beneficio,
711 4285 856 4345 ideo
922 4301 1041 4363 pro
1104 4300 1302 4345 onere
1360 4286 1799 4355 recitationis;
1855 4283 1921 4362 2)
1967 4285 2019 4345 si
2066 4286 2348 4344 tenuitas
2413 4283 2754 4361 proveniat

204 4374 262 4420 ex
291 4363 458 4443 culpa
506 4365 896 4436 beneficiati,
944 4380 1085 4427 cum
1113 4380 1321 4426 nemo
1367 4365 1596 4425 debeat
1642 4377 1974 4437 reportare
2019 4362 2423 4426 commodum
2486 4370 2567 4424 ex
2613 4376 2757 4441 pro·

207 4442 310 4516 pria
349 4448 727 4525 iniquitat03
769 4446 835 4523 3)
879 4446 927 4506 si
982 4445 1399 4506 beneficiatus
1443 4453 1658 4522 speret
1722 4443 1967 4506 fructus
2038 4444 2371 4506 uberiores
2420 4444 2483 4504 in
2553 4449 2756 4520 poste·

206 4533 333 4600 Νι,
368 4529 508 4605 quia
553 4540 726 4590 unus
767 4542 975 4588 annus
1018 4533 1465 4604 compensatur
1522 4539 1663 4585 cum
1710 4522 1853 4584 alio.
1902 4523 2056 4588 item
2104 4528 2157 4585 si
2224 4525 2331 4603 qui
2401 4525 2758 4603 percipian-

209 4608 290 4663 tur
317 4604 568 4681 fructus,
609 4608 748 4667 sint
780 4620 984 4668 onere
1022 4605 1354 4668 missarum
1400 4611 1683 4683 gravat13
1727 4614 1868 4666 cum
1914 4604 2122 4667 adbuc
2153 4604 2285 4669 sint
2327 4605 2464 4668 veri
2502 4604 2761 4669 fructus

207 4681 268 4741 ad
320 4689 842 4751 sustentationem
907 4686 1366 4749 deservientes.
1505 4712 1514 4717 ·

267 4760 520 4830 Sublatis
591 4769 767 4830 bisce
809 4767 1095 4842 casibus,
1171 4782 1299 4828 non
1375 4764 1808 4827 consentiunt.
