3292 5167
449 244 578 314 306
1152 266 1266 311 mn.
1314 265 1379 312 ιι.
1427 265 1638 312 macr.
1687 266 1764 310 vr.
1809 265 1958 312 mss.
2009 265 2265 311 ivnon.
2313 262 2403 311 ιιι.

447 390 481 438 a
522 371 746 458 judice
795 369 1062 452 indicta,
1114 368 1289 437 licita
1340 374 1461 452 est,
1500 369 1554 437 si
1604 367 1778 438 absit
1824 368 2035 450 fraus:
2090 386 2241 437 nam
2290 374 2425 435 tam
2458 373 2776 451 ementeS,
2837 378 3042 454 quam
3115 396 3122 401 ·

442 476 804 545 vendentes
840 476 903 542 in
942 475 1076 561 pari
1115 474 1495 544 conditione
1522 474 2023 544 constituuntur
2059 472 2225 542 lucri
2251 482 2316 543 et
2342 472 2583 542 damni.
2619 475 2746 542 Res
2785 479 3032 557 autem,

442 602 594 671 quae
645 584 741 651 sic
790 591 1249 668 exponuntur,
1318 590 1600 668 possunt
1648 582 1875 668 quanti
1924 580 2142 650 carius
2195 580 2386 651 vendi
2437 587 2506 649 et
2553 580 2781 668 quanti
2838 578 3036 649 vilius

444 692 571 760 emi
591 718 609 773 ;
671 691 821 778 quia
879 698 1173 776 potestas
1224 690 1484 776 publica
1538 690 1638 758 vel
1679 689 2060 761 communis
2119 689 2470 760 aestimatio
2529 689 2854 782 approbat
2908 702 3034 775 pro

435 798 618 886 justo
670 797 953 884 pretium
1000 796 1162 865 illud
1212 796 1389 882 quod
1441 797 1707 883 publico
1757 804 2137 882 emptorum
2187 814 2516 865 concursu
2564 796 2908 881 probatur.

532 907 834 975 Diximus
880 906 937 973 si
981 906 1137 973 absit
1181 905 1382 991 frana,
1434 918 1582 991 quae
1631 923 1782 973 esso
1829 909 2054 991 potest
2100 911 2236 972 tam
2283 923 2362 973 ex
2411 910 2597 990 parte
2645 900 3032 988 venditori8‚

445 1014 499 1083 si
547 1014 856 1082 immittat
902 1014 1094 1081 fictos
1141 1012 1489 1094 licitanteS,
1541 1026 1737 1099 quam
1787 1031 1867 1082 ex
1915 1018 2101 1099 parte
2148 1011 2503 1097 emptoris,
2553 1011 2609 1079 si
2658 1010 2820 1079 alios
2870 1010 3029 1080 dolo

445 1119 756 1207 impediat
806 1138 839 1186 a
887 1118 1279 1201 licitatione,
1337 1126 1402 1187 et
1448 1137 1529 1187 ex
1599 1126 1785 1204 parte
1834 1119 2100 1187 illorum
2157 1118 2268 1204 qui
2322 1136 2453 1186 non
2509 1117 2755 1185 habent
2803 1117 3028 1186 inten-

442 1227 691 1295 tionem
726 1226 1003 1308 emendi,
1040 1226 1155 1294 sed
1203 1225 1514 1294 simulant
1562 1243 1979 1307 concurrere,
2018 1232 2089 1293 ut
2138 1223 2386 1311 aliquid
2432 1242 2468 1291 a
2515 1223 2684 1291 veris
2719 1224 3035 1292 licitanti-

442 1335 566 1402 bus
615 1339 1068 1418 extorqueant.
1104 1336 1242 1401 Hoc
1277 1332 1443 1400 valet
1478 1333 1675 1400 etiam
1711 1331 1791 1399 de
1825 1331 2226 1419 proxenetis,
2261 1333 2316 1399 si
2351 1351 2426 1399 ex
2463 1331 2790 1399 industria
2839 1348 3017 1399 mer-

444 1456 585 1508 cem
633 1446 983 1524 exponant,
1020 1457 1171 1507 cnm
1220 1440 1410 1525 pauci
1446 1447 1601 1506 sunt
1635 1447 1995 1525 emptoreS,
2038 1446 2109 1506 ut
2154 1440 2248 1507 sic
2297 1438 2525 1507 amicis
2559 1437 2851 1506 faveant:
2904 1437 3026 1506 hac

443 1546 522 1615 de
570 1565 640 1614 re
688 1545 949 1614 fraudes
996 1544 1101 1614 lex
1152 1546 1341 1632 punit
1389 1547 1439 1614 ⁴.
1476 1540 1733 1616 'Verum
1776 1547 2077 1632 inspecto
2115 1545 2334 1628 modo,
2386 1564 2518 1633 quo
2571 1545 2768 1614 hodie
2817 1546 3029 1615 licita·

442 1654 655 1720 tiones
704 1652 842 1720 fieri
877 1653 1114 1734 solent,
1144 1670 1274 1719 non
1302 1660 1434 1720 tam
1468 1652 1656 1721 facile
1682 1660 1781 1721 est
1815 1653 2222 1721 damnandus
2271 1652 2591 1735 venditor,
2634 1652 2746 1738 qui
2785 1670 2905 1737 per
2954 1668 3034 1721 se

440 1762 540 1830 vel
572 1761 734 1828 alios
766 1750 1165 1842 licitaretur}
1196 1767 1337 1828 tum
1364 1761 1516 1846 quia
1542 1769 1878 1847 emptores
1904 1763 2041 1848 Jam
2074 1762 2155 1829 de
2189 1763 2314 1830 hoc
2348 1761 2800 1847 suspicantur,
2835 1760 3029 1830 ideo—

442 1886 570 1955 que
620 1875 897 1954 possunt
945 1868 1067 1937 sibi
1111 1867 1455 1954 providere
1471 1894 1489 1949 ;
1539 1877 1677 1936 tum
1728 1870 1879 1955 quia
1939 1869 2152 1938 adhuc
2199 1869 2468 1938 libertas
2516 1874 2814 1936 remanet
2875 1866 3028 1936 lici-

443 1975 639 2041 tandi.
689 1974 872 2042 Sicut
921 1993 1134 2060 neque
1176 1976 1351 2043 illico
1401 1973 1813 2044 damnandus
1865 1983 1965 2043 est
2001 1983 2283 2063 emptor,
2334 1972 2449 2062 qui
2498 1975 2663 2044 alios
2718 1974 2909 2060 rogat
2943 1990 3025 2043 ne

448 2082 811 2162 licitentur3
860 2082 955 2149 sic
1003 2082 1176 2149 enim
1227 2101 1356 2150 non
1406 2083 1701 2149 aufertur
1747 2082 2035 2150 libertas

527 2191 666 2257 Imo
716 2208 847 2257 non
904 2190 1232 2258 immerito
1291 2190 1407 2276 (ait
1455 2190 1770 2274 Bouvier)
1829 2190 2028 2276 aliqui
2099 2187 2375 2273 docent,
2443 2209 2658 2276 neque
2707 2189 2876 2258 duos
2930 2180 3060 2259 vel‘

440 2296 665 2383 plures
714 2296 960 2363 amicos
1009 2296 1443 2381 damnandos,
1495 2297 1608 2383 qui
1658 2297 2089 2379 conveniunt,
2140 2303 2213 2364 ut
2263 2316 2432 2365 unus
2482 2313 2716 2365 eorum
2776 2303 3030 2366 tantum

439 2404 749 2486 licitetur,
788 2404 984 2472 modo
1020 2423 1169 2472 cum
1204 2406 1346 2473 aliis
1400 2406 1526 2472 tale
1560 2424 1830 2501 quoque
1878 2425 2011 2475 non
2044 2406 2270 2474 ineant
2320 2413 2613 2492 pactum:
2665 2407 2809 2474 haec
2842 2405 3020 2473 enim

439 2513 737 2581 habenda
786 2510 884 2581 est
934 2514 1026 2581 uti
1088 2513 1391 2599 quaedam
1442 2514 1822 2582 commercii
1861 2514 2171 2597 societaS,
2221 2515 2409 2600 cujus
2458 2508 2756 2599 membra
2792 2514 3021 2599 ntique

440 2628 671 2690 contra
719 2639 790 2688 se
840 2640 972 2688 non
1020 2619 1551 2689 licitantur.1mo
1587 2620 1786 2707 aliqui
1827 2620 2077 2688 addunt
2110 2640 2243 2689 non
2293 2627 2425 2689 tam
2472 2620 2659 2690 facile
2708 2619 3028 2689 damnan-

440 2728 596 2796 dum
645 2737 1011 2814 emptorem
1062 2729 1173 2814 qui
1245 2738 1508 2814 pactum
1557 2729 1751 2797 faciat
1799 2747 1950 2797 cum
2020 2729 2206 2811 aliis,
2257 2747 2338 2797 ne
2382 2727 2723 2797 licitentur
2786 2734 2899 2797 aut
2945 2744 3029 2797 ne

438 2836 586 2923 plus
636 2837 946 2916 offerant,
997 2837 1051 2902 si
1102 2835 1341 2904 alicubi
1414 2837 1498 2904 sit
1549 2855 1732 2919 usus,
1781 2843 1854 2903 ut
1903 2834 2208 2904 venditor
2277 2852 2416 2903 rem
2466 2854 2655 2903 suam
2706 2834 3019 2916 retrahat,

441 2943 702 3029 quando
754 2944 1037 3027 pretium
1083 2943 1355 3011 inferius
1419 2944 1476 3010 ei
1528 2943 1835 3024 offertur3
1886 2942 2039 3028 quia
2106 2942 2160 3009 si
2202 2941 2346 3027 ipse
2396 2950 2618 3028 potest
2667 2939 3024 3027 impedire,

440 3069 521 3119 ne
569 3051 855 3138 pretium
890 3050 1085 3118 nimis
1120 3050 1478 3134 decrescat,
1529 3051 1808 3136 aequitas
1844 3050 2157 3136 postulat,
2207 3069 2289 3118 ne
2321 3056 2789 3137 conqueratur,
2842 3046 3020 3134 quod

440 3166 771 3245 emptores
823 3158 1252 3246 conveniant,
1305 3177 1388 3226 ne
1437 3161 1724 3245 pretium
1772 3154 1967 3226 nimis
2018 3150 2341 3243 augeatur
2386 3153 2436 3224 ².

527 3283 710 3346 cuv.
763 3285 833 3364 Q.
876 3284 935 3349 7.
989 3282 1151 3364 Quid
1195 3295 1281 3350 est
1326 3282 1768 3369 monopolium,
1815 3294 1870 3349 et
1914 3301 2001 3348 cm
2049 3282 2276 3347 liceat?

526 3392 596 3458 R.
647 3390 740 3458 Ad
792 3394 859 3457 l:
921 3390 1378 3475 Monbpolium
1441 3389 1618 3457 aliud
1694 3397 1794 3458 est
1855 3390 2207 3478 publicum
2259 3395 2325 3456 et
2372 3388 2790 3474 privilegium
2844 3397 2946 3458 est
2992 3408 3028 3458 a

440 3497 747 3583 Principe
797 3515 1189 3566 concessum
1236 3498 1348 3564 uni
1400 3498 1499 3565 vel
1539 3498 1862 3583 pluribus,
1912 3503 1984 3563 ut
2032 3495 2154 3563 soli
2208 3495 2525 3582 quasdam
2573 3514 2829 3567 merces
2877 3517 3029 3567 ven-

442 3603 619 3672 dant.
668 3602 862 3672 Aliud
905 3605 1265 3690 privatum,
1315 3604 1494 3690 quod
1542 3605 1792 3690 privata
1840 3603 2234 3671 auctoritate
2282 3601 2661 3688 inducitur,
2712 3604 3023 3692 quodque

443 3711 776 3780 ordinarie
827 3712 1189 3798 monopolii
1241 3712 1507 3780 nomine
1553 3712 1725 3780 solet
1774 3710 2068 3795 intelligi,
2117 3717 2186 3787 et
2233 3709 2575 3779 definitur:
2622 3713 3023 3797 machinatio,

439 3838 562 3905 qua
608 3839 772 3886 unus
817 3821 912 3886 vel
950 3820 1165 3906 plures
1210 3838 1291 3885 ea:
1337 3818 1647 3885 industria
1693 3818 1977 3906 efficiunt,
2026 3828 2093 3883 ut
2126 3817 2245 3885 soli
2287 3818 2589 3903 quasdam
2623 3838 2854 3889 meroes
2883 3840 3029 3887 oeu·

438 3925 589 3992 dant
634 3926 729 3992 vel
771 3926 891 3993 soli
934 3935 1160 4007 emant,
1208 3937 1435 3991 statuto
1481 3926 1559 3991 ab
1603 3924 1824 3990 iisdem
1868 3925 2068 4010 pretio
2102 3922 2151 3992 ².

528 4035 599 4101 R.
649 4032 745 4101 Ad
793 4035 869 4100 2:
919 4032 1376 4118 Monopolium
1424 4031 1763 4117 publicum
1805 4032 1953 4118 jure
1999 4031 2397 4115 admittitur3
2448 4050 2597 4101 cum
2647 4032 2810 4101 illud
2857 4034 2945 4103 sit
2990 4052 3029 4102 a

441 4141 731 4226 legitima
782 4140 1175 4209 auctoritate
1223 4139 1303 4207 ad
1364 4128 2357 4227 commercii‘prosperitatem,
2407 4141 2490 4208 ad
2534 4140 2881 4212 industriae
2930 4143 3029 4211 in-

504 4385 526 4424 1
564 4385 681 4458 Cori.
714 4398 870 4447 poen„
907 4388 1006 4439 art.
1039 4387 1132 4438 402
1158 4387 1210 4437 et
1241 4397 1388 4449 seqq.
1424 4410 1487 4423 -
1510 4387 1578 4459 De
1614 4384 1714 4436 hac
1746 4387 2051 4438 venditione
2085 4384 2204 4435 vide
2239 4384 2357 4437 cod.
2386 4396 2531 4448 proc.
2563 4388 2663 4438 civ.

568 4446 674 4498 lllis
707 4452 882 4498 autem
914 4446 1303 4522 restituendum
1334 4450 1432 4508 est,
1467 4449 1662 4513 quibus
1693 4447 1950 4500 damnum
1982 4448 2172 4499 evenit.
2360 4509 2371 4521 .

508 4509 532 4549 2
561 4510 787 4581 Excepta
819 4512 1087 4584 contraria
1118 4510 1503 4562 consuetudine
1537 4515 1628 4562 aut
1669 4510 1779 4574 lege
1811 4522 1920 4562 non
1953 4510 2074 4563 licet
2107 4508 2374 4560 venditori
2405 4521 2518 4561 rem
2550 4522 2706 4562 suam
2756 4512 3026 4566 retrahere

441 4572 1309 4710 ingerit-agalinatggonoebuigtffitte’t]¹
1344 4647 1416 4695 ιιι,
1452 4647 1505 4685 ιι.
1541 4635 1665 4695 8¹4;
1697 4656 1762 4672 -·
1790 4636 1951 4684 Homo
1983 4636 2177 4697 Apost„
2213 4633 2360 4685 tract.
2382 4644 2435 4695 x,
2457 4645 2513 4686 n.
2539 4636 2657 4699 1833
2693 4661 2759 4674 —
2789 4637 3028 4698 Pavum,

443 4698 700 4762 speculem
734 4706 864 4756 ecc„
898 4707 954 4747 n.
991 4699 1069 4748 16.
1105 4697 1458 4760 monopolium
1493 4699 1576 4747 est
1605 4708 1637 4747 a
1669 4708 1846 4748 monos
1877 4698 2044 4760 solus,
2078 4696 2131 4749 et
2153 4695 2301 4761 poteo
2323 4696 2570 4751 vendere.
