<?xml version="1.0" encoding="UTF-8"?>
<!DOCTYPE html PUBLIC "-//W3C//DTD XHTML 1.0 Transitional//EN"
    "http://www.w3.org/TR/xhtml1/DTD/xhtml1-transitional.dtd">
<html xmlns="http://www.w3.org/1999/xhtml" xml:lang="en" lang="en">
 <head>
  <title>
</title>
<meta http-equiv="Content-Type" content="text/html;charset=utf-8" />
  <meta name='ocr-system' content='tesseract 3.04.00' />
  <meta name='ocr-capabilities' content='ocr_page ocr_carea ocr_par ocr_line ocrx_word'/>
</head>
<body>
  <div class='ocr_page' id='page_1' title='image "./theologiamorali04scavgoog_0568.png"; bbox 0 0 3292 5167; ppageno 0'>
   <div class='ocr_carea' id='block_1_1' title="bbox 533 193 2467 259">
    <p class='ocr_par' dir='ltr' id='par_1_1' title="bbox 533 193 2467 259">
     <span class='ocr_line' id='line_1_1' title="bbox 533 193 2467 259; baseline 0.004 -7"><span class='ocrx_word' id='word_1_1' title='bbox 533 193 666 259; x_wconf 68' lang='lat'>558</span> <span class='ocrx_word' id='word_1_2' title='bbox 1209 204 1322 254; x_wconf 79' lang='lat' dir='ltr'>mn.</span> <span class='ocrx_word' id='word_1_3' title='bbox 1373 204 1437 253; x_wconf 82' lang='grc' dir='ltr'>ιι.</span> <span class='ocrx_word' id='word_1_4' title='bbox 1486 207 1697 253; x_wconf 64' lang='lat' dir='ltr'>rascr.</span> <span class='ocrx_word' id='word_1_5' title='bbox 1749 205 1846 253; x_wconf 82' lang='lat' dir='ltr'>vit.</span> <span class='ocrx_word' id='word_1_6' title='bbox 1892 206 2046 258; x_wconf 73' lang='lat' dir='ltr'>mar.</span> <span class='ocrx_word' id='word_1_7' title='bbox 2097 208 2161 256; x_wconf 83' lang='grc' dir='ltr'>ιι.</span> <span class='ocrx_word' id='word_1_8' title='bbox 2211 213 2467 259; x_wconf 66' lang='lat' dir='ltr'>arpenn.</span> 
     </span>
    </p>
   </div>
   <div class='ocr_carea' id='block_1_2' title="bbox 516 306 3121 1357">
    <p class='ocr_par' dir='ltr' id='par_1_2' title="bbox 521 306 3121 877">
     <span class='ocr_line' id='line_1_2' title="bbox 533 306 3121 392; baseline 0.003 -16"><span class='ocrx_word' id='word_1_9' title='bbox 533 322 656 377; x_wconf 90' lang='lat' dir='ltr'>tem</span> <span class='ocrx_word' id='word_1_10' title='bbox 704 312 1102 385; x_wconf 74' lang='lat' dir='ltr'>inferiorem,</span> <span class='ocrx_word' id='word_1_11' title='bbox 1150 326 1269 391; x_wconf 83' lang='lat' dir='ltr'>qua</span> <span class='ocrx_word' id='word_1_12' title='bbox 1315 306 1546 372; x_wconf 79' lang='lat' dir='ltr'>similis</span> <span class='ocrx_word' id='word_1_13' title='bbox 1589 317 1687 371; x_wconf 90' lang='lat' dir='ltr'>est</span> <span class='ocrx_word' id='word_1_14' title='bbox 1730 308 1975 385; x_wconf 89' lang='lat' dir='ltr'>brutis;</span> <span class='ocrx_word' id='word_1_15' title='bbox 2021 312 2363 392; x_wconf 80' lang='lat' dir='ltr'>virginitas</span> <span class='ocrx_word' id='word_1_16' title='bbox 2407 321 2621 378; x_wconf 87' lang='lat' dir='ltr'>autem</span> <span class='ocrx_word' id='word_1_17' title='bbox 2688 317 2997 381; x_wconf 81' lang='lat' dir='ltr'>convenit</span> <span class='ocrx_word' id='word_1_18' title='bbox 3048 320 3121 383; x_wconf 81' lang='lat' dir='ltr'>ei</span> 
     </span>
     <span class='ocr_line' id='line_1_3' title="bbox 527 391 3117 474; baseline 0.003 -18"><span class='ocrx_word' id='word_1_19' title='bbox 527 393 876 456; x_wconf 87' lang='lat' dir='ltr'>secundum</span> <span class='ocrx_word' id='word_1_20' title='bbox 926 400 1167 470; x_wconf 87' lang='lat' dir='ltr'>partem</span> <span class='ocrx_word' id='word_1_21' title='bbox 1213 391 1630 469; x_wconf 88' lang='lat' dir='ltr'>superiorem,</span> <span class='ocrx_word' id='word_1_22' title='bbox 1674 406 1796 469; x_wconf 89' lang='lat' dir='ltr'>qua</span> <span class='ocrx_word' id='word_1_23' title='bbox 1842 392 2074 454; x_wconf 78' lang='lat' dir='ltr'>similis</span> <span class='ocrx_word' id='word_1_24' title='bbox 2117 402 2216 456; x_wconf 88' lang='lat' dir='ltr'>est</span> <span class='ocrx_word' id='word_1_25' title='bbox 2282 395 2566 474; x_wconf 79' lang='lat' dir='ltr'>Angelis,</span> <span class='ocrx_word' id='word_1_26' title='bbox 2634 393 2823 472; x_wconf 83' lang='lat' dir='ltr'>lttud,</span> <span class='ocrx_word' id='word_1_27' title='bbox 2885 407 2956 461; x_wconf 89' lang='lat' dir='ltr'>ut</span> <span class='ocrx_word' id='word_1_28' title='bbox 3021 400 3117 464; x_wconf 79' lang='lat' dir='ltr'>ita</span> 
     </span>
     <span class='ocr_line' id='line_1_4' title="bbox 528 472 3120 548; baseline 0.003 -12"><span class='ocrx_word' id='word_1_29' title='bbox 528 474 756 545; x_wconf 86' lang='lat' dir='ltr'>dicam,</span> <span class='ocrx_word' id='word_1_30' title='bbox 801 474 867 534; x_wconf 89' lang='lat' dir='ltr'>in</span> <span class='ocrx_word' id='word_1_31' title='bbox 915 475 1103 535; x_wconf 89' lang='lat' dir='ltr'>terris</span> <span class='ocrx_word' id='word_1_32' title='bbox 1147 480 1584 545; x_wconf 81' lang='lat' dir='ltr'>conversatur,</span> <span class='ocrx_word' id='word_1_33' title='bbox 1628 479 1693 532; x_wconf 89' lang='lat' dir='ltr'>et</span> <span class='ocrx_word' id='word_1_34' title='bbox 1735 472 1814 533; x_wconf 90' lang='lat' dir='ltr'>de</span> <span class='ocrx_word' id='word_1_35' title='bbox 1861 480 2029 534; x_wconf 87' lang='lat' dir='ltr'>terra</span> <span class='ocrx_word' id='word_1_36' title='bbox 2082 475 2405 548; x_wconf 81' lang='lat' dir='ltr'>pascitur3</span> <span class='ocrx_word' id='word_1_37' title='bbox 2450 477 2565 539; x_wconf 87' lang='lat' dir='ltr'>ista</span> <span class='ocrx_word' id='word_1_38' title='bbox 2602 478 2665 537; x_wconf 88' lang='lat' dir='ltr'>in</span> <span class='ocrx_word' id='word_1_39' title='bbox 2699 476 2879 539; x_wconf 83' lang='lat' dir='ltr'>coelis</span> <span class='ocrx_word' id='word_1_40' title='bbox 2917 479 3120 543; x_wconf 84' lang='lat' dir='ltr'>habet</span> 
     </span>
     <span class='ocr_line' id='line_1_5' title="bbox 527 552 3119 634; baseline 0.002 -18"><span class='ocrx_word' id='word_1_41' title='bbox 527 554 765 628; x_wconf 87' lang='lat' dir='ltr'>sedem,</span> <span class='ocrx_word' id='word_1_42' title='bbox 807 561 873 615; x_wconf 91' lang='lat' dir='ltr'>et</span> <span class='ocrx_word' id='word_1_43' title='bbox 917 563 1043 615; x_wconf 88' lang='lat' dir='ltr'>tota</span> <span class='ocrx_word' id='word_1_44' title='bbox 1090 568 1233 632; x_wconf 78' lang='lat' dir='ltr'>quae</span> <span class='ocrx_word' id='word_1_45' title='bbox 1277 566 1527 617; x_wconf 91' lang='lat' dir='ltr'>sursum</span> <span class='ocrx_word' id='word_1_46' title='bbox 1573 560 1744 627; x_wconf 87' lang='lat' dir='ltr'>sunt,</span> <span class='ocrx_word' id='word_1_47' title='bbox 1807 553 1991 631; x_wconf 81' lang='lat' dir='ltr'>sapit.</span> <span class='ocrx_word' id='word_1_48' title='bbox 2054 552 2237 617; x_wconf 91' lang='lat' dir='ltr'>Unde</span> <span class='ocrx_word' id='word_1_49' title='bbox 2304 556 2524 634; x_wconf 87' lang='lat' dir='ltr'>pulcre</span> <span class='ocrx_word' id='word_1_50' title='bbox 2584 555 2645 618; x_wconf 93' lang='lat' dir='ltr'>d.</span> <span class='ocrx_word' id='word_1_51' title='bbox 2711 558 3119 624; x_wconf 69' lang='lat' dir='ltr'><strong>Bernartius:</strong></span> 
     </span>
     <span class='ocr_line' id='line_1_6' title="bbox 521 631 3119 718; baseline 0.002 -20"><span class='ocrx_word' id='word_1_52' title='bbox 521 636 757 713; x_wconf 56' lang='grc' dir='ltr'>παρείας</span> <span class='ocrx_word' id='word_1_53' title='bbox 799 639 1034 697; x_wconf 80' lang='lat' dir='ltr'>terram</span> <span class='ocrx_word' id='word_1_54' title='bbox 1077 633 1338 712; x_wconf 76' lang='lat' dir='ltr'>replent,</span> <span class='ocrx_word' id='word_1_55' title='bbox 1384 631 1724 711; x_wconf 74' lang='lat' dir='ltr'>virqinitas</span> <span class='ocrx_word' id='word_1_56' title='bbox 1779 633 2191 710; x_wconf 66' lang='lat' dir='ltr'>paradisum,-</span> <span class='ocrx_word' id='word_1_57' title='bbox 2238 642 2304 697; x_wconf 91' lang='lat' dir='ltr'>et</span> <span class='ocrx_word' id='word_1_58' title='bbox 2346 637 2409 697; x_wconf 91' lang='lat' dir='ltr'>in</span> <span class='ocrx_word' id='word_1_59' title='bbox 2462 637 2757 715; x_wconf 78' lang='lat' dir='ltr'>paradiso</span> <span class='ocrx_word' id='word_1_60' title='bbox 2819 642 3119 718; x_wconf 83' lang='lat' dir='ltr'>virgines</span> 
     </span>
     <span class='ocr_line' id='line_1_7' title="bbox 523 714 3118 799; baseline 0.002 -22"><span class='ocrx_word' id='word_1_61' title='bbox 523 723 673 778; x_wconf 87' lang='lat' dir='ltr'>sunt</span> <span class='ocrx_word' id='word_1_62' title='bbox 711 717 819 794; x_wconf 83' lang='lat' dir='ltr'>qui</span> <span class='ocrx_word' id='word_1_63' title='bbox 865 715 1125 794; x_wconf 89' lang='lat' dir='ltr'>propius</span> <span class='ocrx_word' id='word_1_64' title='bbox 1153 722 1510 792; x_wconf 84' lang='lat' dir='ltr'>sequnntur</span> <span class='ocrx_word' id='word_1_65' title='bbox 1541 714 1789 791; x_wconf 79' lang='lat' dir='ltr'>Agrium</span> <span class='ocrx_word' id='word_1_66' title='bbox 1845 729 2242 794; x_wconf 76' lang='lat' dir='ltr'>quocumque</span> <span class='ocrx_word' id='word_1_67' title='bbox 2300 716 2468 792; x_wconf 69' lang='lat' dir='ltr'>ueri,</span> <span class='ocrx_word' id='word_1_68' title='bbox 2491 717 2905 781; x_wconf 87' lang='lat' dir='ltr'>candidiores</span> <span class='ocrx_word' id='word_1_69' title='bbox 2935 721 3118 799; x_wconf 89' lang='lat' dir='ltr'>nive,</span> 
     </span>
     <span class='ocr_line' id='line_1_8' title="bbox 521 794 2928 877; baseline 0.002 -19"><span class='ocrx_word' id='word_1_70' title='bbox 521 794 863 858; x_wconf 80' lang='lat' dir='ltr'>nitidiores</span> <span class='ocrx_word' id='word_1_71' title='bbox 910 795 1088 862; x_wconf 82' lang='lat' dir='ltr'>lacte,</span> <span class='ocrx_word' id='word_1_72' title='bbox 1133 795 1623 857; x_wconf 81' lang='lat' dir='ltr'>rubicundiores</span> <span class='ocrx_word' id='word_1_73' title='bbox 1668 794 1860 854; x_wconf 82' lang='lat' dir='ltr'>ebore</span> <span class='ocrx_word' id='word_1_74' title='bbox 1905 796 2190 874; x_wconf 89' lang='lat' dir='ltr'>antiquo,</span> <span class='ocrx_word' id='word_1_75' title='bbox 2246 796 2506 874; x_wconf 82' lang='lat' dir='ltr'>saphiro</span> <span class='ocrx_word' id='word_1_76' title='bbox 2553 797 2928 877; x_wconf 80' lang='lat' dir='ltr'>pulcriores.</span> 
     </span>
    </p>

    <p class='ocr_par' dir='ltr' id='par_1_3' title="bbox 516 873 3117 1357">
     <span class='ocr_line' id='line_1_9' title="bbox 601 873 3109 958; baseline 0.001 -21"><span class='ocrx_word' id='word_1_77' title='bbox 601 875 746 938; x_wconf 83' lang='lat' dir='ltr'>Haec</span> <span class='ocrx_word' id='word_1_78' title='bbox 792 885 998 938; x_wconf 89' lang='lat' dir='ltr'>tamen</span> <span class='ocrx_word' id='word_1_79' title='bbox 1045 875 1416 953; x_wconf 87' lang='lat' dir='ltr'>accipienda</span> <span class='ocrx_word' id='word_1_80' title='bbox 1458 884 1609 936; x_wconf 86' lang='lat' dir='ltr'>sunt</span> <span class='ocrx_word' id='word_1_81' title='bbox 1651 875 1722 935; x_wconf 82' lang='lat' dir='ltr'>de</span> <span class='ocrx_word' id='word_1_82' title='bbox 1762 873 1896 952; x_wconf 85' lang='lat' dir='ltr'>ipso</span> <span class='ocrx_word' id='word_1_83' title='bbox 1940 883 2114 938; x_wconf 79' lang='lat' dir='ltr'>statu</span> <span class='ocrx_word' id='word_1_84' title='bbox 2160 875 2564 957; x_wconf 62' lang='lat' dir='ltr'>virginitatis</span> <span class='ocrx_word' id='word_1_85' title='bbox 2584 895 2699 958; x_wconf 83' lang='lat' dir='ltr'>pro</span> <span class='ocrx_word' id='word_1_86' title='bbox 2726 877 2843 940; x_wconf 81' lang='lat' dir='ltr'>Deo</span> <span class='ocrx_word' id='word_1_87' title='bbox 2873 881 3109 942; x_wconf 79' lang='lat' dir='ltr'>electo.-</span> 
     </span>
     <span class='ocr_line' id='line_1_10' title="bbox 523 953 3113 1038; baseline 0.002 -20"><span class='ocrx_word' id='word_1_88' title='bbox 523 953 586 1032; x_wconf 74' lang='lat'>1)</span> <span class='ocrx_word' id='word_1_89' title='bbox 628 957 700 1018; x_wconf 82' lang='lat' dir='ltr'>de</span> <span class='ocrx_word' id='word_1_90' title='bbox 743 957 875 1034; x_wconf 81' lang='lat' dir='ltr'>ipso</span> <span class='ocrx_word' id='word_1_91' title='bbox 916 963 1089 1018; x_wconf 78' lang='lat' dir='ltr'>statu</span> <span class='ocrx_word' id='word_1_92' title='bbox 1149 955 1564 1035; x_wconf 62' lang='lat' dir='ltr'>virginitatis,</span> <span class='ocrx_word' id='word_1_93' title='bbox 1627 971 1752 1034; x_wconf 87' lang='lat' dir='ltr'>quo</span> <span class='ocrx_word' id='word_1_94' title='bbox 1818 969 2011 1016; x_wconf 89' lang='lat' dir='ltr'>sensu</span> <span class='ocrx_word' id='word_1_95' title='bbox 2074 962 2266 1018; x_wconf 89' lang='lat' dir='ltr'>statui</span> <span class='ocrx_word' id='word_1_96' title='bbox 2338 960 2730 1021; x_wconf 78' lang='lat' dir='ltr'>matrimonii</span> <span class='ocrx_word' id='word_1_97' title='bbox 2802 970 3113 1038; x_wconf 82' lang='lat' dir='ltr'>praestat;</span> 
     </span>
     <span class='ocr_line' id='line_1_11' title="bbox 521 1035 3103 1114; baseline 0.003 -18"><span class='ocrx_word' id='word_1_98' title='bbox 521 1050 667 1097; x_wconf 89' lang='lat' dir='ltr'>nam</span> <span class='ocrx_word' id='word_1_99' title='bbox 717 1036 865 1098; x_wconf 85' lang='lat' dir='ltr'>iicet</span> <span class='ocrx_word' id='word_1_100' title='bbox 906 1037 1383 1098; x_wconf 79' lang='lat' dir='ltr'>matrimonium</span> <span class='ocrx_word' id='word_1_101' title='bbox 1431 1038 1494 1097; x_wconf 91' lang='lat' dir='ltr'>in</span> <span class='ocrx_word' id='word_1_102' title='bbox 1542 1043 1687 1095; x_wconf 88' lang='lat' dir='ltr'>actu</span> <span class='ocrx_word' id='word_1_103' title='bbox 1731 1035 2001 1112; x_wconf 75' lang='lat' dir='ltr'>gratiam</span> <span class='ocrx_word' id='word_1_104' title='bbox 2050 1038 2383 1114; x_wconf 85' lang='lat' dir='ltr'>producat,</span> <span class='ocrx_word' id='word_1_105' title='bbox 2434 1040 2483 1100; x_wconf 88' lang='lat' dir='ltr'>si</span> <span class='ocrx_word' id='word_1_106' title='bbox 2538 1047 2750 1101; x_wconf 88' lang='lat' dir='ltr'>tamen</span> <span class='ocrx_word' id='word_1_107' title='bbox 2800 1039 3103 1106; x_wconf 79' lang='lat' dir='ltr'>conside·</span> 
     </span>
     <span class='ocr_line' id='line_1_12' title="bbox 519 1117 3117 1199; baseline 0.002 -22"><span class='ocrx_word' id='word_1_108' title='bbox 519 1124 700 1179; x_wconf 88' lang='lat' dir='ltr'>retur</span> <span class='ocrx_word' id='word_1_109' title='bbox 745 1120 808 1178; x_wconf 89' lang='lat' dir='ltr'>in</span> <span class='ocrx_word' id='word_1_110' title='bbox 854 1133 968 1179; x_wconf 92' lang='lat' dir='ltr'>suo</span> <span class='ocrx_word' id='word_1_111' title='bbox 1011 1124 1179 1179; x_wconf 87' lang='lat' dir='ltr'>statu</span> <span class='ocrx_word' id='word_1_112' title='bbox 1225 1126 1661 1195; x_wconf 88' lang='lat' dir='ltr'>permanente,</span> <span class='ocrx_word' id='word_1_113' title='bbox 1686 1126 1859 1177; x_wconf 84' lang='lat' dir='ltr'>certe</span> <span class='ocrx_word' id='word_1_114' title='bbox 1900 1117 2273 1193; x_wconf 81' lang='lat' dir='ltr'>virginitate</span> <span class='ocrx_word' id='word_1_115' title='bbox 2308 1128 2405 1180; x_wconf 91' lang='lat' dir='ltr'>est</span> <span class='ocrx_word' id='word_1_116' title='bbox 2440 1118 2757 1193; x_wconf 75' lang='lat' dir='ltr'>inferius;</span> <span class='ocrx_word' id='word_1_117' title='bbox 2786 1148 2863 1161; x_wconf 94' lang='lat'>——</span> <span class='ocrx_word' id='word_1_118' title='bbox 2896 1121 2962 1197; x_wconf 82' lang='grc'>2)</span> <span class='ocrx_word' id='word_1_119' title='bbox 2991 1137 3117 1199; x_wconf 82' lang='lat' dir='ltr'>pro</span> 
     </span>
     <span class='ocr_line' id='line_1_13' title="bbox 516 1194 3112 1280; baseline 0.003 -23"><span class='ocrx_word' id='word_1_120' title='bbox 516 1194 638 1259; x_wconf 87' lang='lat' dir='ltr'>Deo</span> <span class='ocrx_word' id='word_1_121' title='bbox 679 1197 908 1269; x_wconf 74' lang='lat' dir='ltr'>elec-to,-</span> <span class='ocrx_word' id='word_1_122' title='bbox 955 1207 1201 1260; x_wconf 90' lang='lat' dir='ltr'>certum</span> <span class='ocrx_word' id='word_1_123' title='bbox 1248 1204 1344 1259; x_wconf 90' lang='lat' dir='ltr'>est</span> <span class='ocrx_word' id='word_1_124' title='bbox 1386 1198 1559 1259; x_wconf 88' lang='lat' dir='ltr'>enim</span> <span class='ocrx_word' id='word_1_125' title='bbox 1604 1206 1839 1258; x_wconf 90' lang='lat' dir='ltr'>statum</span> <span class='ocrx_word' id='word_1_126' title='bbox 1888 1195 2059 1259; x_wconf 82' lang='lat' dir='ltr'>hunc</span> <span class='ocrx_word' id='word_1_127' title='bbox 2105 1214 2232 1259; x_wconf 90' lang='lat' dir='ltr'>non</span> <span class='ocrx_word' id='word_1_128' title='bbox 2277 1198 2676 1276; x_wconf 63' lang='lat' dir='ltr'>praecellere,</span> <span class='ocrx_word' id='word_1_129' title='bbox 2719 1203 2774 1262; x_wconf 89' lang='lat' dir='ltr'>si</span> <span class='ocrx_word' id='word_1_130' title='bbox 2821 1200 3112 1280; x_wconf 84' lang='lat' dir='ltr'>eligatur</span> 
     </span>
     <span class='ocr_line' id='line_1_14' title="bbox 516 1276 2270 1357; baseline 0.001 -19"><span class='ocrx_word' id='word_1_131' title='bbox 516 1276 683 1339; x_wconf 85' lang='lat' dir='ltr'>malo</span> <span class='ocrx_word' id='word_1_132' title='bbox 729 1279 895 1352; x_wconf 85' lang='lat' dir='ltr'>fine3</span> <span class='ocrx_word' id='word_1_133' title='bbox 936 1279 1082 1357; x_wconf 88' lang='lat' dir='ltr'>quia</span> <span class='ocrx_word' id='word_1_134' title='bbox 1129 1287 1279 1341; x_wconf 90' lang='lat' dir='ltr'>tunc</span> <span class='ocrx_word' id='word_1_135' title='bbox 1326 1293 1452 1340; x_wconf 88' lang='lat' dir='ltr'>non</span> <span class='ocrx_word' id='word_1_136' title='bbox 1496 1286 1667 1339; x_wconf 87' lang='lat' dir='ltr'>esset</span> <span class='ocrx_word' id='word_1_137' title='bbox 1712 1277 1945 1337; x_wconf 88' lang='lat' dir='ltr'>bonum</span> <span class='ocrx_word' id='word_1_138' title='bbox 1990 1277 2270 1341; x_wconf 88' lang='lat' dir='ltr'>virtutis.</span> 
     </span>
    </p>
   </div>
   <div class='ocr_carea' id='block_1_3' title="bbox 1548 1503 2020 1522">
    <p class='ocr_par' dir='ltr' id='par_1_4' title="bbox 1548 1503 2020 1522">
     <span class='ocr_line' id='line_1_15' title="bbox 1548 1503 2020 1522; baseline 0 0"><span class='ocrx_word' id='word_1_139' title='bbox 1548 1503 2020 1522; x_wconf 95' lang='lat' dir='ltr'> </span> 
     </span>
    </p>
   </div>
   <div class='ocr_carea' id='block_1_4' title="bbox 1223 1826 2375 2064">
    <p class='ocr_par' dir='ltr' id='par_1_5' title="bbox 1223 1826 2375 2064">
     <span class='ocr_line' id='line_1_16' title="bbox 1223 1826 2375 1891; baseline 0.002 -2"><span class='ocrx_word' id='word_1_140' title='bbox 1223 1826 2375 1891; x_wconf 70' lang='lat' dir='ltr'>AnmoTA&#39;rlomEs</span> 
     </span>
     <span class='ocr_line' id='line_1_17' title="bbox 1267 1996 2332 2064; baseline 0.003 -5"><span class='ocrx_word' id='word_1_141' title='bbox 1267 1998 1368 2059; x_wconf 85' lang='lat' dir='ltr'>AD</span> <span class='ocrx_word' id='word_1_142' title='bbox 1410 1996 1877 2062; x_wconf 85' lang='lat' dir='ltr'>TRACTATUM</span> <span class='ocrx_word' id='word_1_143' title='bbox 1919 1998 2332 2064; x_wconf 69' lang='lat' dir='ltr'>SEPTIMUM,</span> 
     </span>
    </p>
   </div>
   <div class='ocr_carea' id='block_1_5' title="bbox 1537 2240 2046 2321">
    <p class='ocr_par' dir='ltr' id='par_1_6' title="bbox 1537 2240 2046 2321">
     <span class='ocr_line' id='line_1_18' title="bbox 1537 2240 2046 2321; baseline 0.004 -19"><span class='ocrx_word' id='word_1_144' title='bbox 1537 2240 1662 2319; x_wconf 89' lang='lat' dir='ltr'>(A)</span> <span class='ocrx_word' id='word_1_145' title='bbox 1710 2240 1857 2321; x_wconf 65' lang='lat' dir='ltr'>Pap.</span> <span class='ocrx_word' id='word_1_146' title='bbox 1905 2241 2046 2304; x_wconf 75' lang='lat'><strong>435.</strong></span> 
     </span>
    </p>
   </div>
   <div class='ocr_carea' id='block_1_6' title="bbox 475 2461 3093 4712">
    <p class='ocr_par' dir='ltr' id='par_1_7' title="bbox 488 2461 3093 3423">
     <span class='ocr_line' id='line_1_19' title="bbox 574 2461 3090 2538; baseline 0.001 -15"><span class='ocrx_word' id='word_1_147' title='bbox 574 2462 785 2524; x_wconf 72' lang='grc'><strong>808.</strong></span> <span class='ocrx_word' id='word_1_148' title='bbox 831 2463 1291 2525; x_wconf 66' lang='lat' dir='ltr'>possessor</span> <span class='ocrx_word' id='word_1_149' title='bbox 1333 2465 1568 2525; x_wconf 73' lang='lat' dir='ltr'>bonae</span> <span class='ocrx_word' id='word_1_150' title='bbox 1610 2461 1832 2538; x_wconf 66' lang='lat' dir='ltr'>ndei,</span> <span class='ocrx_word' id='word_1_151' title='bbox 1875 2461 1951 2525; x_wconf 73' lang='lat' dir='ltr'>si</span> <span class='ocrx_word' id='word_1_152' title='bbox 1994 2482 2179 2525; x_wconf 70' lang='lat' dir='ltr'>rem</span> <span class='ocrx_word' id='word_1_153' title='bbox 2222 2461 2558 2526; x_wconf 68' lang='lat' dir='ltr'>donavit</span> <span class='ocrx_word' id='word_1_154' title='bbox 2599 2470 2748 2525; x_wconf 67' lang='lat' dir='ltr'>aut</span> <span class='ocrx_word' id='word_1_155' title='bbox 2810 2463 3090 2526; x_wconf 70' lang='lat' dir='ltr'>vendi·</span> 
     </span>
     <span class='ocr_line' id='line_1_20' title="bbox 497 2540 3091 2625; baseline 0.003 -24"><span class='ocrx_word' id='word_1_156' title='bbox 497 2540 664 2602; x_wconf 65' lang='lat' dir='ltr'>dits</span> <span class='ocrx_word' id='word_1_157' title='bbox 709 2544 813 2622; x_wconf 90' lang='lat' dir='ltr'>qui</span> <span class='ocrx_word' id='word_1_158' title='bbox 863 2560 996 2606; x_wconf 88' lang='lat' dir='ltr'>rem</span> <span class='ocrx_word' id='word_1_159' title='bbox 1041 2545 1316 2607; x_wconf 85' lang='lat' dir='ltr'>alienam</span> <span class='ocrx_word' id='word_1_160' title='bbox 1362 2545 1662 2607; x_wconf 89' lang='lat' dir='ltr'>donando</span> <span class='ocrx_word' id='word_1_161' title='bbox 1712 2545 1900 2607; x_wconf 88' lang='lat' dir='ltr'>rebus</span> <span class='ocrx_word' id='word_1_162' title='bbox 1943 2549 2075 2606; x_wconf 92' lang='lat' dir='ltr'>suis</span> <span class='ocrx_word' id='word_1_163' title='bbox 2143 2549 2446 2622; x_wconf 83' lang='lat' dir='ltr'>pepercit,</span> <span class='ocrx_word' id='word_1_164' title='bbox 2507 2544 2567 2606; x_wconf 87' lang='lat' dir='ltr'>id</span> <span class='ocrx_word' id='word_1_165' title='bbox 2633 2553 2759 2624; x_wconf 25' lang='lat' dir='ltr'>est·</span> <span class='ocrx_word' id='word_1_166' title='bbox 2799 2547 2851 2606; x_wconf 79' lang='lat' dir='ltr'>si</span> <span class='ocrx_word' id='word_1_167' title='bbox 2933 2546 3091 2625; x_wconf 88' lang='lat' dir='ltr'>quid</span> 
     </span>
     <span class='ocr_line' id='line_1_21' title="bbox 497 2622 3093 2705; baseline 0.002 -21"><span class='ocrx_word' id='word_1_168' title='bbox 497 2622 667 2684; x_wconf 76' lang='lat' dir='ltr'>atiud</span> <span class='ocrx_word' id='word_1_169' title='bbox 718 2634 890 2686; x_wconf 88' lang='lat' dir='ltr'>certe</span> <span class='ocrx_word' id='word_1_170' title='bbox 936 2624 1238 2698; x_wconf 79' lang='lat' dir='ltr'>dedisset,</span> <span class='ocrx_word' id='word_1_171' title='bbox 1281 2640 1433 2688; x_wconf 88' lang='lat' dir='ltr'>casu</span> <span class='ocrx_word' id='word_1_172' title='bbox 1476 2642 1598 2705; x_wconf 88' lang='lat' dir='ltr'>quo</span> <span class='ocrx_word' id='word_1_173' title='bbox 1646 2641 1778 2686; x_wconf 89' lang='lat' dir='ltr'>rem</span> <span class='ocrx_word' id='word_1_174' title='bbox 1829 2625 2005 2687; x_wconf 85' lang='lat' dir='ltr'>illam</span> <span class='ocrx_word' id='word_1_175' title='bbox 2054 2640 2182 2686; x_wconf 87' lang='lat' dir='ltr'>non</span> <span class='ocrx_word' id='word_1_176' title='bbox 2232 2625 2585 2700; x_wconf 84' lang='lat' dir='ltr'>habuisset,</span> <span class='ocrx_word' id='word_1_177' title='bbox 2631 2626 2856 2705; x_wconf 84' lang='lat' dir='ltr'>utique</span> <span class='ocrx_word' id='word_1_178' title='bbox 2896 2626 3093 2690; x_wconf 83' lang='lat' dir='ltr'>dehet</span> 
     </span>
     <span class='ocr_line' id='line_1_22' title="bbox 494 2703 3087 2786; baseline 0.003 -22"><span class='ocrx_word' id='word_1_179' title='bbox 494 2707 839 2766; x_wconf 84' lang='lat' dir='ltr'>restituere</span> <span class='ocrx_word' id='word_1_180' title='bbox 887 2703 967 2779; x_wconf 83' lang='lat' dir='ltr'>id,</span> <span class='ocrx_word' id='word_1_181' title='bbox 1015 2706 1077 2767; x_wconf 87' lang='lat' dir='ltr'>in</span> <span class='ocrx_word' id='word_1_182' title='bbox 1125 2722 1248 2785; x_wconf 88' lang='lat' dir='ltr'>quo</span> <span class='ocrx_word' id='word_1_183' title='bbox 1294 2708 1425 2767; x_wconf 82' lang='lat' dir='ltr'>suis</span> <span class='ocrx_word' id='word_1_184' title='bbox 1472 2708 1774 2784; x_wconf 88' lang='lat' dir='ltr'>pepercit.</span> <span class='ocrx_word' id='word_1_185' title='bbox 1820 2704 2015 2769; x_wconf 85' lang='lat' dir='ltr'>Secus</span> <span class='ocrx_word' id='word_1_186' title='bbox 2063 2703 2140 2768; x_wconf 90' lang='lat' dir='ltr'>ad</span> <span class='ocrx_word' id='word_1_187' title='bbox 2191 2706 2354 2767; x_wconf 84' lang='lat' dir='ltr'>nihil</span> <span class='ocrx_word' id='word_1_188' title='bbox 2403 2713 2657 2768; x_wconf 87' lang='lat' dir='ltr'>tenetur</span> <span class='ocrx_word' id='word_1_189' title='bbox 2698 2707 2953 2769; x_wconf 87' lang='lat' dir='ltr'>ratione</span> <span class='ocrx_word' id='word_1_190' title='bbox 2980 2705 3087 2786; x_wconf 86' lang='lat' dir='ltr'>jn·</span> 
     </span>
     <span class='ocr_line' id='line_1_23' title="bbox 494 2785 3089 2865; baseline 0.002 -20"><span class='ocrx_word' id='word_1_191' title='bbox 494 2785 722 2848; x_wconf 84' lang='lat' dir='ltr'>stitiae:</span> <span class='ocrx_word' id='word_1_192' title='bbox 770 2792 1053 2846; x_wconf 85' lang='lat' dir='ltr'>attamen</span> <span class='ocrx_word' id='word_1_193' title='bbox 1101 2787 1351 2847; x_wconf 89' lang='lat' dir='ltr'>ratione</span> <span class='ocrx_word' id='word_1_194' title='bbox 1396 2786 1750 2860; x_wconf 80' lang='lat' dir='ltr'>charitatiS,</span> <span class='ocrx_word' id='word_1_195' title='bbox 1813 2788 1864 2848; x_wconf 91' lang='lat' dir='ltr'>si</span> <span class='ocrx_word' id='word_1_196' title='bbox 1916 2785 2244 2848; x_wconf 90' lang='lat' dir='ltr'>commode</span> <span class='ocrx_word' id='word_1_197' title='bbox 2312 2785 2373 2849; x_wconf 91' lang='lat' dir='ltr'>id</span> <span class='ocrx_word' id='word_1_198' title='bbox 2451 2796 2754 2865; x_wconf 83' lang='lat' dir='ltr'>praestare</span> <span class='ocrx_word' id='word_1_199' title='bbox 2825 2789 3089 2865; x_wconf 88' lang='lat' dir='ltr'>poterit,</span> 
     </span>
     <span class='ocr_line' id='line_1_24' title="bbox 497 2865 3081 2940; baseline 0.002 -17"><span class='ocrx_word' id='word_1_200' title='bbox 497 2871 754 2929; x_wconf 84' lang='lat' dir='ltr'>tenetur</span> <span class='ocrx_word' id='word_1_201' title='bbox 798 2879 1060 2927; x_wconf 91' lang='lat' dir='ltr'>monere</span> <span class='ocrx_word' id='word_1_202' title='bbox 1103 2866 1530 2940; x_wconf 88' lang='lat' dir='ltr'>donatarium,</span> <span class='ocrx_word' id='word_1_203' title='bbox 1578 2875 1646 2929; x_wconf 92' lang='lat' dir='ltr'>ut</span> <span class='ocrx_word' id='word_1_204' title='bbox 1693 2882 1827 2930; x_wconf 88' lang='lat' dir='ltr'>rem</span> <span class='ocrx_word' id='word_1_205' title='bbox 1872 2866 2132 2928; x_wconf 89' lang='lat' dir='ltr'>domino</span> <span class='ocrx_word' id='word_1_206' title='bbox 2197 2883 2313 2928; x_wconf 88' lang='lat' dir='ltr'>suo</span> <span class='ocrx_word' id='word_1_207' title='bbox 2379 2866 2640 2940; x_wconf 86' lang='lat' dir='ltr'>reddat;</span> <span class='ocrx_word' id='word_1_208' title='bbox 2704 2865 2804 2929; x_wconf 88' lang='lat' dir='ltr'>vel</span> <span class='ocrx_word' id='word_1_209' title='bbox 2872 2866 3081 2929; x_wconf 92' lang='lat' dir='ltr'>domi·</span> 
     </span>
     <span class='ocr_line' id='line_1_25' title="bbox 491 2945 3079 3025; baseline 0.002 -20"><span class='ocrx_word' id='word_1_210' title='bbox 491 2959 668 3018; x_wconf 86' lang='lat' dir='ltr'>num,</span> <span class='ocrx_word' id='word_1_211' title='bbox 717 2954 785 3006; x_wconf 87' lang='lat' dir='ltr'>ut</span> <span class='ocrx_word' id='word_1_212' title='bbox 831 2947 910 3007; x_wconf 87' lang='lat' dir='ltr'>ita</span> <span class='ocrx_word' id='word_1_213' title='bbox 961 2960 1094 3008; x_wconf 89' lang='lat' dir='ltr'>rem</span> <span class='ocrx_word' id='word_1_214' title='bbox 1138 2962 1316 3008; x_wconf 83' lang='lat' dir='ltr'>suam</span> <span class='ocrx_word' id='word_1_215' title='bbox 1363 2962 1747 3024; x_wconf 87' lang='lat' dir='ltr'>recuperare</span> <span class='ocrx_word' id='word_1_216' title='bbox 1793 2948 2020 3008; x_wconf 87' lang='lat' dir='ltr'>valeat.</span> <span class='ocrx_word' id='word_1_217' title='bbox 2065 2945 2281 3019; x_wconf 86' lang='lat' dir='ltr'>Quoad</span> <span class='ocrx_word' id='word_1_218' title='bbox 2328 2963 2475 3009; x_wconf 91' lang='lat' dir='ltr'>eum</span> <span class='ocrx_word' id='word_1_219' title='bbox 2519 2956 2756 3021; x_wconf 86' lang='lat' dir='ltr'>autem,</span> <span class='ocrx_word' id='word_1_220' title='bbox 2792 2950 2901 3025; x_wconf 83' lang='lat' dir='ltr'>qui</span> <span class='ocrx_word' id='word_1_221' title='bbox 2941 2964 3079 3011; x_wconf 86' lang='lat' dir='ltr'>rem</span> 
     </span>
     <span class='ocr_line' id='line_1_26' title="bbox 491 3022 3086 3098; baseline 0.002 -13"><span class='ocrx_word' id='word_1_222' title='bbox 491 3022 768 3087; x_wconf 76' lang='lat' dir='ltr'>alienam</span> <span class='ocrx_word' id='word_1_223' title='bbox 815 3023 978 3088; x_wconf 88' lang='lat' dir='ltr'>bona</span> <span class='ocrx_word' id='word_1_224' title='bbox 1027 3025 1150 3088; x_wconf 80' lang='lat' dir='ltr'>fide</span> <span class='ocrx_word' id='word_1_225' title='bbox 1195 3025 1510 3098; x_wconf 85' lang='lat' dir='ltr'>vendidit,</span> <span class='ocrx_word' id='word_1_226' title='bbox 1556 3028 1691 3090; x_wconf 82' lang='lat' dir='ltr'>baec</span> <span class='ocrx_word' id='word_1_227' title='bbox 1738 3026 1932 3090; x_wconf 87' lang='lat' dir='ltr'>habet</span> <span class='ocrx_word' id='word_1_228' title='bbox 1976 3027 2188 3089; x_wconf 89' lang='lat' dir='ltr'>civilis</span> <span class='ocrx_word' id='word_1_229' title='bbox 2232 3026 2476 3089; x_wconf 81' lang='lat' dir='ltr'>Codex:</span> <span class='ocrx_word' id='word_1_230' title='bbox 2526 3025 2642 3089; x_wconf 76' lang='lat' dir='ltr'>Clti</span> <span class='ocrx_word' id='word_1_231' title='bbox 2670 3026 2751 3089; x_wconf 80' lang='grc' dir='ltr'>Ιια</span> <span class='ocrx_word' id='word_1_232' title='bbox 2797 3030 3086 3091; x_wconf 75' lang='lat' dir='ltr'>vendam</span> 
     </span>
     <span class='ocr_line' id='line_1_27' title="bbox 494 3103 3086 3186; baseline 0.002 -20"><span class='ocrx_word' id='word_1_233' title='bbox 494 3103 558 3167; x_wconf 83' lang='lat' dir='ltr'>la</span> <span class='ocrx_word' id='word_1_234' title='bbox 601 3122 742 3168; x_wconf 82' lang='lat' dir='ltr'>cosa</span> <span class='ocrx_word' id='word_1_235' title='bbox 789 3111 1074 3169; x_wconf 67' lang='lat' dir='ltr'>noevum</span> <span class='ocrx_word' id='word_1_236' title='bbox 1118 3107 1183 3169; x_wconf 80' lang='lat' dir='ltr'>in</span> <span class='ocrx_word' id='word_1_237' title='bbox 1229 3105 1433 3170; x_wconf 77' lang='lat' dir='ltr'>bunna</span> <span class='ocrx_word' id='word_1_238' title='bbox 1473 3105 1626 3184; x_wconf 79' lang='lat' dir='ltr'>fede,</span> <span class='ocrx_word' id='word_1_239' title='bbox 1671 3123 1792 3170; x_wconf 83' lang='lat' dir='ltr'>non</span> <span class='ocrx_word' id='word_1_240' title='bbox 1833 3110 1864 3169; x_wconf 76' lang='grc' dir='ltr'><em>ἑ</em></span> <span class='ocrx_word' id='word_1_241' title='bbox 1911 3115 2121 3170; x_wconf 78' lang='lat' dir='ltr'>tenuta</span> <span class='ocrx_word' id='word_1_242' title='bbox 2156 3105 2262 3169; x_wconf 76' lang='lat' dir='ltr'>che</span> <span class='ocrx_word' id='word_1_243' title='bbox 2306 3124 2345 3169; x_wconf 86' lang='lat' dir='ltr'>a</span> <span class='ocrx_word' id='word_1_244' title='bbox 2389 3109 2714 3174; x_wconf 76' lang='lat' dir='ltr'>restituire</span> <span class='ocrx_word' id='word_1_245' title='bbox 2763 3108 2812 3168; x_wconf 79' lang='lat' dir='ltr'>ic</span> <span class='ocrx_word' id='word_1_246' title='bbox 2842 3125 3086 3186; x_wconf 76' lang='lat' dir='ltr'>prezzo</span> 
     </span>
     <span class='ocr_line' id='line_1_28' title="bbox 490 3186 3082 3267; baseline 0.002 -21"><span class='ocrx_word' id='word_1_247' title='bbox 490 3186 778 3248; x_wconf 79' lang='lat' dir='ltr'>ricavato</span> <span class='ocrx_word' id='word_1_248' title='bbox 820 3186 997 3250; x_wconf 78' lang='lat' dir='ltr'>dalla</span> <span class='ocrx_word' id='word_1_249' title='bbox 1039 3187 1310 3261; x_wconf 78' lang='lat' dir='ltr'>vendita,</span> <span class='ocrx_word' id='word_1_250' title='bbox 1351 3187 1428 3248; x_wconf 78' lang='lat' dir='ltr'>od</span> <span class='ocrx_word' id='word_1_251' title='bbox 1468 3203 1509 3249; x_wconf 88' lang='lat' dir='ltr'>a</span> <span class='ocrx_word' id='word_1_252' title='bbox 1552 3188 1760 3250; x_wconf 77' lang='lat' dir='ltr'>cedere</span> <span class='ocrx_word' id='word_1_253' title='bbox 1805 3186 2077 3250; x_wconf 78' lang='lat' dir='ltr'>l&#39;azionc</span> <span class='ocrx_word' id='word_1_254' title='bbox 2118 3203 2230 3266; x_wconf 83' lang='lat' dir='ltr'>per</span> <span class='ocrx_word' id='word_1_255' title='bbox 2272 3187 2687 3267; x_wconf 62' lang='lat' dir='ltr'>consequuta,</span> <span class='ocrx_word' id='word_1_256' title='bbox 2739 3188 2787 3247; x_wconf 88' lang='lat' dir='ltr'>si</span> <span class='ocrx_word' id='word_1_257' title='bbox 2841 3204 3082 3266; x_wconf 87' lang='lat' dir='ltr'>nempe</span> 
     </span>
     <span class='ocr_line' id='line_1_29' title="bbox 491 3263 3085 3345; baseline 0.003 -20"><span class='ocrx_word' id='word_1_258' title='bbox 491 3263 650 3328; x_wconf 76' lang='lat' dir='ltr'>iilud</span> <span class='ocrx_word' id='word_1_259' title='bbox 700 3266 984 3328; x_wconf 88' lang='lat' dir='ltr'>nondum</span> <span class='ocrx_word' id='word_1_260' title='bbox 1028 3268 1303 3336; x_wconf 79' lang='lat' dir='ltr'>solutum</span> <span class='ocrx_word' id='word_1_261' title='bbox 1349 3269 1432 3329; x_wconf 89' lang='lat' dir='ltr'>sit</span> <span class='ocrx_word' id='word_1_262' title='bbox 1474 3267 1630 3345; x_wconf 79' lang='lat' dir='ltr'>(art.</span> <span class='ocrx_word' id='word_1_263' title='bbox 1677 3266 1866 3342; x_wconf 73' lang='lat'><strong>{1493</strong></span> <span class='ocrx_word' id='word_1_264' title='bbox 1908 3300 1983 3312; x_wconf 92' lang='lat'>—-</span> <span class='ocrx_word' id='word_1_265' title='bbox 2032 3267 2094 3330; x_wconf 88' lang='lat' dir='ltr'>C.</span> <span class='ocrx_word' id='word_1_266' title='bbox 2141 3267 2216 3329; x_wconf 81' lang='lat' dir='ltr'>A.</span> <span class='ocrx_word' id='word_1_267' title='bbox 2257 3267 2418 3341; x_wconf 79' lang='lat'><strong>923;</strong></span> <span class='ocrx_word' id='word_1_268' title='bbox 2475 3302 2553 3313; x_wconf 91' lang='lat'><em>-</em></span> <span class='ocrx_word' id='word_1_269' title='bbox 2601 3266 2664 3329; x_wconf 89' lang='lat' dir='ltr'>C.</span> <span class='ocrx_word' id='word_1_270' title='bbox 2735 3266 2805 3329; x_wconf 86' lang='lat' dir='ltr'>G.</span> <span class='ocrx_word' id='word_1_271' title='bbox 2877 3267 3085 3343; x_wconf 84' lang='lat'><strong>1389;</strong></span> 
     </span>
     <span class='ocr_line' id='line_1_30' title="bbox 488 3345 2753 3423; baseline -0 -15"><span class='ocrx_word' id='word_1_272' title='bbox 488 3374 567 3389; x_wconf 90' lang='lat'>—·</span> <span class='ocrx_word' id='word_1_273' title='bbox 614 3345 674 3408; x_wconf 90' lang='lat' dir='ltr'>C.</span> <span class='ocrx_word' id='word_1_274' title='bbox 724 3346 785 3407; x_wconf 90' lang='lat' dir='ltr'>S.</span> <span class='ocrx_word' id='word_1_275' title='bbox 831 3347 1017 3420; x_wconf 80' lang='lat'><strong>1334;</strong></span> <span class='ocrx_word' id='word_1_276' title='bbox 1060 3382 1135 3393; x_wconf 88' lang='lat'>—</span> <span class='ocrx_word' id='word_1_277' title='bbox 1178 3347 1239 3409; x_wconf 91' lang='lat' dir='ltr'>C.</span> <span class='ocrx_word' id='word_1_278' title='bbox 1286 3349 1353 3410; x_wconf 90' lang='lat' dir='ltr'>P.</span> <span class='ocrx_word' id='word_1_279' title='bbox 1381 3347 1590 3421; x_wconf 74' lang='lat'><strong>·2083;</strong></span> <span class='ocrx_word' id='word_1_280' title='bbox 1633 3383 1710 3393; x_wconf 92' lang='lat'>—</span> <span class='ocrx_word' id='word_1_281' title='bbox 1762 3346 1824 3409; x_wconf 88' lang='lat' dir='ltr'>C.</span> <span class='ocrx_word' id='word_1_282' title='bbox 1872 3347 1951 3409; x_wconf 83' lang='lat' dir='ltr'>M.</span> <span class='ocrx_word' id='word_1_283' title='bbox 2002 3347 2190 3423; x_wconf 81' lang='lat'><strong>1391;</strong></span> <span class='ocrx_word' id='word_1_284' title='bbox 2235 3381 2312 3392; x_wconf 90' lang='lat'>—</span> <span class='ocrx_word' id='word_1_285' title='bbox 2360 3347 2423 3410; x_wconf 88' lang='lat' dir='ltr'>C.</span> <span class='ocrx_word' id='word_1_286' title='bbox 2477 3348 2539 3411; x_wconf 90' lang='grc' dir='ltr'>Τ.</span> <span class='ocrx_word' id='word_1_287' title='bbox 2587 3349 2753 3422; x_wconf 79' lang='grc'>720).</span> 
     </span>
    </p>

    <p class='ocr_par' dir='ltr' id='par_1_8' title="bbox 478 3423 3080 3830">
     <span class='ocr_line' id='line_1_31' title="bbox 571 3423 3079 3507; baseline 0.002 -22"><span class='ocrx_word' id='word_1_288' title='bbox 571 3423 730 3498; x_wconf 77' lang='lat' dir='ltr'>Quid</span> <span class='ocrx_word' id='word_1_289' title='bbox 771 3426 1005 3506; x_wconf 87' lang='lat' dir='ltr'>(dices)</span> <span class='ocrx_word' id='word_1_290' title='bbox 1047 3428 1105 3488; x_wconf 81' lang='lat' dir='ltr'>si</span> <span class='ocrx_word' id='word_1_291' title='bbox 1147 3428 1251 3492; x_wconf 79' lang='lat' dir='ltr'>ille</span> <span class='ocrx_word' id='word_1_292' title='bbox 1295 3429 1403 3507; x_wconf 82' lang='lat' dir='ltr'>qui</span> <span class='ocrx_word' id='word_1_293' title='bbox 1445 3426 1604 3490; x_wconf 81' lang='lat' dir='ltr'>bona</span> <span class='ocrx_word' id='word_1_294' title='bbox 1636 3427 1752 3507; x_wconf 80' lang='lat' dir='ltr'>fide</span> <span class='ocrx_word' id='word_1_295' title='bbox 1798 3428 2074 3491; x_wconf 80' lang='lat' dir='ltr'>vendidit</span> <span class='ocrx_word' id='word_1_296' title='bbox 2114 3445 2245 3491; x_wconf 78' lang='lat' dir='ltr'>rem</span> <span class='ocrx_word' id='word_1_297' title='bbox 2307 3427 2603 3506; x_wconf 82' lang='lat' dir='ltr'>alienam,</span> <span class='ocrx_word' id='word_1_298' title='bbox 2671 3434 3079 3491; x_wconf 78' lang='lat' dir='ltr'>contractum</span> 
     </span>
     <span class='ocr_line' id='line_1_32' title="bbox 486 3506 3080 3588; baseline 0.002 -22"><span class='ocrx_word' id='word_1_299' title='bbox 486 3506 908 3582; x_wconf 77' lang='lat' dir='ltr'>rescindendo,</span> <span class='ocrx_word' id='word_1_300' title='bbox 953 3524 1072 3570; x_wconf 80' lang='lat' dir='ltr'>non</span> <span class='ocrx_word' id='word_1_301' title='bbox 1112 3509 1313 3586; x_wconf 81' lang='lat' dir='ltr'>possit</span> <span class='ocrx_word' id='word_1_302' title='bbox 1350 3507 1622 3586; x_wconf 82' lang='lat' dir='ltr'>amplius</span> <span class='ocrx_word' id='word_1_303' title='bbox 1668 3525 2040 3588; x_wconf 77' lang='lat' dir='ltr'>recuperare</span> <span class='ocrx_word' id='word_1_304' title='bbox 2094 3509 2385 3587; x_wconf 79' lang='lat' dir='ltr'>pretium,</span> <span class='ocrx_word' id='word_1_305' title='bbox 2430 3526 2546 3588; x_wconf 78' lang='lat' dir='ltr'>quo</span> <span class='ocrx_word' id='word_1_306' title='bbox 2611 3515 2673 3572; x_wconf 74' lang='lat' dir='ltr'>et</span> <span class='ocrx_word' id='word_1_307' title='bbox 2737 3509 2870 3587; x_wconf 80' lang='lat' dir='ltr'>ipse</span> <span class='ocrx_word' id='word_1_308' title='bbox 2938 3525 3080 3571; x_wconf 76' lang='lat' dir='ltr'>rem</span> 
     </span>
     <span class='ocr_line' id='line_1_33' title="bbox 485 3583 3078 3668; baseline 0.003 -23"><span class='ocrx_word' id='word_1_309' title='bbox 485 3583 668 3648; x_wconf 75' lang='lat' dir='ltr'>illam</span> <span class='ocrx_word' id='word_1_310' title='bbox 710 3588 905 3650; x_wconf 75' lang='lat' dir='ltr'>emit?</span> <span class='ocrx_word' id='word_1_311' title='bbox 945 3606 998 3650; x_wconf 89' lang='lat' dir='ltr'>v.</span> <span class='ocrx_word' id='word_1_312' title='bbox 1040 3604 1122 3667; x_wconf 67' lang='grc'>9.,</span> <span class='ocrx_word' id='word_1_313' title='bbox 1170 3590 1367 3666; x_wconf 79' lang='lat' dir='ltr'>precio</span> <span class='ocrx_word' id='word_1_314' title='bbox 1410 3589 1620 3651; x_wconf 75' lang='lat' dir='ltr'>emisti</span> <span class='ocrx_word' id='word_1_315' title='bbox 1662 3590 1744 3651; x_wconf 53' lang='lat' dir='ltr'>,ab</span> <span class='ocrx_word' id='word_1_316' title='bbox 1775 3590 1983 3668; x_wconf 72' lang='lat' dir='ltr'>iqnoto</span> <span class='ocrx_word' id='word_1_317' title='bbox 2021 3587 2259 3651; x_wconf 75' lang='lat' dir='ltr'>homine</span> <span class='ocrx_word' id='word_1_318' title='bbox 2288 3606 2514 3668; x_wconf 81' lang='lat' dir='ltr'>equum</span> <span class='ocrx_word' id='word_1_319' title='bbox 2548 3589 2847 3663; x_wconf 79' lang='lat' dir='ltr'>alienum,</span> <span class='ocrx_word' id='word_1_320' title='bbox 2893 3605 3078 3667; x_wconf 80' lang='lat' dir='ltr'>quem</span> 
     </span>
     <span class='ocr_line' id='line_1_34' title="bbox 478 3669 3079 3747; baseline 0.002 -21"><span class='ocrx_word' id='word_1_321' title='bbox 478 3674 698 3745; x_wconf 80' lang='lat' dir='ltr'>postea</span> <span class='ocrx_word' id='word_1_322' title='bbox 741 3669 924 3730; x_wconf 80' lang='lat' dir='ltr'>tertio</span> <span class='ocrx_word' id='word_1_323' title='bbox 967 3669 1347 3740; x_wconf 77' lang='lat' dir='ltr'>vendidisti;</span> <span class='ocrx_word' id='word_1_324' title='bbox 1392 3671 1450 3732; x_wconf 79' lang='lat' dir='ltr'>si</span> <span class='ocrx_word' id='word_1_325' title='bbox 1492 3669 1636 3731; x_wconf 75' lang='lat' dir='ltr'>huic</span> <span class='ocrx_word' id='word_1_326' title='bbox 1684 3670 1867 3731; x_wconf 75' lang='lat' dir='ltr'>certio</span> <span class='ocrx_word' id='word_1_327' title='bbox 1913 3669 2299 3730; x_wconf 77' lang='lat' dir='ltr'>restituatur</span> <span class='ocrx_word' id='word_1_328' title='bbox 2355 3670 2631 3747; x_wconf 79' lang='lat' dir='ltr'>pretium</span> <span class='ocrx_word' id='word_1_329' title='bbox 2700 3678 2762 3732; x_wconf 80' lang='lat' dir='ltr'>et</span> <span class='ocrx_word' id='word_1_330' title='bbox 2825 3670 3079 3732; x_wconf 79' lang='lat' dir='ltr'>domino</span> 
     </span>
     <span class='ocr_line' id='line_1_35' title="bbox 485 3748 2517 3830; baseline 0.002 -21"><span class='ocrx_word' id='word_1_331' title='bbox 485 3762 698 3825; x_wconf 76' lang='lat' dir='ltr'>equus,</span> <span class='ocrx_word' id='word_1_332' title='bbox 749 3755 818 3810; x_wconf 78' lang='lat' dir='ltr'>tu</span> <span class='ocrx_word' id='word_1_333' title='bbox 859 3751 1103 3811; x_wconf 79' lang='lat' dir='ltr'>amittis</span> <span class='ocrx_word' id='word_1_334' title='bbox 1152 3757 1326 3830; x_wconf 68' lang='lat' dir='ltr'>tuam</span> <span class='ocrx_word' id='word_1_335' title='bbox 1366 3751 1718 3829; x_wconf 80' lang='lat' dir='ltr'>pecuniam,</span> <span class='ocrx_word' id='word_1_336' title='bbox 1767 3766 1953 3828; x_wconf 82' lang='lat' dir='ltr'>quam</span> <span class='ocrx_word' id='word_1_337' title='bbox 1998 3749 2203 3828; x_wconf 73' lang='lat' dir='ltr'>iqnoto</span> <span class='ocrx_word' id='word_1_338' title='bbox 2248 3748 2517 3813; x_wconf 78' lang='lat' dir='ltr'>solvisti.</span> 
     </span>
    </p>

    <p class='ocr_par' dir='ltr' id='par_1_9' title="bbox 475 3826 3073 4712">
     <span class='ocr_line' id='line_1_36' title="bbox 566 3826 3073 3909; baseline 0.001 -21"><span class='ocrx_word' id='word_1_339' title='bbox 566 3826 640 3889; x_wconf 78' lang='lat' dir='ltr'>R.</span> <span class='ocrx_word' id='word_1_340' title='bbox 683 3828 1254 3908; x_wconf 85' lang='lat' dir='ltr'>Distinguendum:</span> <span class='ocrx_word' id='word_1_341' title='bbox 1301 3831 1351 3892; x_wconf 88' lang='lat' dir='ltr'>si</span> <span class='ocrx_word' id='word_1_342' title='bbox 1402 3830 1863 3909; x_wconf 87' lang='lat' dir='ltr'>proprietarius</span> <span class='ocrx_word' id='word_1_343' title='bbox 1908 3845 2089 3891; x_wconf 91' lang='lat' dir='ltr'>suum</span> <span class='ocrx_word' id='word_1_344' title='bbox 2136 3844 2369 3908; x_wconf 87' lang='lat' dir='ltr'>equum</span> <span class='ocrx_word' id='word_1_345' title='bbox 2429 3831 2684 3892; x_wconf 88' lang='lat' dir='ltr'>evincat</span> <span class='ocrx_word' id='word_1_346' title='bbox 2745 3843 2779 3890; x_wconf 88' lang='lat' dir='ltr'>a</span> <span class='ocrx_word' id='word_1_347' title='bbox 2850 3830 3073 3905; x_wconf 86' lang='lat' dir='ltr'>tertio,</span> 
     </span>
     <span class='ocr_line' id='line_1_37' title="bbox 486 3907 3072 4002; baseline 0.001 -33"><span class='ocrx_word' id='word_1_348' title='bbox 486 3911 713 3970; x_wconf 86' lang='lat' dir='ltr'>tertius</span> <span class='ocrx_word' id='word_1_349' title='bbox 758 3910 876 3972; x_wconf 90' lang='lat' dir='ltr'>iste</span> <span class='ocrx_word' id='word_1_350' title='bbox 924 3919 1177 3974; x_wconf 87' lang='lat' dir='ltr'>tenetur</span> <span class='ocrx_word' id='word_1_351' title='bbox 1223 3925 1451 3989; x_wconf 84' lang='lat' dir='ltr'>equum</span> <span class='ocrx_word' id='word_1_352' title='bbox 1501 3911 1762 3972; x_wconf 91' lang='lat' dir='ltr'>domino</span> <span class='ocrx_word' id='word_1_353' title='bbox 1811 3909 2084 3982; x_wconf 81' lang='lat' dir='ltr'>tradere,</span> <span class='ocrx_word' id='word_1_354' title='bbox 2127 3911 2272 4002; x_wconf 81' lang='lat' dir='ltr'>quia</span> <span class='ocrx_word' id='word_1_355' title='bbox 2322 3909 2397 3970; x_wconf 87' lang='lat' dir='ltr'>ad</span> <span class='ocrx_word' id='word_1_356' title='bbox 2448 3914 2654 3990; x_wconf 89' lang='lat' dir='ltr'>ipsum</span> <span class='ocrx_word' id='word_1_357' title='bbox 2700 3907 2959 3985; x_wconf 86' lang='lat' dir='ltr'>clamat,</span> <span class='ocrx_word' id='word_1_358' title='bbox 2999 3919 3072 3972; x_wconf 85' lang='lat' dir='ltr'>et.</span> 
     </span>
     <span class='ocr_line' id='line_1_38' title="bbox 485 3988 3063 4068; baseline 0.001 -19"><span class='ocrx_word' id='word_1_359' title='bbox 485 3993 553 4050; x_wconf 84' lang='lat' dir='ltr'>tu</span> <span class='ocrx_word' id='word_1_360' title='bbox 601 3988 692 4050; x_wconf 85' lang='lat' dir='ltr'>ilii</span> <span class='ocrx_word' id='word_1_361' title='bbox 743 3992 988 4054; x_wconf 91' lang='lat' dir='ltr'>teneris</span> <span class='ocrx_word' id='word_1_362' title='bbox 1029 3990 1304 4055; x_wconf 83' lang='lat' dir='ltr'>solutum</span> <span class='ocrx_word' id='word_1_363' title='bbox 1351 3992 1626 4068; x_wconf 89' lang='lat' dir='ltr'>pretium</span> <span class='ocrx_word' id='word_1_364' title='bbox 1675 3989 1978 4063; x_wconf 88' lang='lat' dir='ltr'>reddere;</span> <span class='ocrx_word' id='word_1_365' title='bbox 2049 4005 2193 4068; x_wconf 83' lang='lat' dir='ltr'>quia</span> <span class='ocrx_word' id='word_1_366' title='bbox 2240 3990 2592 4052; x_wconf 81' lang='lat' dir='ltr'>vendidisti</span> <span class='ocrx_word' id='word_1_367' title='bbox 2670 4003 2804 4050; x_wconf 88' lang='lat' dir='ltr'>rem</span> <span class='ocrx_word' id='word_1_368' title='bbox 2873 3991 3063 4052; x_wconf 91' lang='lat' dir='ltr'>vitio·</span> 
     </span>
     <span class='ocr_line' id='line_1_39' title="bbox 481 4071 3066 4150; baseline 0.001 -21"><span class='ocrx_word' id='word_1_369' title='bbox 481 4084 644 4130; x_wconf 89' lang='lat' dir='ltr'>sam:</span> <span class='ocrx_word' id='word_1_370' title='bbox 694 4086 804 4147; x_wconf 89' lang='lat' dir='ltr'>per</span> <span class='ocrx_word' id='word_1_371' title='bbox 846 4071 1146 4134; x_wconf 88' lang='lat' dir='ltr'>accidens</span> <span class='ocrx_word' id='word_1_372' title='bbox 1188 4080 1399 4134; x_wconf 86' lang='lat' dir='ltr'>autem</span> <span class='ocrx_word' id='word_1_373' title='bbox 1444 4080 1568 4146; x_wconf 90' lang='lat' dir='ltr'>est,</span> <span class='ocrx_word' id='word_1_374' title='bbox 1615 4071 1784 4149; x_wconf 89' lang='lat' dir='ltr'>quod</span> <span class='ocrx_word' id='word_1_375' title='bbox 1832 4086 1957 4132; x_wconf 88' lang='lat' dir='ltr'>non</span> <span class='ocrx_word' id='word_1_376' title='bbox 2005 4073 2205 4147; x_wconf 88' lang='lat' dir='ltr'>possis</span> <span class='ocrx_word' id='word_1_377' title='bbox 2272 4086 2655 4150; x_wconf 89' lang='lat' dir='ltr'>recuperare</span> <span class='ocrx_word' id='word_1_378' title='bbox 2721 4073 3066 4147; x_wconf 88' lang='lat' dir='ltr'>pecuniam</span> 
     </span>
     <span class='ocr_line' id='line_1_40' title="bbox 481 4148 3072 4230; baseline 0.001 -19"><span class='ocrx_word' id='word_1_379' title='bbox 481 4156 673 4212; x_wconf 85' lang='lat' dir='ltr'>tuam.</span> <span class='ocrx_word' id='word_1_380' title='bbox 716 4148 778 4212; x_wconf 90' lang='lat' dir='ltr'>Si</span> <span class='ocrx_word' id='word_1_381' title='bbox 827 4166 978 4213; x_wconf 92' lang='lat' dir='ltr'>vero</span> <span class='ocrx_word' id='word_1_382' title='bbox 1027 4152 1484 4230; x_wconf 85' lang='lat' dir='ltr'>proprietarius</span> <span class='ocrx_word' id='word_1_383' title='bbox 1530 4167 1664 4214; x_wconf 87' lang='lat' dir='ltr'>rem</span> <span class='ocrx_word' id='word_1_384' title='bbox 1708 4167 1884 4212; x_wconf 88' lang='lat' dir='ltr'>suam</span> <span class='ocrx_word' id='word_1_385' title='bbox 1935 4166 2061 4210; x_wconf 88' lang='lat' dir='ltr'>non</span> <span class='ocrx_word' id='word_1_386' title='bbox 2102 4152 2381 4225; x_wconf 85' lang='lat' dir='ltr'>evincat,</span> <span class='ocrx_word' id='word_1_387' title='bbox 2426 4150 2537 4212; x_wconf 88' lang='lat' dir='ltr'>alii</span> <span class='ocrx_word' id='word_1_388' title='bbox 2583 4166 2724 4212; x_wconf 90' lang='lat' dir='ltr'>cum</span> <span class='ocrx_word' id='word_1_389' title='bbox 2770 4149 3072 4229; x_wconf 78' lang='lat' dir='ltr'>Lyonnet</span> 
     </span>
     <span class='ocr_line' id='line_1_41' title="bbox 480 4228 3063 4309; baseline 0.002 -20"><span class='ocrx_word' id='word_1_390' title='bbox 480 4240 779 4292; x_wconf 86' lang='lat' dir='ltr'>asserunt</span> <span class='ocrx_word' id='word_1_391' title='bbox 823 4232 1222 4294; x_wconf 88' lang='lat' dir='ltr'>venditorem</span> <span class='ocrx_word' id='word_1_392' title='bbox 1268 4230 1476 4292; x_wconf 84' lang='lat' dir='ltr'>adhuc</span> <span class='ocrx_word' id='word_1_393' title='bbox 1554 4232 1863 4294; x_wconf 86' lang='lat' dir='ltr'>estituere</span> <span class='ocrx_word' id='word_1_394' title='bbox 1908 4228 2145 4292; x_wconf 90' lang='lat' dir='ltr'>debere</span> <span class='ocrx_word' id='word_1_395' title='bbox 2192 4232 2468 4309; x_wconf 90' lang='lat' dir='ltr'>pretium</span> <span class='ocrx_word' id='word_1_396' title='bbox 2534 4245 2615 4292; x_wconf 84' lang='lat' dir='ltr'>ex</span> <span class='ocrx_word' id='word_1_397' title='bbox 2679 4232 3063 4294; x_wconf 83' lang='lat' dir='ltr'>venditione</span> 
     </span>
     <span class='ocr_line' id='line_1_42' title="bbox 479 4249 3070 4391; baseline 0.002 -23"><span class='ocrx_word' id='word_1_398' title='bbox 479 4309 572 4368; x_wconf 88' lang='lat' dir='ltr'>rei</span> <span class='ocrx_word' id='word_1_399' title='bbox 618 4307 848 4373; x_wconf 82' lang='lat' dir='ltr'>alienae</span> <span class='ocrx_word' id='word_1_400' title='bbox 898 4323 1286 4390; x_wconf 87' lang='lat' dir='ltr'>perceptum,</span> <span class='ocrx_word' id='word_1_401' title='bbox 1331 4249 1839 4391; x_wconf 44' lang='lat' dir='ltr'>modoK&#39;pretium</span> <span class='ocrx_word' id='word_1_402' title='bbox 1887 4309 2045 4372; x_wconf 85' lang='lat' dir='ltr'>iilud</span> <span class='ocrx_word' id='word_1_403' title='bbox 2093 4310 2257 4374; x_wconf 89' lang='lat' dir='ltr'>bona</span> <span class='ocrx_word' id='word_1_404' title='bbox 2307 4310 2431 4374; x_wconf 79' lang='lat' dir='ltr'>fide</span> <span class='ocrx_word' id='word_1_405' title='bbox 2482 4326 2605 4372; x_wconf 90' lang='lat' dir='ltr'>non</span> <span class='ocrx_word' id='word_1_406' title='bbox 2652 4325 3070 4390; x_wconf 86' lang='lat' dir='ltr'>consumpse·</span> 
     </span>
     <span class='ocr_line' id='line_1_43' title="bbox 479 4388 3071 4470; baseline 0.003 -22"><span class='ocrx_word' id='word_1_407' title='bbox 479 4388 596 4458; x_wconf 88' lang='lat' dir='ltr'>rit;</span> <span class='ocrx_word' id='word_1_408' title='bbox 644 4404 785 4451; x_wconf 86' lang='lat' dir='ltr'>nam</span> <span class='ocrx_word' id='word_1_409' title='bbox 835 4400 983 4453; x_wconf 89' lang='lat' dir='ltr'>tunc</span> <span class='ocrx_word' id='word_1_410' title='bbox 1030 4409 1153 4454; x_wconf 87' lang='lat' dir='ltr'>non</span> <span class='ocrx_word' id='word_1_411' title='bbox 1204 4390 1555 4467; x_wconf 82' lang='lat' dir='ltr'>reddendO,</span> <span class='ocrx_word' id='word_1_412' title='bbox 1598 4409 1673 4454; x_wconf 86' lang='lat' dir='ltr'>ex</span> <span class='ocrx_word' id='word_1_413' title='bbox 1716 4392 1898 4452; x_wconf 83' lang='lat' dir='ltr'>bonis</span> <span class='ocrx_word' id='word_1_414' title='bbox 1945 4392 2218 4453; x_wconf 80' lang='lat' dir='ltr'>atterius</span> <span class='ocrx_word' id='word_1_415' title='bbox 2264 4401 2718 4470; x_wconf 87' lang='lat' dir='ltr'>compensaret</span> <span class='ocrx_word' id='word_1_416' title='bbox 2751 4389 3071 4455; x_wconf 87' lang='lat' dir='ltr'>damnum</span> 
     </span>
     <span class='ocr_line' id='line_1_44' title="bbox 477 4466 3065 4546; baseline 0.002 -20"><span class='ocrx_word' id='word_1_417' title='bbox 477 4466 758 4546; x_wconf 72' lang='lat' dir='ltr'>sibiper</span> <span class='ocrx_word' id='word_1_418' title='bbox 804 4469 1009 4532; x_wconf 84' lang='lat' dir='ltr'>furem</span> <span class='ocrx_word' id='word_1_419' title='bbox 1060 4471 1347 4545; x_wconf 79' lang='lat' dir='ltr'>illatum;</span> <span class='ocrx_word' id='word_1_420' title='bbox 1393 4471 1536 4534; x_wconf 86' lang='lat' dir='ltr'>ideo</span> <span class='ocrx_word' id='word_1_421' title='bbox 1579 4472 1928 4534; x_wconf 88' lang='lat' dir='ltr'>ditesceret</span> <span class='ocrx_word' id='word_1_422' title='bbox 1971 4470 2051 4532; x_wconf 91' lang='lat' dir='ltr'>de</span> <span class='ocrx_word' id='word_1_423' title='bbox 2099 4486 2168 4532; x_wconf 90' lang='lat' dir='ltr'>re</span> <span class='ocrx_word' id='word_1_424' title='bbox 2212 4469 2426 4533; x_wconf 83' lang='lat' dir='ltr'>aliena</span> <span class='ocrx_word' id='word_1_425' title='bbox 2476 4487 2602 4533; x_wconf 89' lang='lat' dir='ltr'>non</span> <span class='ocrx_word' id='word_1_426' title='bbox 2683 4474 3065 4534; x_wconf 85' lang='lat' dir='ltr'>restituens.</span> 
     </span>
     <span class='ocr_line' id='line_1_45' title="bbox 475 4545 3065 4630; baseline 0.001 -20"><span class='ocrx_word' id='word_1_427' title='bbox 475 4545 772 4611; x_wconf 82' lang='lat' dir='ltr'>Attamen</span> <span class='ocrx_word' id='word_1_428' title='bbox 818 4549 925 4612; x_wconf 88' lang='lat' dir='ltr'>aiii</span> <span class='ocrx_word' id='word_1_429' title='bbox 972 4566 1112 4615; x_wconf 89' lang='lat' dir='ltr'>cum</span> <span class='ocrx_word' id='word_1_430' title='bbox 1157 4550 1770 4615; x_wconf 86' lang='lat' dir='ltr'>Salmanticensibus</span> <span class='ocrx_word' id='word_1_431' title='bbox 1818 4560 2097 4622; x_wconf 87' lang='lat' dir='ltr'>tuentur,</span> <span class='ocrx_word' id='word_1_432' title='bbox 2158 4551 2325 4630; x_wconf 88' lang='lat' dir='ltr'>quod</span> <span class='ocrx_word' id='word_1_433' title='bbox 2393 4552 2445 4613; x_wconf 90' lang='lat' dir='ltr'>si</span> <span class='ocrx_word' id='word_1_434' title='bbox 2516 4567 2616 4612; x_wconf 87' lang='lat' dir='ltr'>res</span> <span class='ocrx_word' id='word_1_435' title='bbox 2689 4567 2720 4613; x_wconf 84' lang='lat' dir='ltr'>a</span> <span class='ocrx_word' id='word_1_436' title='bbox 2792 4550 3065 4613; x_wconf 90' lang='lat' dir='ltr'>domino</span> 
     </span>
     <span class='ocr_line' id='line_1_46' title="bbox 484 4630 3068 4712; baseline 0.002 -23"><span class='ocrx_word' id='word_1_437' title='bbox 484 4643 612 4690; x_wconf 85' lang='lat' dir='ltr'>non</span> <span class='ocrx_word' id='word_1_438' title='bbox 664 4630 1038 4708; x_wconf 82' lang='lat' dir='ltr'>postuletur,</span> <span class='ocrx_word' id='word_1_439' title='bbox 1082 4632 1241 4695; x_wconf 79' lang='lat' dir='ltr'>uuiti</span> <span class='ocrx_word' id='word_1_440' title='bbox 1308 4640 1564 4696; x_wconf 85' lang='lat' dir='ltr'>tenetur</span> <span class='ocrx_word' id='word_1_441' title='bbox 1628 4631 1925 4700; x_wconf 87' lang='lat' dir='ltr'>venditor</span> <span class='ocrx_word' id='word_1_442' title='bbox 1994 4631 2474 4695; x_wconf 87' lang='lat' dir='ltr'>restitutionem</span> <span class='ocrx_word' id='word_1_443' title='bbox 2540 4630 2780 4694; x_wconf 78' lang='lat' dir='ltr'>iacere:</span> <span class='ocrx_word' id='word_1_444' title='bbox 2852 4647 3068 4712; x_wconf 86' lang='lat' dir='ltr'>neque</span> 
     </span>
    </p>
   </div>
  </div>
 </body>
</html>
