3292 5167
551 233 680 298 386
1151 298 1158 305 .
1553 252 1668 307 ιιυζ
1710 261 1775 309 ii.
1823 262 2033 307 riiac‘r.
2082 263 2158 307 vi.

549 352 936 445 formantur)
977 358 1072 414 est
1109 369 1328 444 earum
1354 371 1588 448 reruni,
1623 376 1757 441 qua
1785 363 1856 426 in
1884 366 2243 441 tempestate
2276 362 2548 426 levanda
2582 366 2760 428 navis
2790 383 2994 430 eausa
3022 369 3141 446 eji-

545 433 983 526 enuntiem-“hae
1022 451 1186 495 enim
1246 434 1636 528 dominorum
1693 450 2086 522 permanent,
2143 445 2294 522 qnia
2353 445 2569 523 palam
2611 453 2706 507 est
2746 464 2850 509 eas
2896 466 3021 511 non
3064 466 3133 512 eo

546 530 757 605 animo
797 531 966 605 ejici,
1008 515 1168 593 quod
1210 531 1498 607 quis-eas
1541 519 1768 585 nabere
1823 524 2006 597 notit,
2063 524 2169 585 sed
2212 541 2328 603 quo
2371 525 2573 604 maqis
2614 543 2752 588 cum
2795 529 2935 606 ipsa
2978 529 3135 591 navi

542 596 1133 687 maris-perieulum
1187 596 1489 688 effnyiat:
1533 617 1659 678 qna
1700 604 1771 664 de
1814 620 2011 667 eausa
2052 605 2111 666 si
2153 606 2293 682 quis
2335 621 2440 667 eas
2479 605 2783 687 fluetibus
2827 609 3132 688 empuisas

542 676 637 767 vei
680 681 871 766 etiam
912 693 979 736 in
1021 691 1153 753 ipso
1196 693 1359 768 mari
1403 689 1647 758 nactas,
1693 683 1989 747 lucrandi
2029 686 2239 747 animo
2290 683 2656 763 abstulerit,
2695 686 2942 766 furtum
2979 706 3138 752 eom·

541 762 760 849 '.’²⁸“⁸⁶.·
805 755 928 847 Nec
972 755 1144 837 lonye
1185 758 1481 820 videntur
1520 762 1833 825 discedere
1874 765 1956 827 ab
2001 764 2082 825 iis
2129 781 2270 844 quai
2312 766 2387 828 de
2430 766 2623 829 rheda
2666 776 2979 844 currente,
3010 788 3137 833 non

543 832 1043 915 intelligentibus
1108 837 1395 913 dominis,
1438 842 1680 904 cadunt
1750 844 1989 923 (instit.
2032 844 2069 906 l.
2115 863 2184 921 ii,
2229 854 2270 907 t.
2315 847 2344 908 1
2381 845 2465 908 De
2507 865 2630 910 rer.
2674 850 2853 928 diu).
2899 850 3031 913 Iino
3076 853 3134 913 si

545 916 1001 1009 naufragorum
1048 916 1208 1008 bona
1259 921 1624 996 pertineant
1654 923 1731 987 ad
1764 926 2176 997 christianos,
2205 943 2277 988 ea
2308 928 2736 1006 surripientes
2786 933 3138 994 incurrunt

542 1006 1265 1090 excommunicationem
1300 999 1443 1061 latae
1472 1005 1813 1067 sententiae
1835 1021 1914 1068 ex
1946 1006 2117 1069 Deer.
2145 1005 2353 1086 Greg„
2379 1016 2422 1071 t.
2467 1025 2504 1071 v
2534 1008 2620 1071 De
2647 1027 2960 1086 αποπητη,
2992 1026 3046 1073 c.
3077 1011 3137 1076 3.

541 1110 620 1123 —
680 1077 735 1138 V.
778 1076 1211 1170 Ferraris;·V.
1255 1079 1749 1161 Naufraqantes.
1794 1119 1869 1130 —
1918 1086 2123 1149 Codex
2164 1089 2558 1165 maritimus,
2602 1100 2719 1152 art.
2766 1091 2899 1154 120.

548 1236 561 1247 ·
620 1156 837 1218 561».
887 1158 996 1218 Hic
1040 1167 1232 1250 etia-m
1297 1170 1615 1251 notamus,
1683 1165 1848 1243 quod
1898 1176 2027 1229 tum
2068 1168 2212 1246 ⁸iura
2258 1186 2451 1248 super
2488 1170 2646 1233 bona
2685 1172 2746 1233 in
2782 1187 2957 1234 mare
2994 1188 3138 1251 pro·

537 1249 744 1315 jecta,
790 1248 900 1329 aut
943 1254 972 1297 a
1024 1255 1180 1331 mari
1249 1250 1522 1319 rejecta,
1571 1255 1703 1306 tum
1763 1246 1908 1323 jura
1984 1264 2175 1326 super
2239 1249 2488 1328 plantas
2554 1261 2618 1314 et
2664 1251 2936 1327 herbaS,
2986 1268 3139 1331 quae

544 1328 839 1380 crescunt
879 1329 1055 1395 Juxta
1109 1319 1279 1393 litus»,
1343 1324 1618 1400 propriis
1679 1336 1993 1404 reguntur
2051 1328 2299 1407 legibus
2343 1346 2423 1393 ex
2469 1329 2605 1393 Cod.
2651 1333 2767 1395 civ.
2811 1342 2928 1394 art.
2976 1332 3133 1405 7193

543 1407 607 1459 et
649 1408 765 1458 art.
810 1398 956 1460 43¹:
1001 1398 1079 1459 Le
1118 1401 1382 1462 miniere
1422 1419 1454 1463 e
1500 1403 1553 1464 ie
1595 1406 1801 1467 saline
1839 1424 1986 1470 sono
2047 1410 2322 1490 reqoiate
2364 1412 2446 1472 da
2496 1412 2660 1492 leqyi
2720 1413 2983 1493 speciali
3027 1413 3131 1492 (G.

542 1476 616 1539 Α.
658 1478 799 1551 388,
845 1478 999 1551 408;
1041 1513 1118 1524 -
1166 1480 1228 1541 C.
1278 1479 1347 1543 G.
1395 1482 1547 1556 7173
1593 1518 1668 1530 —
1717 1486 1780 1547 C.
1827 1485 1885 1548 S.
1930 1488 2097 1567 637).

1591 1741 1718 1822 (G)
1764 1744 1912 1825 Paq.
1955 1746 2095 1811 232.

616 1971 812 2032 561.
838 1969 1184 2031 Testem
1210 1972 1288 2035 de
1312 1978 1527 2053 rigore
1551 1971 1838 2034 canonici
1864 1969 2035 2031 Juris
2064 1985 2141 2031 ex
2172 1985 2309 2031 can.
2330 1968 2703 2050 Quanquam
2733 1988 2801 2046 11,
2831 1990 3006 2034 caus.
3037 1974 3128 2051 14,

541 2069 599 2132 q.
641 2053 697 2127 2,
740 2060 1070 2128 nequeunt
1115 2050 1329 2115 clerici
1381 2056 1557 2117 licite
1603 2062 1781 2114 extra
1819 2050 2220 2112 necessitatis
2252 2066 2465 2112 casum
2498 2053 2638 2113 sine
2677 2051 2937 2115 licentia
2979 2054 3124 2133 Epi·

539 2134 714 2212 scopi
764 2140 827 2193 et
873 2129 1156 2208 religiosi
1192 2136 1333 2196 sine
1370 2150 1688 2197 consensu
1718 2131 1813 2193 sui
1852 2129 2102 2192 Praelati
2139 2138 2330 2194 testes
2361 2147 2501 2193 esse
2538 2149 2648 2194 seu
2684 2135 3128 2197 testimoninm

541 2212 714 2275 ferre
761 2215 823 2272 in
866 2219 1285 2275 testamentis
1329 2216 1597 2295 aliisque
1641 2213 1850 2274 causis
1891 2211 2025 2272 sive
2090 2212 2522 2274 contractibus
2586 2212 2882 2275 civilibus
2929 2213 3126 2276 laico·

539 2309 710 2368 rum,
753 2293 869 2353 etsi
917 2291 1162 2355 nullum
1204 2295 1638 2372 juramentum
1684 2296 1997 2369 exigatur.
2042 2291 2335 2354 Attamen
2385 2308 2510 2353 non
2561 2294 3129 2358 desuntauctores

536 2373 825 2436 dicentes
869 2372 1200 2450 praefatum
1246 2391 1554 2438 canonem
1601 2372 1949 2453 procedere
1984 2376 2190 2449 potius
2220 2371 2299 2434 de
2334 2375 2666 2435 honestate
2690 2389 2875 2453 quam
2909 2374 2989 2435 de
3016 2390 3129 2438 ne·

535 2457 863 2526 cessitate3
894 2462 958 2514 et
987 2455 1259 2531 probant
1288 2472 1366 2517 ex
1397 2462 1531 2535 ipso
1566 2464 1742 2517 textu
1769 2454 1872 2515 ubi
1901 2452 2137 2514 dicitur
2171 2463 2416 2516 tantum
2453 2471 2574 2516 non
2604 2456 2906 2516 convenit.
2930 2454 3127 2527 Quid-

538 2551 661 2614 que
706 2535 809 2603 sit,
858 2543 1034 2595 certo
1082 2551 1189 2625 ρεστ
1238 2542 1625 2598 contrariam
1691 2532 2220 2595 consuetudinem
2288 2532 2396 2595 illa
2457 2535 2809 2613 probibitio
2882 2535 3127 2615 ubique

538 2615 839 2688 abrogata
886 2622 998 2676 est.
1041 2648 1120 2658 —
1175 2614 1235 2676 V.
1282 2616 1601 2690 Feri-:iris3
1644 2613 1715 2675 V.
1769 2613 2248 2685 Testamentum,
2288 2622 2405 2676 art.
2452 2630 2511 2688 i,
2561 2631 2619 2676 n.
2664 2615 2759 2677 24.

612 2693 825 2755 562.
885 2718 906 2748 ι
951 2694 1042 2755 Ex
1091 2694 1229 2756 Cod.
1277 2700 1490 2758 Auser.
1538 2696 1608 2777 g}
1654 2694 1764 2757 591
1815 2703 1880 2754 et
1923 2709 2093 2772 seqq.
2142 2694 2215 2755 ad
2267 2695 2447 2756 testis
2493 2695 2772 2757 officium
2812 2704 3125 2759 notantur

539 2776 628 2837 uti
680 2776 915 2853 inepti:
959 2776 1066 2854 qui
1115 2792 1230 2837 usu
1295 2780 1561 2839 rationis
1606 2784 1848 2847 carent,
1892 2790 2076 2847 oaeci,
2122 2775 2296 2835 surdi
2326 2820 2344 2849 ,
2387 2777 2585 2837 muti.
2638 2777 2744 2854 qui
2795 2778 3126 2839 testatoris

541 2854 822 2934 linguam
871 2859 1210 2934 ignorant,
1254 2856 1540 2919 damnati
1606 2855 1686 2917 ob
1731 2854 2066 2915 criminale
2111 2854 2357 2918 fraudis
2402 2854 2757 2930 delictum;
2802 2855 3129 2933 heminae,

538 2935 860 3014 religiosi3
904 2937 1008 3015 qui
1058 2937 1342 2998 nondum
1389 2938 1464 2999 18
1509 2952 1711 2999 annos
1760 2934 1998 2997 babent
2042 2936 2423 3015 completos3
2471 2952 2596 2997 non
2632 2937 2965 2998 christiani
3003 2952 3127 3016 pro

540 3017 893 3079 christiano
943 3026 1264 3091 testatore,
1317 3020 1522 3079 baeres
1580 3028 1644 3078 et
1692 3017 2035 3094 legatarius
2093 3014 2298 3093 quoad
2345 3017 2787 3079 haereditatem
2833 3032 2905 3077 ac
2950 3016 3129 3095 lega·

539 3106 700 3170 tum3
750 3096 1025 3158 baeredis
1070 3113 1141 3158 ac
1188 3098 1472 3176 legatarii
1525 3113 1788 3170 uxores;
1851 3097 2313 3173 consanguinei
2371 3104 2435 3158 et
2498 3097 2720 3159 affines
2775 3100 2841 3158 ‘in
2910 3100 3126 3174 primo

540 3177 764 3256 gradu,
811 3193 1158 3255 eorumque
1203 3178 1531 3240 domestici
1573 3175 1865 3238 mercede
1911 3176 2228 3237 conducti.
2267 3176 2573 3254 Religiosi
2625 3186 2858 3252 tamen,
2891 3177 3123 3239 mulie.-

542 3275 643 3323 res
687 3267 750 3317 et
794 3255 1236 3320 adolescentes
1280 3260 1384 3338 qui
1436 3260 1510 3321 14
1555 3272 1795 3320 annum
1827 3257 2310 3335 compleverunt
2350 3266 2500 3320 sunt
2546 3266 2738 3320 testes
2783 3257 3001 3319 idonei
3054 3260 3127 3320 in

537 3342 937 3403 testamentis
974 3337 1419 3417 privilegiatis»,
1463 3346 1527 3401 et
1573 3348 1723 3401 tunc
1769 3337 1891 3398 duo
1930 3337 2272 3399 sufficiunt.

608 3416 761 3478 Jnre
804 3417 1075 3479 Romano
1122 3427 1313 3479 testes
1357 3435 1495 3480 esse
1540 3419 1778 3480 debent
1824 3417 2108 3489 masculi,
2160 3418 2456 3496 puberes,
2499 3415 2712 3492 liberi,
2758 3434 2881 3481 non
2916 3417 3133 3495 surdi,

540 3513 664 3558 non
710 3498 914 3560 muti.
971 3514 1095 3558 non
1143 3502 1330 3571 caeci,
1377 3515 1503 3561 non
1551 3497 1948 3560 intestabiles
1991 3514 2021 3559 a
2072 3496 2251 3577 lege,
2299 3514 2425 3567 non
2475 3497 2765 3560 haeredes
2812 3502 2874 3560 in
2926 3507 3128 3562 testa·

535 3586 774 3652 meritc,
809 3593 926 3639 nec
963 3579 1294 3640 domestici
1336 3583 1658 3642 testatoris
1693 3579 1788 3639 vel
1825 3577 2138 3653 baeredis3
2171 3595 2294 3640 non
2334 3578 2768 3641 excluduntur
2801 3579 3136 3657 legatarii.

534 3656 842 3737 (Lignori,
890 3656 1053 3735 Opus
1096 3658 1276 3733 Mon,
1307 3659 1360 3720 -l.
1406 3677 1503 3733 iii,
1549 3677 1608 3720 n.
1638 3659 1808 3736 920.)

610 3737 821 3799 563.
868 3738 1263 3799 Facultas
1306 3738 1710 3800 testantem
1754 3755 1839 3800 an
1894 3755 2096 3800 omnes
2127 3786 2141 3810 ‚
2191 3739 2300 3817 qni
2341 3756 2523 3800 nsum
2564 3740 2840 3801 rationis
2886 3737 3134 3803 habent

531 3820 735 3881 valide
775 3819 1017 3897 possint
1056 3820 1127 3881 de
1174 3820 1346 3882 bonis
1388 3822 1519 3883 suis
1559 3837 1673 3900 per
1737 3826 2175 3881 testamentum
2236 3821 2558 3898 disponere
2612 3821 2743 3899 ipso
2802 3819 2957 3880 lure
3002 3838 3127 3883 iia--

534 3906 715 3973 tnroe,
758 3900 1077 3961 affirmant
1121 3902 1576 3974 communiter,
1622 3909 1687 3963 et
1733 3900 2036 3978 pr'obant:

693 3983 744 4041 i.
791 3979 882 4041 Ex
926 3977 1283 4059 Scriptura,
1327 3982 1430 4045 ubi
1465 3983 1735 4060 legitur:
1769 3981 2134 4057 addiditque
2172 3978 2531 4043 Abraham:
2561 3979 2717 4042 milii
2750 3987 2955 4043 autem
2993 3999 3135 4046 non

531 4061 762 4123 dedisti
793 4078 1014 4134 semen,
1044 4069 1105 4122 et
1125 4079 1259 4123 ecce
1283 4063 1656 4124 vernaculus
1685 4079 1852 4123 mens
1880 4061 2187 4140 (Eliezer)
2216 4060 2408 4123 liaeres
2432 4078 2602 4122 meus
2624 4062 2750 4122 erit
2773 4059 2957 4139 (Gen.
2982 4062 3129 4143 xv).

531 4141 710 4204 Unde
755 4142 876 4203 sic:
920 4141 1238 4204 Abrabam
1292 4143 1485 4204 nullis
1534 4154 1723 4215 tunc,
1771 4142 1995 4204 saltem
2043 4142 2232 4204 valde
2283 4142 2720 4220 probabiliter,
2768 4144 3134 4221 regebatur

531 4221 780 4302 legibus
824 4225 1151 4300 positivis;
1197 4226 1367 4300 atqui
1415 4222 2053 4309 tamemintendebat
2095 4237 2350 4285 servum
2398 4238 2580 4284 suum
2628 4222 2972 4284 instituere
3002 4222 3131 4285 bo·

533 4318 762 4365 norum
808 4319 1069 4364 suorum
1118 4304 1462 4370 haeredem.
1509 4305 1726 4384 sicque
1770 4302 1850 4364 de
1890 4302 2077 4365 bonis
2120 4306 2253 4365 suis
2301 4320 2411 4380 per
2454 4313 2672 4365 actum
2707 4312 3136 4367 testamenta·

530 4383 715 4474 riui-n
741 4383 1198 4462 disposuisset:
1240 4401 1390 4463 ergo
1436 4400 1806 4463 persuasum
1847 4385 2122 4445 babebat
2159 4383 2347 4447 talem
2389 4384 2759 4446 facultatem
2793 4398 2823 4444 a
2861 4383 3133 4463 legibus

531 4465 822 4542 positivis
868 4480 995 4525 non
1041 4467 1304 4525 exoriri.

691 4543 746 4604 2.
791 4545 883 4604 Ex
926 4545 1207 4606 ratione:
1252 4559 1682 4622 supponamus
1721 4544 1934 4622 plures
1966 4544 2257 4606 homines
2303 4546 2367 4605 in
2401 4543 2670 4623 quadam
2712 4542 2943 4617 insula,
2978 4547 3139 4607 nul-

533 4622 616 4683 lis
642 4622 888 4699 legibus
935 4626 1220 4702 positivis
1266 4624 1604 4702 subiectos.
1647 4623 1822 4686 Unus
1870 4639 2064 4702 prope
2108 4632 2378 4688 mortem
2425 4625 2583 4686 dicit
2624 4624 2802 4687 aliis:
2847 4624 2995 4685 voto
3046 4637 3141 4691 ut

531 4719 673 4766 cum
718 4702 975 4779 abiero,
1027 4702 1186 4765 bona
1236 4720 1368 4765 mea
1419 4708 1587 4765 inter
1632 4719 1741 4764 vos
1785 4704 1877 4765 sic
1920 4704 2254 4781 dividatis3
2315 4704 2538 4768 Petrus
2584 4705 2850 4768 babebit
2893 4715 3134 4772 vestes
