3292 5167
1271 210 1351 258 ιη·
1398 192 1736 262 cmxii-Ars
2669 195 2790 263 701

206 317 400 387 candi
445 317 743 406 periculo
794 311 1129 401 exponere
1201 315 1280 383 ad
1314 315 1798 386 consulendum
1845 316 2121 387 fratrum
2158 318 2545 389 nostrorum
2599 299 2792 391 saluti

209 425 557 512 spirituali.
610 424 775 492 Hinc
824 423 947 492 sub
997 442 1059 490 n.
1108 423 1194 491 63
1238 420 1545 491 damnata
1593 431 1695 492 est
1737 424 1816 492 ab
1866 425 2254 495 Innocentio
2303 429 2390 495 XI
2455 427 2598 498 haec
2649 447 2802 514 pro·

211 532 490 620 positio:
544 534 810 602 Licitum
855 544 940 598 est
987 549 1263 617 quoenere
1296 531 1519 600 directe
1550 533 1932 602 occasionem
1960 535 2328 620 promimam
2354 535 2657 621 peccandi
2679 554 2800 623 pro

212 641 366 709 bono
411 640 731 727 spirituali
744 640 866 706 ‘vel
909 639 1244 727 temporali
1278 651 1491 708 nostro
1538 640 1646 707 vel·
1677 641 1982 727 promimi.
2031 643 2197 709 Nota
2231 641 2393 709 illud
2439 643 2680 724 directe,
2732 641 2798 711 id

214 755 317 817 est
365 746 733 815 voluntarie
780 746 941 814 illud
991 739 1368 832 suscipere;
1422 739 1744 816 indirecte
1815 748 1990 816 enim
2063 748 2318 817 licitum
2373 757 2471 817 est
2519 769 2592 817 se
2644 768 2801 835 pro-

210 855 411 925 babili
462 874 581 924 seu
630 853 933 941 proximo
1015 851 1327 941 peccandi
1380 855 1678 942 periculo
1750 873 2104 942 exponere,
2146 855 2198 924 si
2273 855 2615 942 proximus
2665 876 2805 927 ver-

212 971 400 1033 setur
447 963 509 1031 in
562 971 854 1031 extrema
908 963 1309 1031 necessitate
1360 962 1719 1049 spirituali;
1757 963 1822 1030 id
1871 971 1971 1031 est
2021 981 2151 1031 non
2199 962 2601 1031 intendendo
2655 983 2805 1050 pec-

213 1070 338 1139 cati
391 1069 830 1151 occasionem,
880 1070 998 1138 sed
1048 1071 1329 1155 proximi
1376 1071 1905 1153 subventionem,
1957 1071 2200 1142 debitis
2242 1072 2803 1148 tamenadhibitis

213 1177 577 1264 praesidiis:
629 1184 832 1259 esset,
890 1197 946 1245 ν.
997 1196 1078 1263 g„
1128 1178 1182 1247 si
1233 1177 1445 1246 infans
1495 1184 1679 1246 certo
1715 1178 1800 1246 sit
1850 1180 2215 1248 moriturus
2251 1163 2393 1247 sine
2441 1179 2805 1264 BaptismO,

214 1283 272 1354 'si
323 1291 393 1354 tu
442 1304 574 1354 non
624 1284 923 1367 accedas,
968 1285 1121 1353 licet
1170 1293 1387 1353 tamen
1438 1286 1754 1354 accedere
1803 1304 1934 1354 non
1987 1285 2205 1372 possis
2255 1287 2399 1354 sine
2474 1287 2798 1371 probabili

216 1392 453 1460 animae
503 1399 635 1460 tuae
687 1392 1003 1477 periculo.
1049 1395 1145 1461 lta
1195 1399 1425 1462 contra
1475 1411 1724 1479 paucos
1757 1393 1998 1461 docent
2032 1392 2476 1462 communiter
2509 1393 2810 1461 Salman-

220 1501 532 1583 ticenseS,
584 1501 907 1582 SancbeZ,
956 1501 1221 1581 Suarez‚
1273 1521 1350 1570 ex
1401 1520 1453 1569 S.
1511 1501 1781 1584 Basilio,
1832 1508 1896 1570 et
1946 1501 2007 1568 d.
2083 1501 2370 1583 Thoma3
2421 1500 2585 1567 ratio
2656 1501 2807 1586 quia

216 1607 586 1694 periculum
640 1609 785 1690 boc,
835 1608 1099 1694 quando
1149 1608 1336 1677 adest
1388 1609 1602 1694 gravis
1654 1627 1850 1677 causa
1905 1608 2068 1676 illud
2115 1608 2470 1691 subeundi,
2523 1627 2650 1676 non
2704 1611 2813 1696 ju-

220 1715 479 1784 dicatur
527 1714 891 1784 voluntarie
963 1715 1234 1803 suscipi.
1289 1716 1478 1797 Quod
1527 1717 1582 1784 si
1632 1725 1825 1803 potes
1862 1771 1878 1798 ,
1930 1723 1995 1785 et
2066 1713 2308 1798 debe's3
2355 1734 2504 1783 nam
2556 1735 2634 1784 ex
2684 1735 2812 1785 una

222 1831 409 1910 parte
458 1829 648 1908 urget
696 1823 1001 1906 charitas,
1052 1842 1132 1893 ex
1181 1824 1304 1893 alia
1354 1824 1658 1912 adhibita
1700 1825 2011 1907 remedia,
2066 1832 2131 1894 et
2182 1827 2544 1894 necessitas
2581 1827 2814 1913 impel-

224 1931 367 1999 lens
415 1932 662 1999 faciunt
712 1932 1077 2017 periculum
1129 1950 1207 2001 ex
1259 1932 1560 2018 proximo
1614 1940 1965 2000 remotum.
2443 1997 2446 2000 .

313 2038 583 2107 Secundo
634 2045 936 2107 tenemur
982 2039 1373 2125 regulariter
1438 2040 1635 2107 vitam
1711 2048 2006 2109 nostram
2078 2039 2392 2126 praeferre
2465 2039 2613 2107 vitae
2668 2060 2818 2127 pro-

225 2139 422 2214 ximi:
469 2145 669 2212 Aliter
714 2166 838 2213 non
883 2157 968 2213 est
1004 2148 1146 2233 jam
1191 2147 1446 2233 diliqere
1483 2148 1856 2234 prooeimum
1899 2149 2056 2213 sicut
2101 2148 2394 2233 seipsum,
2453 2146 2542 2212 ait
2591 2149 2816 2233 Augu-

228 2253 466 2333 stinus,
512 2253 618 2319 sed
655 2255 803 2340 plus
847 2273 1039 2339 quam
1082 2255 1373 2342 seipsum,
1420 2255 1585 2341 quod
1613 2275 1788 2322 sance
1833 2255 2133 2321 doctrinae
2172 2255 2457 2341 requlam
2504 2256 2741 2322 etz-cedit
2769 2251 2815 2322 ⁴.

225 2358 529 2428 Diximus
576 2362 988 2447 requieriter;
1034 2379 1185 2430 nam
1235 2362 1526 2448 privatus
1563 2369 1831 2432 tenetur
1865 2361 2059 2429 vitam
2097 2379 2430 2447 exponere
2466 2369 2648 2429 certo
2702 2380 2810 2448 pe-

226 2466 439 2535 riculo
491 2486 609 2554 pro
660 2469 1016 2554 republica,
1068 2470 1166 2539 vel
1217 2489 1336 2556 pro
1398 2470 1714 2539 servanda
1765 2470 1890 2537 vita
1944 2487 2247 2556 personae
2320 2469 2500 2536 bono
2554 2469 2818 2554 publico

229 2574 501 2641 omnino
553 2576 968 2644 necessariae.
2903 2651 2910 2658 ,

321 2685 564 2750 Βεουω
613 2683 704 2750 3²:
752 2683 822 2750 Si
860 2684 1201 2770 proximus
1234 2685 1319 2752 sit
1382 2685 1448 2753 in
1483 2692 1775 2755 extrema
1809 2684 2167 2751 necessitate
2199 2681 2549 2769 spirituali,
2587 2681 2642 2748 ei
2672 2699 2824 2750 suc-

230 2787 631 2856 currendum
681 2797 782 2858 est
831 2791 1030 2858 etiam
1078 2811 1226 2860 cum
1278 2792 1575 2878 periculo
1626 2792 1777 2860 vitae
1827 2797 2116 2871 nostrae;
2176 2785 2328 2876 quia
2393 2787 2516 2854 vita
2576 2793 2822 2856 aeterna

235 2895 517 2980 proximi
588 2897 839 2965 bonum
911 2907 1014 2967 est
1083 2899 1513 2969 excellentius
1584 2899 1713 2966 vita
1786 2906 2012 2967 nostra
2085 2884 2452 2982 temporali.
2525 2897 2620 2963 De
2698 2895 2824 2964 hoc

242 3003 589 3072 ss.·Patres
623 3004 999 3091 intelligunt
1034 3006 1140 3073 illa
1174 3008 1409 3076 verba:
1451 3008 1763 3089 Quoniam
1794 3007 1897 3073 ille
1931 3003 2292 3090 (Christus)
2326 3003 2608 3069 animam
2645 3022 2827 3070 suam

238 3109 505 3195 (nempe
562 3099 757 3180 vit‘am
819 3115 1045 3200 suam).
1089 3134 1210 3202 pro
1269 3116 1445 3183 nobis
1484 3116 1733 3203 posuit,
1782 3126 1849 3181 et.
1881 3133 1995 3180 nos
2041 3111 2321 3178 debemus
2360 3130 2479 3200 pro
2523 3112 2828 3196 fratribus

235 3214 487 3280 animas
527 3235 756 3303 ponere
776 3222 853 3316 ·³·
906 3222 1044 3287 Hoc
1092 3226 1311 3316 tamen
1357 3219 1583 3304 accipe
1632 3217 1686 3286 si
1737 3221 1890 3302 spes
1942 3216 2278 3285 moraliter
2325 3222 2503 3283 certa
2552 3216 2637 3283 sit
2672 3234 2826 3300 pro-

236 3321 488 3389 ximum
554 3325 840 3394 salvandi
859 3352 891 3408 3·
935 3326 990 3396 si
1055 3346 1250 3395 nemo
1301 3326 1469 3395 adsit
1516 3326 1628 3411 qui
1682 3327 1892 3412 possit
1942 3324 2006 3391 id
2056 3328 2416 3409 praestare3
2464 3322 2517 3389 si
2570 3323 2827 3408 gravius

240 3429 486 3497 malum
544 3432 694 3500 inde
755 3451 891 3502 non
946 3433 1301 3518 timeatur,
1358 3441 1430 3502 ut
1487 3434 1540 3502 si
1598 3434 1727 3501 vita
1775 3433 1952 3500 illius
2002 3431 2115 3517 qui
2164 3431 2340 3498 illam
2390 3430 2660 3515 exponit
2710 3447 2827 3517 pro

247 3535 465 3621 fratre,
491 3540 576 3608 sit
608 3541 981 3609 necessaria
1011 3543 1188 3611 bono
1218 3542 1576 3611 communi.
1603 3579 1693 3590 —-
1722 3541 1789 3607 Si
1844 3538 2123 3627 proximi
2176 3538 2537 3607 necessitas
2564 3538 2649 3606 sit
2673 3550 2828 3604 tem-

250 3783 255 3788 ,
306 3730 325 3771 ¹
364 3732 432 3782 De
469 3734 654 3795 mend„
691 3747 734 3785 c.
771 3739 818 3789 6.
855 3735 1041 3788 Utrum
1075 3747 1202 3787 vero
1234 3736 1389 3788 liceat
1420 3735 1627 3800 privato
1658 3736 1823 3787 vitam
1857 3745 2012 3786 suam
2045 3743 2315 3797 exponere
2349 3743 2445 3795 pro
2479 3731 2589 3781 vita
2617 3728 2834 3781 alterius

245 3794 436 3867 privati
472 3806 538 3846 ex
574 3799 772 3848 motivo
808 3799 1019 3849 virtutis
1052 3798 1376 3859 christianae,
1411 3810 1461 3849 v.
1498 3810 1567 3859 g.,
1602 3798 1732 3862 quia.
1775 3799 1872 3848 iste
1927 3797 2102 3860 aptior
2155 3796 2239 3847 est
2288 3794 2356 3845 ad
2410 3791 2833 3856 promovendam

242 3857 465 3930 gloriam
505 3859 738 3931 neu-alii
774 3861 986 3924 negant,
1021 3861 1150 3923 quia
1184 3862 1310 3935 tunc
1341 3860 1574 3911 charitas
1605 3872 1715 3911 non
1750 3859 1890 3931 esset
1921 3859 2053 3911 bene
2094 3856 2360 3916 ordinata,
2395 3858 2447 3906 et
2483 3854 2657 3905 adbuc
2689 3853 2828 3904 esset

243 3920 1413 4055 eti}sue.e¹isssaens¹3iittseffi⁸3s
1443 3918 2835 4052 tauns.-3³.recesserit-..aigae§.sistitis

242 4043 441 4095 verba:
475 4056 725 4108 majorem
758 4047 853 4097 huc
878 4048 1196 4098 ditectionem
1227 4059 1375 4098 nemo
1408 4046 1573 4105 habet,
1614 4050 1668 4110 ιρι
1695 4049 1932 4097 ‘animam
1964 4057 2114 4095 suam
2140 4046 2305 4106 ponat
2355 4053 2466 4105 quis
2532 4053 2592 4091 ro
2649 4050 2838 4090 amicis

244 4107 355 4156 suis
378 4107 485 4166 υο.
520 4113 641 4168 xvi·
681 4111 806 4159 tunc
838 4121 947 4160 non
984 4109 1258 4172 praefertur
1292 4110 1510 4173 praecise
1541 4109 1652 4160 vita
1685 4107 1913 4173 proximi
1947 4108 2068 4158 vitae
2122 4108 2361 4166 noslrae3
2416 4116 2471 4154 se
2561 4101 2836 4165 praerertur

244 4168 371 4218 vitae
402 4170 599 4220 nostrae
629 4145 835 4223 bonum
869 4171 1079 4223 virtutis
1111 4183 1179 4224 ex
1214 4172 1486 4233 angelico.
1546 4232 1557 4243 ,
2477 4227 2486 4237 ,

312 4229 337 4269 ²
366 4241 404 4289 ι,
438 4231 516 4281 Jo.
548 4244 619 4282 m.
654 4233 784 4283 Hinc
816 4238 872 4285 tu
908 4235 1101 4285 teneris
1132 4232 1385 4285 infantem
1424 4234 1744 4283 moriturum
1778 4230 2051 4292 baptizare
2084 4229 2245 4281 etiam
2280 4240 2400 4280 cum
2433 4229 2559 4279 vitae
2582 4227 2685 4299 tuae
2713 4227 2840 4277 tem·

286 4292 447 4342 oralis
477 4292 698 4355 damn0,
730 4297 773 4345 si
808 4297 943 4347 alius
977 4296 1085 4347 no'n
1120 4295 1278 4355 adsit,
1313 4296 1402 4359 qui
1440 4297 1541 4346 boc
1570 4294 1749 4348 iaciat.
1784 4295 1912 4344 ltem
1958 4293 2002 4343 si
2052 4292 2190 4342 scias
2239 4291 2470 4356 aliquem
2520 4290 2838 4361 existentem

269 4365 303 4405 n
337 4352 546 4405 mortali
580 4358 999 4409 interficiendum
1026 4359 1093 4408 -in
1120 4369 1311 4409 somno
1361 4358 1440 4408 vel
1476 4357 1549 4408 nil
1582 4356 1919 4419 cogitantem,
1955 4355 2151 4406 teneris
2182 4364 2305 4404 cum
2341 4352 2462 4402 vitae
2532 4349 2730 4402 ericulo
2755 4348 2834 4401 illi

246 4415 555 4491 subvenire,
591 4420 751 4470 modo
773 4420 995 4482 judices,
1034 4422 1082 4472 te
1114 4420 1188 4470 illl
1223 4419 1577 4482 profuturum.
1612 4415 1904 4491 Excipiunt
1935 4417 1979 4467 sl
2014 4415 2105 4467 tali
2141 4416 2261 4467 vitae
2301 4414 2489 4488 ‘pericu
2513 4426 2546 4464 o
2584 4424 2641 4465 se
2671 4421 2836 4523 expo·

246 4489 404 4540 nens,
439 4479 509 4531 sit
540 4492 591 4531 m
626 4481 784 4544 culpa
819 4483 1047 4544 mortali,
1081 4484 1134 4535 et
1164 4481 1369 4534 dubitet
1401 4481 1465 4532 de
1497 4483 1856 4542 contritione;
1891 4480 1981 4531 sed
2016 4478 2069 4529 id
2103 4489 2214 4528 non
2260 4476 2472 4550 videtur
2526 4474 2831 4540 probab103

246 4550 376 4591 nam
410 4541 501 4605 qul
535 4541 832 4597 voluntarie
866 4544 1009 4596 subit
1041 4545 1264 4595 mortem
1299 4543 1365 4594 ad
1399 4544 1624 4595 alterum
1659 4541 1998 4593 liberandum
2028 4551 2059 4590 a
2093 4538 2435 4593 damnatione
2462 4543 2690 4597 aeterna,-
2708 4545 2841 4599 prae-

246 4602 357 4654 stat
387 4605 561 4655 sctum
594 4605 867 4658 charitatis
900 4606 1312 4670 perfectissimae,
1345 4615 1466 4670 quae
1497 4608 1645 4658 certo
1677 4615 1800 4655 cum
1834 4604 2023 4656 affectu
2058 4600 2123 4654 ad
2176 4604 2454 4665 peccatum
2507 4602 2613 4652 ullo
2670 4594 2831 4649 modo

250 4665 548 4719 consistere
577 4669 778 4730 nequit.
812 4669 1050 4722 Autome.
2697 4689 2708 4696 ·
