3292 5167
1283 261 1737 312 Annon-:touta
2677 238 2811 307 573

227 363 423 439 bitot,
464 363 518 425 si
563 361 764 426 debiti
838 363 1065 428 ruisset
1107 377 1373 442 memor,
1422 379 1821 446 nequaquam
1865 363 2187 428 donasset.
2230 361 2412 428 Ratio
2474 372 2591 439 est,
2662 364 2811 444 quia

235 459 491 523 semper
532 452 833 508 censetur
876 446 1166 525 quisque,
1208 461 1352 508 cunt
1395 446 1504 509 dat
1549 448 1710 510 bona
1759 461 1895 518 sua,
1941 443 2109 509 velle
2166 444 2377 525 potius
2406 515 2413 528 ,
2441 444 2811 508 satisfacere

228 522 604 603 obligationi
644 525 934 603 justitiae,
976 540 1164 605 quam
1226 526 1546 591 voluntati
1589 525 1929 604 ,donandi‚
1991 526 2129 588 sive
2192 522 2567 604 obligationi
2626 522 2814 588 factae

228 604 630 668 donationis:
674 622 818 685 quae
862 623 1004 670 cum
1039 605 1219 669 sacta
1275 605 1473 670 tuerit
1518 624 1628 688 per
1673 621 1981 682 errorem,
2023 607 2159 667 sive
2246 621 2316 667 er
2386 604 2583 668 debiti
2648 604 2811 668 obli-

229 687 485 750 vionem
527 685 697 765 (quae
742 685 920 749 dedit
962 702 1216 750 oausam
1280 686 1668 766 donationi),
1711 695 1927 749 manet
1971 687 2180 749 rescin
2235 683 2405 746 ibitis
2461 684 2538 748 ab
2583 686 2812 748 eodem

228 763 529 839 donante,
572 766 680 846 qui
726 767 792 828 in
837 768 1230 842 conscientia
1274 784 1402 831 nou
1450 777 1706 832 tenetur
1748 767 1827 831 ad
1872 782 2012 829 eam
2060 763 2498 844 implendam3
2544 781 2690 829 nam
2738 765 2809 829 in

232 847 462 925 quovis
505 846 770 909 bomine
810 849 1193 926 supponitur
1239 850 1425 911 tacita
1475 864 1681 922 mena,
1730 864 1858 910 non
1906 846 2074 910 velle
2118 862 2189 908 se
2219 844 2526 925 obligare,
2565 846 2669 909 ubi
2702 846 2813 909 de·

233 935 458 1005 ceptus
503 929 858 991 invenitur.
904 927 1033 990 Imo
1081 929 1201 991 boc
1243 928 1501 993 videtur
1541 931 1860 992 sancitum
1900 944 1933 990 a
1976 927 2131 990 Jure
2174 941 2463 1000 romano,
2489 934 2552 988 et
2584 925 2810 1003 proba·

232 1015 365 1069 tum
409 1007 819 1086 aliquatenus
864 1025 895 1071 a
944 1008 1254 1071 moderno
1303 1008 1520 1072 Codice
1562 1008 1743 1071 civiti
1773 1016 1902 1071 art.
1948 1007 2124 1082 1258,
2152 1022 2275 1086 quo
2311 1004 2678 1068 declaratur
2711 1023 2811 1068 so·

227 1086 540 1153 lutionem
587 1088 819 1151 factam
865 1089 1004 1152 sine
1047 1105 1346 1168 expressa
1392 1090 1841 1152 declaratione
1883 1087 2215 1162 debitoris»,
2245 1085 2553 1165 applicari
2592 1085 2813 1149 debito

229 1184 417 1247 quus
460 1169 771 1232 extinctio
814 1168 1016 1249 pluris
1063 1168 1236 1233 illius
1282 1171 1591 1233 interest.
1636 1203 1715 1215 —
1764 1168 1827 1232 C.
1875 1167 1945 1232 G.
2014 1167 2203 1242 125&
2243 1199 2324 1212 —
2370 1165 2431 1228 C.
2497 1165 2556 1228 S.
2624 1165 2815 1242 12083

227 1282 303 1294 -
355 1247 420 1311 C.
466 1250 540 1312 A.
587 1249 779 1323 1415;
818 1282 898 1296 —
945 1248 1008 1311 C.
1050 1250 1351 1324 P.,4232;
1399 1284 1477 1297 -
1526 1250 1586 1313 C.
1632 1250 1719 1314 Μ.
1771 1250 1964 1324 1310;
2006 1282 2083 1294 —
2134 1247 2196 1309 G.
2249 1246 2314 1307 Τ.
2355 1246 2490 1310 636,

310 1328 530 1407 Neque
576 1329 754 1393 dicas
797 1329 1021 1393 debito
1064 1338 1239 1392 certo
1287 1346 1412 1393 non
1461 1331 1759 1394 satisfieri
1789 1335 1910 1409 'per
1940 1327 2330 1407 probabilem
2396 1327 2823 1402 solutionem.

230 1424 379 1471 nam
427 1411 491 1471 in
537 1425 687 1472 casu
732 1418 950 1473 nostro
991 1409 1226 1474 solutio
1268 1419 1365 1474 est
1406 1419 1578 1476 certa
1623 1410 1831 1491 quoad
1865 1409 2296 1489 :equalitatem
2337 1409 2429 1468 rei
2464 1408 2628 1470 data)
2667 1422 2813 1470 cum

230 1488 469 1552 debito.
514 1488 797 1554 Clarius:
844 1490 1097 1568 quando
1143 1490 1431 1555 debitum
1480 1503 1577 1555 est
1622 1500 1866 1554 certum
1911 1499 1975 1553 et
2034 1486 2455 1569 probabilitas
2519 1496 2817 1551 versatur

231 1570 405 1634 circa
453 1570 687 1633 iactum
730 1570 1091 1646 solutionis,
1142 1573 1359 1650 utique
1406 1571 1849 1652 exprobabili
1897 1570 2220 1633 solutione
2260 1568 2514 1630 debitor
2561 1584 2685 1629 non
2734 1566 2812 1630 li-

231 1649 515 1724 beratur,
545 1654 691 1731 quia
717 1652 951 1715 solutio
986 1650 1334 1730 probabilis
1367 1669 1492 1715 non
1524 1661 1737 1731 aequat
1769 1651 2055 1715 debitum
2088 1656 2349 1713 certum.
2386 1646 2506 1710 Sed
2534 1649 2638 1710 hic
2666 1664 2809 1726 pro-

229 1729 529 1794 babilitas
576 1746 702 1793 non
748 1741 845 1795 est
888 1733 1056 1795 circa
1103 1734 1438 1797 veritatem
1482 1732 1842 1808 solutionis,
1883 1731 1994 1793 sed
2024 1732 2191 1794 circa
2246 1728 2544 1792 effectum
2613 1727 2808 1799 iliius,

226 1810 478 1873 scilicet
520 1813 683 1891 quod
734 1830 844 1893 per
888 1811 1271 1877 solutionem
1318 1815 1487 1877 illam
1524 1814 1810 1877 debitum
1846 1816 1930 1874 sit
2002 1809 2378 1875 robabiliter
2408 1809 2812 1873 satisfactum.

228 1906 303 1952 eo
348 1892 517 1969 quod
567 1893 982 1971 probabiliter
1037 1893 1322 1958 adfuerit
1384 1893 1822 1957 satisfaciendi
1887 1908 1966 1956 vo
1996 1908 2079 1956 un
2130 1900 2258 1965 tas3
2316 1891 2451 1952 haec
2494 1891 2667 1951 enim
2712 1895 2815 1953 est

226 1972 648 2114 probabilitas
685 1975 852 2052 juris
894 1977 1030 2038 sive
1093 1975 1400 2055 proxima,
1460 1991 1583 2054 qua
1647 1973 1900 2037 debitor
1962 1973 2124 2037 bene
2188 1973 2280 2036 uti
2346 1978 2572 2050 potest.
2618 2003 2693 2014 —
2750 1968 2817 2035 V.

281 2054 519 2130 ignoti,
566 2053 673 2127 op.
716 2055 897 2124 Mor„
943 2054 981 2117 l.
1027 2075 1071 2131 1,
1115 2073 1175 2119 n.
1219 2055 1332 2132 333
1378 2056 1414 2118 1.
1463 2072 1559 2132 ιιι,
1601 2071 1665 2116 n.
1711 2055 1845 2118 700.

235 2161 244 2172 ·
304 2133 631 2200 Diximus:
668 2136 731 2214 t)
778 2138 1146 2201 tantundem
1181 2137 1387 2216 pretio
1429 2132 1816 2209 oestimabile,
1859 2133 1911 2194 si
1957 2135 2131 2196 enim
2175 2147 2235 2193 v,
2276 2148 2333 2209 g.
2379 2139 2637 2194 centum
2698 2129 2813 2192 de·

231 2211 392 2277 beas
434 2216 597 2278 Titio
641 2218 1025 2294 exjustitia,
1072 2233 1200 2284 non
1246 2216 1563 2281 satisfacis
1617 2215 1992 2293 obligationi
2040 2215 2091 2275 si
2137 2213 2197 2274 ei
2243 2210 2539 2274 conferas
2599 2209 2807 2273 Bene·

227 2294 452 2360 ficium
497 2294 1000 2361 ecclesiasticum
1070 2296 1216 2361 talis
1277 2298 1566 2372 reditus;
1608 2298 1755 2375 quia
1789 2296 1907 2357 hoc
1954 2292 2155 2373 gratis
2188 2300 2285 2356 est
2315 2290 2810 2355 conferendum:

226 2391 419 2440 secus
462 2377 733 2439 simonia
781 2387 912 2451 est;
952 2380 1017 2446 2>
1082 2380 1207 2458 ipsi
1256 2379 1594 2450 creditori,·
1660 2391 1867 2456 neque
1932 2391 2043 2454 per
2106 2373 2517 2464 donationem
2579 2370 2817 2464 factam

231 2461 455 2530 tortio,
503 2474 617 2520 seu
662 2474 776 2535 pet·
848 2458 1327 2539 eleemosynam
1393 2458 1690 2521 liberaris
1753 2473 1784 2519 a
1851 2452 2160 2518 solvendo
2224 2452 2441 2516 debito
2505 2451 2817 2543 creditori

229 2547 412 2612 note,
453 2540 574 2600 etsi
623 2538 802 2601 iiiam
849 2556 981 2602 non
1027 2538 1262 2604 fuisses
1299 2539 1601 2614 facturus,
1645 2540 1697 2600 si
1745 2536 2030 2602 debitum
2074 2551 2107 2598 a
2156 2534 2471 2614 principio
2514 2533 2816 2609 sciveris3

227 2634 328 2681 res
386 2618 559 2680 enim
604 2617 837 2681 clamat
881 2620 959 2683 ad
1006 2620 1359 2695 dominum,
1402 2626 1468 2682 et
1508 2619 1912 2698 eleemosyna
1960 2617 2033 2678 fit
2074 2614 2153 2678 de
2201 2615 2453 2694 propria
2500 2612 2808 2688 sssubstan·

235 2699 341 2762 tia.
391 2697 630 2776 Excipe
676 2700 727 2761 si
774 2701 1127 2763 creditores
1163 2703 1363 2779 ignoti
1401 2709 1584 2774 sunt3
1624 2698 1768 2761 ideo
1798 2696 2073 2762 suadent
2103 2694 2317 2774 plures
2381 2693 2461 2756 iis
2495 2695 2601 2771 qui
2643 2692 2815 2755 elee-

232 2793 538 2857 mosynas
582 2778 848 2854 faciunt,
892 2791 960 2844 ut
1004 2783 1436 2845 intentionem
1477 2778 1847 2860 generalem
1894 2785 2122 2857 gerant
2186 2773 2530 2854 reparandi
2595 2774 2813 2865 omnia

236 2858 494 2934 damna,
541 2876 684 2939 quae
728 2860 944 2924 forsan
989 2861 1372 2936 intulerunt,
1419 2861 1694 2925 maxime
1739 2860 1803 2922 in
1844 2860 2206 2938 juventute,
2236 2856 2474 2934 ignotis
2510 2854 2819 2917 dominis·

319 2938 740 3003 communius
772 2951 984 3006 autem
1027 2959 1098 3006 ac
1147 2941 1541 3021 probabilius
1576 2941 1804 3004 dicunt
1850 2938 2046 3017 Gury,
2093 2936 2412 3011 Carriere,
2454 2943 2597 3010 etc„
2663 2949 2815 2996 con·

245 3027 336 3082 tra
389 3018 679 3097 Biiluaru
726 3023 890 3101 quod
937 3022 1107 3087 valet
1149 3023 1471 3086 restitutio
1513 3022 1739 3097 debiti,
1781 3022 1904 3086 etsi
1949 3020 2060 3082 fiat
2096 3033 2210 3097 per
2273 3015 2635 3106 simulatam
2700 3012 2813 3076 do-

236 3101 597 3176 nationem;
641 3106 788 3181 quia
836 3119 959 3165 non
1009 3105 1362 3185 requiritur
1403 3100 1482 3165 ad
1529 3118 1745 3165 veram
1790 3100 2201 3173 solutionem,
2276 3105 2346 3161 ut
2408 3095 2660 3159 debitor
2704 3110 2814 3187 εις

239 3188 426 3244 terne
473 3181 748 3245 fateatur
790 3200 858 3245 se
901 3182 1172 3248 solvere.
1220 3185 1513 3247 Attamen
1560 3182 1792 3245 docent
1836 3191 2060 3244 contra
2106 3179 2504 3253 Tamburini‚
2547 3173 2710 3254 quod
2758 3192 2817 3238 st

238 3260 526 3324 creditor
564 3272 714 3325 tunc
756 3263 1154 3341 gratitudine
1196 3273 1404 3328 motus
1447 3271 1513 3325 ει
1554 3262 1798 3341 aliquid
1847 3264 1979 3342 ipse
2023 3260 2244 3335 donet,
2289 3274 2416 3320 non
2474 3265 2573 3319 est
2635 3271 2814 3347 acce·

242 3341 593 3419 ptandum;
636 3343 782 3422 quia
818 3347 934 3408 ista
975 3346 1235 3410 donatio
1270 3360 1402 3408 non
1431 3350 1528 3406 est
1569 3350 1957 3422 spontanea3
2000 3355 2143 3406 cum
2189 3339 2492 3421 procedat
2532 3353 2612 3399 ex
2673 3350 2813 3414 opi-

241 3422 440 3485 nione
484 3423 903 3502 obligationis
947 3426 1387 3506 gratitudinis,
1429 3440 1570 3502 quae
1615 3422 1776 3486 falso
1818 3433 1916 3484 est
1960 3424 2177 3485 innixa
2223 3419 2664 3509 fundamento.

317 3501 614 3574 Quaeres:
661 3501 825 3577 Quid
877 3508 935 3568 si
981 3515 1246 3571 testator
1286 3507 1391 3568 cui
1433 3503 1858 3566 restitutionis
1919 3501 2220 3583 obliqatio
2268 3497 2607 3574 incumbit,
2652 3494 2817 3587 tepet

236 3579 488 3661 aliquid
529 3584 830 3648 creditori
868 3586 984 3651 sub
1023 3605 1203 3652 onere
1246 3586 1642 3652 Missurum?
1686 3583 1992 3647 Essemus
2054 3599 2095 3645 a
2140 3581 2446 3663 legatario
2507 3578 2817 3640 creditore

235 3661 550 3805 imssienda
591 3664 719 3727 lioec
760 3682 969 3742 onera,
1010 3666 1122 3731 ubi
1163 3669 1435 3748 legatum
1476 3671 1679 3745 oeqttet
1718 3680 2023 3727 summam
2064 3664 2158 3726 rei
2200 3659 2654 3725 restituendoe?

373 3791 390 3805 ·
433 3744 773 3823 Negativffi
816 3751 1252 3826 compensatio
1297 3758 1449 3811 tunc
1500 3746 1707 3809 locum
1746 3746 1968 3808 babet:
2013 3745 2373 3826 proesertim
2416 3737 2817 3828 quodntesta-

240 3829 343 3884 tor
387 3829 638 3888 censeri
684 3835 894 3904 potest
934 3828 1050 3890 sub
1094 3828 1389 3893 simulata
1434 3826 1782 3914 donatione
1842 3826 1995 3890 furti
2041 3827 2137 3886 sui
2188 3835 2403 3900 tegere
2460 3822 2812 3904 restitutio·

239 3917 406 3966 nem.
441 3906 553 3968 Est
592 3916 812 3969 contra
859 3906 1182 3982 Roncalia‚
1239 3908 1344 3986 qui
1393 3910 1459 3969 in
1507 3910 1628 3971 boc
1672 3923 1820 3970 casu
1864 3922 1989 3969 non
2036 3903 2320 3967 admittit
2348 3907 2813 3978 compensatio-

237 3997 419 4073 n·em;
463 4003 607 4049 nam
651 3987 800 4065 (ait)
844 3991 894 4050 si
938 3988 1145 4050 Missae
1187 3997 1339 4050 sunt
1382 4004 1497 4066 pro
1560 3988 1707 4051 aliis
1748 3988 1886 4049 sine
1917 3999 2140 4048 eorum
2171 3983 2353 4061 culpa
2396 3976 2815 4051 fraudantur3

238 4078 288 4123 st
339 4080 451 4141 pro
496 4070 634 4146 ipso
677 4067 890 4142 dante,
932 4078 998 4130 et
1041 4077 1193 4132 tunc
1253 4069 1372 4131 iste
1415 4072 1785 4147 privaretur
1827 4067 1996 4128 bono
2038 4063 2381 4143 spirituaii,
2430 4059 2602 4122 unde
2647 4070 2815 4118 com-

240 4149 529 4219 pensatio
574 4164 704 4209 non
747 4157 916 4211 esset
958 4148 1235 4227 aequalis.

315 4223 500 4289 8⁴11.
544 4225 1006 4288 Restitutio
1047 4226 1134 4290 ίιι
1174 4225 1342 4289 alio
1385 4245 1733 4309 generet
1823 4227 1884 4289 ui
1932 4231 2140 4303 potest
2206 4223 2269 4284 in
2335 4220 2559 4310 eodem
2619 4215 2814 4277 bono-

237 4317 380 4365 rum
424 4324 660 4386 genere
704 4308 1411 4378 fraudata¹restituere,
1467 4323 1594 4369 non
1640 4306 1759 4368 vali
1812 4323 1847 4368 e
1895 4304 2186 4368 restituit
2230 4303 2300 4363 in
2364 4299 2493 4391 alio
2554 4311 2817 4377 genere,

235 4386 381 4460 quia
430 4397 579 4451 tunc
624 4406 749 4451 uon
795 4397 1161 4452 servaretur
1205 4388 1559 4468 aequalitas‚
1589 4397 1656 4449 ut
1706 4389 1996 4463 praecipit
2033 4384 2307 4462 justitia.
2355 4377 2515 4453 de
2559 4395 2700 4441 vero
2742 4375 2815 4469 de

232 4459 345 4523 ilio
390 4470 498 4545 qui
536 4485 659 4531 non
697 4476 902 4549 potest
937 4470 1268 4532 restituere
1311 4470 1380 4532 in
1420 4485 1543 4531 imo
1581 4482 1799 4544 qenere
1843 4464 2160 4537 bonorum,
2206 4458 2595 4525 tenebiturne
2622 4465 2817 4522 resti·

127 4601 132 4610 ,
233 4547 412 4608 tuere
454 4551 521 4614 in
559 4550 687 4611 alio
727 4565 946 4630 yenere
988 4549 1317 4629 inferiori:
1359 4570 1413 4615 v.
1454 4566 1534 4629 9.,
1583 4552 1830 4607 tenetur
1869 4545 2024 4606 dare
2066 4542 2397 4622 pecuniam
2441 4541 2556 4622 qui
2598 4537 2818 4618 nequit

225 4618 473 4699 famam
512 4630 853 4704 resarcire,
894 4629 992 4692 vel
1029 4631 1144 4710 qui
1181 4632 1453 4711 aliquem
1492 4626 1729 4690 occidit
1760 4624 1859 4687 vel
1898 4623 2308 4687 vulneravit?
2686 4698 2699 4711 ⁶
2910 4681 2926 4702 ,

315 4703 397 4770 R.
437 4710 590 4775 Duae
632 4719 784 4774 sunt
824 4715 1185 4776 sententian.
1229 4712 1444 4777 Prima
1486 4706 1911 4790 probabiliter
1969 4704 2245 4770 affirmat
2309 4717 2454 4766 cum
2512 4700 2820 4773 Autome,
