3292 5167
1159 206 1241 252 nt
1282 203 1728 278 commeneus
2618 185 2746 253 333

250 414 287 499 Β
332 416 578 483 Unicus.
625 449 715 463 —·
767 415 975 499 Tituli,
1007 417 1073 483 vi
1106 435 1372 502 quorum
1419 404 1843 502 licet‘aliquid
1885 436 2082 503 supra
2126 429 2353 484 sortem
2388 416 2658 502 exigere.

247 649 464 713 461).
517 647 591 725 Q.
642 647 699 713 1.
750 644 913 727 Quid
955 655 1043 712 est
1087 645 1322 729 titulus,
1356 649 1421 712 vi
1449 646 1627 731 cujus
1672 646 1914 730 aliquid
1958 645 2132 732 eoeiyi
2154 656 2351 732 potest
2388 646 2457 712 in
2487 650 2751 713 mutuo?

252 751 323 817 R.
378 750 572 817 Tituli
618 752 886 819 nomine
925 750 1031 819 hic
1080 752 1469 837 intelligitur
1498 752 1689 835 rati0,
1724 752 1913 838 cujus
1949 750 2187 819 intuitu
2223 750 2471 836 aliquid
2511 752 2575 817 in
2612 769 2753 819 mu·

168 862 278 923 tuo
324 856 628 941 exigitur.
680 856 937 926 Titulus
987 856 1085 924 vel
1142 864 1244 925 est
1299 865 1530 925 mutuo
1565 858 1957 940 intrinsecus,
1993 855 2104 943 qui
2143 856 2229 924 ita
2264 856 2406 942 eius
2448 858 2754 926 substan-

171 963 319 1029 tiam
367 961 753 1048 ingreditur,
803 970 875 1031 ut
925 972 1209 1050 nequeat
1257 965 1579 1051 separari:
1650 972 1827 1033 esset
1887 965 2105 1050 aliqua
2179 965 2498 1050 temporis
2569 981 2752 1031 mora

172 1069 231 1137 in
278 1086 357 1136 eo
405 1070 842 1138 restituendo,
891 1071 1005 1140 Vel
1058 1078 1158 1139 est
1206 1071 1420 1140 eidem
1481 1073 1889 1153 eoecrinssscus,
1945 1071 2054 1156 qui
2108 1089 2228 1139 neo
2301 1089 2565 1156 semper
2634 1086 2756 1138 nee

174 1175 543 1243 necessario
602 1176 766 1244 illud
810 1179 1200 1245 comitatur:
1253 1184 1323 1245 ut
1359 1178 1691 1260 damnum,
1733 1176 1911 1263 quod
1947 1177 2094 1245 ideo
2144 1178 2469 1244 mutuanti
2520 1175 2756 1245 evenit.

253 1288 450 1351 461.
505 1283 602 1351 Ob
654 1283 919 1351 titulum
968 1286 1400 1352 intrinsecum
1452 1285 1609 1352 nihil
1661 1283 1830 1369 exigi
1882 1291 2139 1369 potest,-
2190 1302 2382 1351 secus
2434 1284 2487 1350 vi
2543 1282 2755 1350 mutui

183 1388 585 1473 exigeretur3
615 1389 763 1459 ideo
792 1399 1019 1459 contra
1049 1399 1454 1478 praeceptum
1489 1391 1752 1458 Domini
1789 1388 1846 1472 ¹3
1874 1409 2022 1459 oum
2051 1397 2354 1458 mutuum
2384 1398 2611 1458 natura
2640 1408 2755 1459 sua

177 1497 441 1565 omnino
493 1499 853 1582 gratuitum
901 1500 1006 1567 sit.
1074 1500 1237 1567 Hinc
1300 1500 1603 1566 damnata
1674 1504 1774 1566 est
1844 1499 1924 1565 ab
1994 1499 2382 1566 Innocentio
2454 1501 2542 1567 Xl
2612 1499 2757 1566 haee

174 1603 290 1670 sub
339 1623 399 1669 n.
447 1608 522 1671 41
576 1607 976 1691 propositio:
1022 1609 1176 1674 Cum
1210 1592 1539 1673 nmheraca
1566 1607 1837 1693 pecunia
1858 1607 2193 1692 pretiosior
2220 1607 2301 1672 sit
2331 1605 2752 1687 numera-ndo,

174 1722 224 1776 et
264 1711 479 1777 nullus
513 1713 595 1778 sic
639 1715 747 1798 qui
790 1734 917 1781 non
963 1716 1228 1801 majoris
1271 1715 1468 1799 saciat
1518 1715 1850 1799 pecunia-m
1907 1726 2301 1801 proesemem,
2349 1732 2537 1799 quam
2581 1713 2758 1799 futu—

174 1836 325 1900 ram,
363 1831 563 1906 potest
609 1821 874 1889 creditor
917 1821 1162 1910 aliquid
1203 1841 1401 1908 supra
1452 1832 1679 1888 sortem
1725 1842 1768 1887 a
1813 1823 2198 1888 mutuato-rio
2246 1823 2541 1908 accipere,
2592 1833 2646 1887 ec
2693 1840 2760 1886 eo

175 1925 344 1992 titulo
391 1928 471 1993 ab
516 1947 715 1995 usura
759 1930 1093 2008 eoecusari5
1140 1929 1264 1997 hoe
1314 1928 1490 1996 enim
1538 1939 1638 1996 est
1691 1947 1963 2014 prorsus
2013 1936 2079 1996 et
2126 1945 2206 1995 ex
2254 1947 2328 1996 se
2380 1936 2613 1996 mutuo
2668 1927 2761 1993 in-

178 2033 560 2101 trinsecum.
597 2072 688 2084 —-
721 2036 816 2103 Ob
853 2035 1119 2103 titulum
1154 2053 1307 2103 vero
1344 2035 1810 2117 extrinsecum,
1847 2034 1900 2101 si
1937 2035 2267 2119 legitimus
2301 2035 2406 2118 sit,
2445 2037 2614 2104 bene
2649 2052 2763 2120 po-

179 2141 323 2208 terit
368 2140 620 2227 aliquid
667 2144 913 2229 repeti:
964 2144 1114 2229 quia
1164 2149 1320 2210 tuno
1370 2141 1544 2210 nulla
1596 2143 1806 2209 mutui
1857 2142 2045 2209 ratio.
2099 2144 2220 2223 Qui
2274 2144 2505 2211 titulus
2542 2142 2763 2209 multi-

181 2246 322 2332 plex
371 2258 507 2318 est:
561 2246 627 2337 Ι)
675 2250 942 2318 damnus
987 2270 1318 2337 emergens,
1368 2252 1435 2335 2)
1487 2252 1731 2316 lucrum
1777 2270 2044 2332 cessans,
2081 2252 2148 2333 3)
2189 2269 2380 2335 poena
2416 2250 2763 2316 couventio-

180 2357 357 2438 naliS,
408 2358 479 2441 4)
519 2358 875 2443 periculum
919 2358 1124 2424 sortis.
1176 2355 1402 2436 Quoad
1452 2356 1662 2440 legem
1712 2355 1967 2423 civilem
2014 2354 2406 2440 disputatur.

261 2469 474 2531 482.
533 2467 603 2544 Q.
652 2465 712 2529 2.
761 2466 862 2532 An
911 2465 1087 2530 liceat
1133 2464 1447 2529 mutuanti
1493 2463 1745 2548 eoeiqere
1775 2462 1939 2546 quod
1968 2462 2084 2529 sibi
2115 2463 2366 2529 interest
2411 2462 2482 2529 ob
2514 2461 2763 2527 titulum

183 2567 389 2634 damni
436 2570 821 2653 emergentis,
872 2583 937 2638 ut
982 2581 1220 2651 vocant,
1270 2581 1324 2634 et
1374 2570 1532 2636 lucri
1577 2570 1921 2637 cessantis?

263 2677 330 2743 R.
379 2677 645 2760 Aliquis,
697 2678 785 2745 ait
831 2677 1205 2762 AngelicuS,
1256 2662 1699 2761 damnificatur
1743 2676 2104 2762 dupliciter.-
2176 2695 2300 2741 uno
2368 2675 2567 2757 modo,
2615 2674 2764 2760 quia

183 2785 464 2867 aufertur
509 2786 565 2850 ei
607 2786 771 2871 quod
813 2800 959 2852 actu
1004 2786 1220 2851 habeat
1270 2785 1364 2869 (et
1413 2784 1659 2852 dicitur
1707 2783 2019 2850 damnum
2092 2783 2529 2868 emergens)...
2547 2807 2567 2862 ;
2636 2782 2762 2848 alio

184 2889 352 2956 modo
398 2891 458 2956 si
504 2892 853 2977 damnificet
889 2892 1161 2977 aliquem
1206 2891 1608 2977 impediendo,
1658 2911 1735 2956 ne
1781 2890 2167 2976 adipiscatur
2205 2889 2367 2974 quod
2396 2888 2628 2955 eratin
2663 2888 2765 2953 via

185 2996 440 3063 habendi
488 2998 582 3084 (et
629 2997 870 3067 dicitur
918 2999 1174 3066 lucrum
1214 3016 1481 3091 cessans
1533 2999 1612 3083 ²).
1666 3000 1809 3077 Quo
1860 2996 2079 3082 posito
2129 2996 2442 3064 dleimus:
2498 3003 2627 3061 tam
2677 2994 2763 3062 ob

187 3106 491 3173 damnum
541 3124 907 3193 emergenS,
958 3124 1152 3192 quam
1202 3108 1288 3175 ob
1337 3107 1596 3175 lucrum
1648 3124 1916 3174 cessans
1966 3103 2499 3189 (praescindendo
2533 3121 2568 3170 a
2601 3121 2765 3187 quo-

190 3232 443 3299 cunque
492 3215 619 3282 alio
673 3215 892 3301 titulo)
941 3214 1499 3283 licet-mutuanti·
1542 3213 1722 3298 quod
1767 3213 1890 3280 sibi
1937 3213 2211 3279 interest
2282 3229 2478 3279 causa
2553 3211 2763 3278 mutui

190 3321 445 3406 exigere
493 3340 527 3388 a
576 3324 994 3405 mutuatariO,
1042 3322 1096 3390 si
1147 3321 1562 3391 conditiones
1610 3320 1850 3399 debitae
1902 3318 2252 3399 intersint3
2296 3318 2407 3385 hoc
2452 3320 2637 3399 enim,
2675 3319 2767 3383 ait

190 3428 355 3496 idem
402 3432 669 3513 Ductor,
715 3452 840 3499 non
885 3444 971 3498 est
1016 3431 1271 3497 vendere
1315 3449 1494 3495 usum
1535 3428 1819 3515 pecunioe
1861 3427 1967 3493 sed
2011 3427 2311 3493 damnum
2357 3426 2555 3492 vitare
2591 3420 2642 3492 ³.
2685 3428 2766 3492 Et

192 3553 370 3605 sane:
423 3557 552 3606 non
606 3538 851 3625 patitur
893 3540 1193 3624 aequitaS,
1245 3546 1318 3605 ut
1353 3538 1501 3623 quis
1534 3537 1791 3604 lucrum
1826 3534 2081 3602 amittat
2116 3535 2216 3601 vel
2259 3534 2573 3602 damnum
2612 3552 2769 3619 sen-

194 3645 303 3711 tiat
350 3665 432 3723 ex
481 3646 782 3715 beneficii
839 3646 1223 3715 collatione:
1271 3665 1349 3711 ne
1402 3646 1599 3731 iqitur
1666 3642 2057 3730 dispendium
2104 3642 2414 3728 patiatur,
2472 3641 2633 3708 unde
2677 3642 2770 3708 vi-

193 3753 360 3818 detur
396 3757 734 3838 praemium
777 3754 1074 3821 meruisse
1120 3757 1169 3835 ⁴,
1220 3758 1557 3819 mutuatur
1608 3757 1744 3818 tuta
1792 3748 2194 3817 conscientia
2243 3748 2503 3834 exigere
2549 3754 2769 3834 potest

197 3860 365 3944 quod
413 3860 537 3928 sibi
588 3861 880 3929 interest.
925 3858 1108 3928 Adde
1158 3856 1221 3925 id
1269 3876 1581 3943 expresse
1630 3855 1893 3942 probari
1943 3854 2131 3922 Bulla
2182 3855 2630 3924 Benedictina.

275 3968 487 4039 488.
538 3968 868 4036 Diximus:
914 3970 971 4036 si
1015 3965 1390 4033 conditiones
1436 3965 1650 4030 debita»
1693 3964 1997 4044 intersim,
2049 3979 2198 4046 quae
2247 3969 2435 4028 sunt:

368 4079 428 4145 1.
480 4080 560 4146 Ut
606 4078 927 4146 interesse
975 4076 1040 4142 iu
1091 4080 1354 4159 pactum
1392 4072 1774 4154 deducatur,
1812 4069 2206 4156 praemonito
2245 4067 2645 4138 mutuatario
2689 4068 2770 4136 de

202 4182 381 4253 titulo
410 4203 530 4271 pro
566 4203 698 4271 quo
732 4183 977 4270 aliquid
1013 4183 1181 4250 ultra
1215 4186 1464 4253 sortem
1498 4180 1760 4264 exigere
1788 4177 1958 4257 vult;
1991 4194 2141 4244 nam
2176 4183 2327 4262 post
2354 4184 2765 4245 contractum

202 4299 500 4361 mutuans
550 4292 778 4379 nequit
825 4288 1106 4376 amplius
1155 4287 1437 4372 exigere,
1478 4287 1600 4353 etsi
1640 4284 1859 4352 damni
1896 4283 2296 4367 emergentis
2331 4291 2395 4352 et
2429 4283 2591 4353 lucri
2627 4303 2778 4352 ces-

260 4526 278 4566 1
309 4526 546 4577 Mutuum
577 4528 712 4584 date,
745 4525 875 4576 nihil
904 4494 1017 4577 inde
1046 4525 1342 4598 sperantes:
1378 4523 1532 4573 Lueae
1567 4532 1644 4570 vr.

259 4590 281 4631 2
312 4596 359 4651 2,
392 4594 443 4650 2,
477 4602 528 4652 q.
559 4592 638 4649 62,
674 4599 724 4637 a..
757 4588 805 4638 t.
837 4612 901 4625 -
941 4589 996 4638 V.
1032 4584 1262 4651 Lignori,
1298 4586 1388 4649 Ορ.
1422 4584 1579 4645 Mor„
1617 4582 1653 4642 l,
1687 4593 1764 4643 ιιι,
1800 4593 1891 4633 nn.
1925 4583 2018 4674 726
2049 4583 2102 4633 et
2126 4592 2275 4695 seqq.

258 4654 280 4694 ⁸
309 4659 358 4715 2,
391 4656 440 4712 2,
475 4664 528 4716 q.
562 4653 643 4712 78,
677 4662 726 4702 a.
761 4655 810 4712 2,
846 4650 913 4701 ad
947 4653 993 4702 l.
1616 4643 1641 4685 ⁴
1676 4646 1818 4697 Decr.
1853 4645 2025 4708 ere„
2057 4645 2089 4695 l.
2123 4656 2204 4706 ιιι,
2262 4680 2276 4695 .
2312 4654 2444 4704 xxu,
2480 4652 2524 4692 e.
2559 4646 2609 4693 2.
