3292 5167
1380 260 1459 307 nn
1505 258 1648 306 mun
2664 239 2789 307 611

50 449 55 452 ,
154 359 240 429 fit
294 363 653 442 revelatio,
708 363 827 432 sed
876 363 1077 432 etiam
1126 381 1410 449 persona
1458 361 1539 431 ad
1588 379 1787 448 quam
1836 344 2145 449 dirigitur
2198 363 2512 432 revelatio
2564 363 2689 448 (uti
2738 362 2793 432 si

153 469 360 538 Deus
397 472 601 540 alicui
651 471 895 540 revelet
944 470 1126 558 quod
1173 471 1319 540 talis
1365 471 1693 540 Praelatns
1744 487 1875 539 non
1925 478 2107 540 recte
2154 489 2226 540 se
2277 472 2493 557 gerit),
2537 471 2590 540 si
2645 489 2794 557 pro-

153 585 483 662 ponatur
528 596 679 648 cum
751 579 1240 648 sufficientibus
1289 578 1693 664 argumentis
1740 577 1867 647 rite
1928 572 2453 664 probatiS,'eam
2524 578 2795 648 credere

156 681 382 753 debet
457 685 590 754 fide
638 686 1010 772 theologica
1057 686 1219 772 (non
1273 694 1488 755 tamen
1524 686 1874 771 catholica)
1891 711 1909 767 ;
1948 688 2126 754 Deus
2160 686 2337 756 enim
2370 687 2461 755 illi
2497 686 2797 776 loquitur

157 806 294 874 per
332 790 573 875 alium,
623 800 821 879 atque
869 791 1147 878 proinde
1196 792 1278 861 ab
1328 811 1408 862 eo
1461 793 1663 878 exigit
1710 791 1910 860 fidem
1959 793 2095 877 (0).

254 894 496 960 βω.
577 902 647 980 Q.
698 901 758 966 6.
813 898 1139 980 Quodnam
1184 911 1272 967 est
1315 900 1458 987 fidei
1501 900 1889 988 subjectum?

252 1007 333 1073 R.
391 1007 788 1093 Sanectum
839 1006 990 1075 fidei
1041 1007 1219 1075 aliud
1253 1014 1354 1077 est
1388 1008 1789 1093 proximum,
1826 1006 2003 1075 aliud
2040 1012 2390 1075 remotum.
2416 1007 2792 1075 Proximam

159 1116 277 1180 est
329 1111 490 1198 ipsa
540 1113 819 1182 facultas
867 1132 986 1182 seu
1036 1115 1329 1199 potentia
1393 1132 1723 1200 personae,
1773 1113 1840 1181 in
1890 1122 2017 1200 qua
2092 1112 2255 1181 fides
2306 1111 2596 1181 residet:
2648 1113 2793 1182 haec

154 1218 334 1287 nihil
390 1221 580 1289 aliud
629 1228 752 1304 est,
804 1239 1001 1309 quam
1051 1221 1450 1290 intellectus.
1504 1221 1783 1301 (Pr-edere,
1836 1221 1926 1288 ait
1959 1220 2019 1289 d.
2054 1223 2486 1306 Augustinus,
2530 1233 2619 1287 est
2651 1239 2795 1289 cum

154 1346 442 1396 assensu
491 1330 801 1415 copitar-e:
852 1330 1032 1414 atqui
1083 1328 1404 1413 cogitatio
1456 1328 1701 1397 residet
1769 1328 1834 1395 in
1908 1329 2283 1410 intellectu3
2330 1347 2487 1415 ergo
2539 1336 2603 1398 et
2654 1346 2794 1397 cre-

156 1434 360 1519 dere,
418 1452 500 1504 ac
550 1437 830 1523 proinde
882 1437 1078 1505 etiam
1126 1436 1312 1506 fides.
1363 1436 1542 1505 Adde
1580 1455 1660 1506 ex
1694 1437 2051 1522 Apostolo:
2087 1436 2239 1505 fidei
2275 1437 2572 1506 succedit
2624 1436 2790 1505 visio

27 1596 40 1611 .
157 1542 456 1626 patriae:
507 1544 788 1612 videmus
833 1565 1001 1611 nanc
1038 1564 1156 1630 per
1200 1545 1519 1632 speculum
1569 1547 1635 1611 in
1682 1546 2033 1631 oeniymate,
2070 1556 2219 1613 tunc
2262 1559 2471 1613 autem
2514 1547 2676 1631 facie
2707 1544 2794 1612 ad

163 1651 459 1735 faciem;
509 1653 691 1739 atqui
742 1652 908 1721 visio
957 1653 1163 1721 estin
1216 1652 1574 1736 intellectu,
1624 1671 1783 1738 ergo
1833 1662 1899 1721 et
1946 1652 2111 1721 fides
2161 1661 2209 1719 ¹.

256 1759 673 1845 Snbjectum
708 1759 857 1828 fidei
911 1772 1214 1829 remotum
1262 1766 1364 1829 est
1411 1777 1694 1847 persona
1732 1759 1883 1828 fidei
1922 1777 2164 1846 capax:
2202 1759 2364 1828 tales
2409 1777 2608 1845 porro
2642 1759 2787 1828 fue-

163 1874 326 1936 runt
382 1886 529 1937 non
579 1868 800 1934 solum
853 1866 1178 1949 homineS,
1228 1866 1346 1935 sed
1395 1867 1593 1934 etiam
1644 1866 1878 1952 Angeli
1919 1867 1987 1935 in
2034 1885 2264 1935 eorum
2308 1869 2513 1952 prima
2565 1866 2788 1934 condi-

160 1975 377 2058 tione,
433 1975 551 2062 qui
603 1974 830 2043 donati
884 1974 1158 2061 quidem
1206 1974 1472 2044 fuerunt
1522 1975 1748 2060 gratia,
1799 1974 1917 2043 sed
1955 1993 2109 2044 cum
2157 1975 2300 2043 haec
2344 1976 2412 2042 in
2450 1975 2613 2060 ipsis
2653 1992 2786 2042 non

174 2089 364 2151 esset
416 2088 904 2162 consummata,
941 2082 1030 2149 ita
1064 2088 1135 2148 ut
1182 2083 1395 2149 Deum
1435 2100 1555 2167 per
1586 2082 1950 2150 essentiam
1980 2080 2203 2151 videre
2239 2088 2544 2168 possent;
2580 2099 2786 2168 opor-

179 2190 313 2258 tuit
363 2190 437 2257 in
490 2189 725 2258 iisdem
790 2188 1120 2274 quandam
1188 2188 1392 2257 fuisse
1455 2189 1946 2257 inchoationem
1996 2195 2279 2276 speratae
2330 2189 2784 2258 beatitudinis.

129 2290 132 2293 ’
176 2299 344 2377 Quae
401 2297 675 2384 quidem
728 2297 1064 2365 inchoatio
1114 2297 1333 2365 locum
1385 2296 1582 2365 habet
1633 2298 1697 2365 in
1747 2297 2088 2366 voluntate
2138 2316 2259 2385 per
2305 2315 2493 2384 spem
2534 2303 2598 2364 et
2637 2296 2788 2364 cha-

165 2404 471 2487 ritatem,
530 2405 596 2471 in
647 2403 986 2471 intellectu
1037 2421 1156 2490 per
1202 2402 1419 2472 fidem.

254 2507 471 2574 8⁹⁷.
537 2512 609 2591 Q.
658 2513 718 2578 7.
773 2509 936 2591 Quid
978 2508 1052 2575 de
1095 2510 1302 2592 beatis‘,
1343 2509 1677 2592 damnatis,
1730 2510 2062 2578 animabus
2101 2512 2537 2598 purqantibus‚
2574 2510 2647 2578 de
2691 2510 2788 2577 in-

165 2618 458 2704 fidelibus
503 2617 614 2703 qui
656 2618 820 2684 nihil
862 2617 1139 2697 credunt,
1189 2630 1244 2684 et
1289 2617 1595 2683 hoereticis
1642 2617 1751 2703 qui
1818 2618 2119 2704 quosdam
2162 2619 2462 2686 articulos
2515 2617 2777 2688 credunt

167 2737 226 2792 et
274 2723 593 2813 quosdam
640 2723 980 2810 rejiciunt?
1025 2724 1324 2791 'tabernae
1368 2740 1582 2791 veram
1626 2723 1808 2810 fidem
1823 2730 1855 2791 ?
1992 2743 1999 2749 ·

259 2834 335 2900 R.
389 2834 455 2899 1.
520 2829 750 2911 Quoad
818 2832 1050 2899 beatos
1122 2829 1438 2900 dicimus:
1492 2847 1643 2899 cum
1693 2830 1858 2899 fides
1908 2850 1987 2900 ex
2035 2830 2358 2918 Apostolo
2431 2831 2517 2899 sit
2585 2850 2787 2918 arqu-

170 2951 460 3006 memum
505 2957 635 3005 non
677 2939 1138 3026 apparentium,
1188 2937 1254 3006 id
1326 2945 1426 3007 est
1497 2951 1668 3006 certa
1738 2940 2143 3026 apprehensio
2189 2959 2424 3022 eorum,
2474 2958 2614 3024 quae
2658 2957 2788 3005 non

170 3045 489 3124 videntur,
541 3050 612 3111 nt
659 3045 931 3130 exponit
977 3043 1351 3130 Angelicus,
1399 3045 1574 3115 beati
1621 3054 1851 3114 autem
1881 3045 2018 3132 Jam
2052 3047 2219 3132 facie
2248 3045 2333 3113 ad
2361 3045 2590 3132 faciem
2622 3062 2781 3114 con-

174 3152 593 3239 templentur
638 3170 788 3239 quae
857 3171 980 3222 nos
1039 3172 1172 3222 non
1219 3153 1542 3239 videmnS,
1596 3154 1723 3223 nisi
1772 3173 1889 3240 per
1935 3156 2251 3242 speculum
2297 3156 2366 3223 in
2419 3156 2786 3241 condomam,-

177 3266 678 3346 consequenter
724 3266 949 3345 aperta
999 3279 1103 3328 res
1151 3267 1273 3344 est,
1321 3259 1521 3329 fidem
1570 3260 1633 3328 in
1686 3260 1899 3329 beatis
1950 3278 2084 3329 non
2136 3259 2416 3347 reperiri
2468 3259 2519 3329 ².

360 3370 426 3436 2.
474 3366 573 3435 Ad
619 3366 963 3437 damnatos
1013 3368 1194 3454 quod
1239 3367 1498 3451 attinet,
1532 3385 1686 3437 cum
1734 3384 1821 3438 ex
1869 3367 2103 3439 eodem
2132 3369 2457 3455 Apostolo
2493 3366 2660 3437 fides
2698 3365 2786 3436 sit

179 3474 649 3560 sperandarum
692 3475 1041 3542 substantia
1084 3494 1317 3558 reram,
1367 3481 1436 3544 et
1505 3473 1756 3544 donum
1812 3474 1998 3545 valde
2067 3475 2324 3560 insigne
2388 3473 2616 3561 gratiae
2690 3474 2788 3543 di·
2868 3468 2871 3473 ’

180 3581 380 3666 vinae,
427 3598 713 3668 cumque
760 3580 1048 3649 damnati
1093 3582 1272 3650 nulla
1319 3582 1603 3668 amplius
1638 3599 1758 3668 spe
1798 3583 2084 3655 recreari
2119 3582 2381 3669 possint
2428 3583 2498 3651 in
2549 3599 2782 3652 eorum

184 3688 533 3776 suppliciis
583 3688 725 3757 sine
775 3688 920 3758 fide.
951 3687 1305 3772 duraturiS,
1345 3690 1425 3758 iis
1474 3688 1693 3758 divina
1731 3688 1897 3759 fides
1937 3708 2071 3758 non
2105 3689 2443 3777 competit.
2476 3688 2783 3758 —Idem

183 3795 358 3867 valet
405 3795 488 3865 de
524 3795 980 3865 daemonibus:
1032 3795 1155 3864 etsi
1206 3796 1404 3879 enim,
1455 3795 1718 3867 dicente
1763 3798 2034 3881 Jacobo,
2082 3797 2389 3866 doemones
2434 3796 2694 3865 credunt
2727 3806 2785 3864 et

182 3902 708 3981 contremiscunt;
753 3901 897 3971 haec
944 3919 1179 3970 eorum
1226 3900 1392 3971 fides
1444 3922 1574 3972 non
1651 3911 1759 3971 est
1826 3904 2371 3991 supernaturaliS‚
2418 3902 2542 3973 sed
2589 3909 2784 3970 natu-

185 4007 365 4092 raliS‚
415 4015 643 4078 coacta
690 4016 756 4077 et
804 4015 949 4077 orta
997 4026 1079 4077 ex
1125 4007 1451 4079 evidentia
1501 4027 1754 4079 rerum.

367 4117 429 4184 3.
480 4116 711 4198 Quoad
756 4117 1006 4185 animas
1055 4122 1434 4202 purgantes,
1483 4135 1636 4187 cum
1703 4116 1868 4204 ipsae
1917 4115 2214 4186 nondum
2260 4114 2522 4185 videant
2570 4102 2785 4186 Deum

186 4219 349 4304 facie
392 4222 479 4291 ad
518 4224 745 4309 faciem
783 4235 840 4292 et
882 4224 1066 4292 sicuti
1109 4237 1217 4306 est,
1270 4231 1451 4311 patet
1499 4225 1567 4293 in
1616 4224 1699 4292 iis
1751 4223 1969 4293 adhuc.
2011 4222 2213 4293 fidem
2259 4241 2550 4293 manere.

253 4499 274 4539 ¹
311 4512 345 4562 ι,
377 4501 500 4555 cor.
531 4515 646 4557 xm.
680 4530 745 4543 —
786 4506 841 4557 V.
876 4505 1126 4567 Peri-one,
1159 4505 1399 4568 Billnart,
1434 4507 1534 4559 etc.

250 4560 277 4602 ²
306 4566 356 4624 2,
386 4568 417 4618 2
467 4577 503 4631 q
554 4568 605 4626 b,
640 4579 689 4618 a.
726 4571 773 4619 t.
807 4568 902 4621 Sed
930 4569 1181 4631 quomodo
1211 4570 1382 4622 sciunt
1408 4582 1524 4633 qm
1551 4570 1781 4622 nondum
1812 4573 1951 4630 sunt,
1984 4570 2044 4620 at
2095 4571 2255 4621 atara
2277 4569 2615 4629 resurrectio,
2637 4569 2782 4621 altm-

193 4601 555 4739 gvitglggnfflub
579 4629 820 4715 futur-ce?
854 4633 915 4683 R.
950 4632 1300 4684 communius
1331 4628 1527 4685 docent
1557 4631 1829 4696 Theologi‚
1864 4631 2053 4685 heatus
2104 4642 2183 4683 ao
2203 4641 2317 4683 non
2335 4633 2474 4685 scire
2504 4644 2602 4697 per
2622 4630 2784 4684 fidem

375 4700 432 4751 *m
465 4692 622 4744 sicuti
650 4704 775 4755 nos,
807 4695 900 4747 sed
932 4693 1025 4745 illa
1054 4697 1111 4748 ln
1143 4695 1256 4746 Deo
1286 4694 1471 4749 videre
1504 4694 1775 4747 intuttlve.
