3292 5167
1364 208 1441 255 nt:
1488 204 1628 255 rios
2656 187 2786 255 659

185 309 478 396 primum
525 309 1041 396 Inquisitoribus
1089 309 1191 380 vel
1239 298 1590 399 Episcopi}
1639 311 1912 397 (sufficit
1961 311 2159 380 etiam
2214 308 2472 380 tradere
2519 309 2785 380 babenti

186 414 543 500 licentiam,
607 424 809 503 prout
855 416 919 484 in
972 435 1096 485 usu
1147 414 1428 503 est).‘Et
1473 404 1847 485 Alexander
1892 419 2006 488 Vll
2056 418 2223 485 hanc
2274 436 2335 485 n.
2387 419 2473 484 45
2525 415 2789 484 damna-

184 522 278 591 vit
327 524 887 610 propositionem:
920 524 1096 591 Libri
1132 525 1452 612 prohibiti,
1501 525 1690 592 donec
1734 536 2181 611 eaepurqentur,
2225 535 2481 613 possunt
2510 521 2788 591 retineri.

280 630 614 699 Diximus:
668 634 726 698 l.
780 629 1068 714 Tradere,
1121 648 1270 699 nam
1319 631 1474 701 licet
1522 632 1969 701 communiter
2016 649 2050 697 a
2099 649 2379 699 censura
2428 636 2790 700 excusetur

189 738 303 824 qui
354 738 627 807 librum,
661 739 935 807 vetitum
1004 726 1359 823 comburit,
1417 739 1571 826 quia
1619 739 1716 809 sic
1765 747 1979 809 cessat
2030 738 2213 807 illum
2263 739 2541 820 habere:
2612 756 2787 825 prae-

190 854 465 932 ceptum
506 854 607 915 est
647 852 892 930 tamen,
934 853 1004 915 ut
1044 846 1368 916 tradatur:
1419 847 1598 934 quod
1646 846 1916 934 quidem
1963 865 2246 937 semper,
2299 846 2495 914 etiam
2544 845 2788 916 nostris

186 952 373 1022 hisce
420 952 676 1036 diebuS,
727 954 1135 1040 praecipitur,
1183 953 1451 1040 quoties
1501 953 1944 1040 prohibentur
1991 955 2161 1023 libri.
2197 957 2278 1022 Et
2312 954 2590 1035 merito;
2638 970 2789 1022 nam

186 1061 474 1130 maxime
523 1061 820 1145 interest,
870 1060 1053 1148 quod
1099 1062 1481 1148 superiores
1531 1062 1743 1131 sciant
1793 1081 1942 1149 quae
1993 1061 2299 1131 fidelibus
2348 1061 2790 1147 propinentur

186 1186 460 1251 venena,
513 1175 586 1236 ut
633 1169 1002 1238 antidotum
1049 1177 1455 1256 praeparent.

369 1279 430 1343 2.
483 1278 996 1365 Quamprimum:
1045 1285 1354 1345 ceterum·
1393 1276 1674 1345 liberant
1717 1295 1750 1344 a
1790 1277 2048 1346 mortali
2102 1276 2385 1364 ideoque
2419 1294 2453 1344 a
2488 1290 2788 1357 censura,

191 1382 303 1470 qui
338 1383 627 1452 scienter
660 1392 726 1452 et
759 1385 1184 1471 culpabiliter
1232 1403 1365 1453 uno
1415 1384 1516 1453 vel
1565 1384 1775 1454 altero
1825 1385 1931 1453 die
1971 1385 2217 1455 librum
2257 1378 2530 1453 retinet:
2565 1390 2629 1450 et
2662 1382 2789 1449 hoc

189 1491 353 1560 satis
403 1490 870 1577 probabiliter;
921 1490 1072 1579 quia
1122 1489 1318 1559 sicuti
1370 1492 1690 1575 materiae,
1740 1493 1826 1560 ita
1878 1494 2201 1580 temporis
2251 1492 2534 1579 parvitas
2595 1506 2791 1557 excu-

189 1608 314 1668 sat.
361 1601 501 1666 Imo
549 1592 856 1685 ssayman,
907 1598 1270 1685 Pignatelli‚
1306 1600 1600 1668 Sancbez
1636 1608 1702 1667 et
1739 1599 1849 1667 alii
1891 1596 2115 1686 plure's
2152 1599 2327 1687 apud
2364 1596 2559 1666 Croix
2595 1613 2790 1664 excu-

191 1712 339 1775 sant
374 1706 645 1775 omnino
688 1705 799 1792 qui
837 1706 1081 1774 librum
1122 1707 1366 1775 retinet
1397 1707 1595 1774 etiam
1634 1706 1919 1793 longiori
1962 1715 2279 1794 tempore,
2314 1723 2553 1792 nempe
2590 1720 2788 1789 expe-

192 1820 379 1883 ctans
428 1820 875 1899 opportunam
923 1811 1344 1881 occasionem
1405 1813 1486 1879 ad
1558 1813 1744 1880 illum
1817 1812 2210 1882 tradendum
2280 1811 2635 1898 superiori,
2688 1809 2785 1878 vel

192 1922 305 1989 alii
354 1921 621 1990 habenti
673 1920 1028 1989 licentiam.
1074 1923 1221 1989 Non
1271 1927 1487 1988 tamen
1539 1928 1899 1990 excusatur
1954 1940 2169 2008 neque
2218 1920 2332 2007 qui
2381 1921 2626 1989 librum
2682 1936 2786 1987 re·

192 2030 359 2098 tinet
408 2029 605 2098 etiam
653 2029 867 2096 alieno
921 2026 1209 2110 nomine,
1260 2047 1314 2095 v.
1366 2046 1423 2113 g.
1501 2027 1567 2095 in
1619 2027 1942 2114 deposito,
1993 2036 2225 2096 mutuo
2300 2033 2413 2095 aut
2487 2026 2784 2113 pignore,

194 2137 348 2224 quia
396 2135 478 2205 de
524 2136 698 2204 facto
748 2135 1034 2214 retinet;
1080 2153 1297 2221 neque
1331 2134 1444 2221 qui
1485 2135 1730 2203 librum
1773 2136 1883 2203 dat
1932 2135 2122 2204 alteri
2162 2132 2601 2216 retinendum,
2636 2147 2788 2200 cum

189 2245 409 2331 possit
454 2244 728 2312 arbitrio
778 2262 900 2311 suo
950 2242 1137 2309 illum
1186 2248 1509 2328 repetere.
1559 2243 1805 2329 Excipe
1853 2243 1907 2311 si
1956 2243 2328 2329 deponeret
2376 2240 2550 2328 apud
2614 2256 2787 2321 eum,

193 2350 306 2437 qui
357 2351 554 2420 babet
603 2349 937 2420 licentiam
986 2366 1139 2417 cum
1171 2354 1365 2434 pacto
1401 2367 1720 2435 expresso
1757 2369 1890 2419 non
1926 2349 2294 2437 repetendi,
2332 2347 2458 2417 nisi
2494 2347 2591 2415 vel
2636 2351 2789 2431 post

191 2458 343 2529 libri
394 2458 938 2545 expurgationem
991 2456 1091 2525 vel
1138 2465 1293 2543 post
1342 2456 1677 2526 licentiam
1724 2457 2182 2545 impetratam:
2256 2448 2623 2524 bunc'non
2678 2451 2788 2519 da·

191 2584 512 2649 mnarem,
550 2566 640 2633 ait
678 2584 730 2634 s,
765 2565 1177 2651 Alphonsus;
1229 2571 1387 2632 tunc
1426 2563 1600 2632 enim
1637 2583 1861 2633 revera
1910 2584 1981 2634 se
2028 2565 2314 2652 expoliat
2364 2560 2789 2649 possessione

193 2685 262 2746 et
309 2676 458 2745 libri
507 2675 911 2761 proprietate
959 2673 1396 2760 quoadusque
1443 2670 1664 2741 debita
1704 2670 1968 2742 licentia
2017 2674 2214 2742 fuerit
2247 2671 2531 2741 donatus
2575 2672 2594 2713 ¹
2646 2669 2785 2754 (K).

270 2822 372 2885 An
409 2820 749 2899 .(quaeres)
792 2817 949 2882 libri
990 2815 1299 2897 prohibiti
1354 2818 1487 2879 sint
1527 2817 1775 2879 domino
1818 2818 2153 2894 reddendi,
2197 2818 2256 2880 si
2298 2834 2396 2880 eoa
2464 2815 2790 2878 retinendi

191 2901 567 2982 facultatem
608 2918 729 2963 non
774 2895 1023 2974 habeat,
1070 2915 1223 2960 casu
1267 2914 1385 2978 quo
1423 2897 1562 2959 illos
1646 2902 1843 2961 etat?

275 2981 346 3043 R.
375 2981 697 3059 Negative‚
728 2996 809 3042 ne
832 2979 1021 3045 detur
1058 2980 1303 3041 occasio
1336 2986 1582 3056 trasgre
1638 2979 1813 3041 iendi
1853 2977 2094 3059 legem:
2132 2979 2355 3057 excipe
2380 2980 2431 3039 si
2461 2981 2789 3056 nequeant

196 3062 504 3142 denegari
549 3065 689 3123 sine
719 3061 897 3139 gravi
928 3059 1351 3133 incommodo,
1384 3067 1454 3121 ut
1488 3061 1539 3120 si
1576 3060 1727 3121 inde
1760 3061 1941 3137 rixae,
1972 3058 2411 3139 blasphemiae,
2456 3058 2622 3132 liteS‚
2645 3066 2789 3131 etc.;

196 3154 350 3206 tunc
388 3146 520 3220 ipse
556 3141 852 3203 dominus
896 3140 1127 3203 videat.
1173 3140 1469 3202 Attamen
1517 3138 1677 3202 levis
1722 3142 2125 3203 contristatio
2172 3139 2273 3201 vel
2326 3140 2518 3200 timor
2565 3135 2789 3198 dissol-

192 3222 422 3286 vendae
466 3223 766 3285 amicitiae
812 3237 940 3283 non
986 3230 1283 3283 censetur
1329 3220 1492 3281 ratio
1523 3218 1602 3283 de
1637 3237 1706 3284 se
1736 3221 2081 3297 sufficiens,
2113 3219 2341 3283 saltem
2384 3218 2790 3299 plerumque,

191 3318 428 3386 pravos
474 3302 670 3365 libros
712 3304 917 3365 amico
963 3300 1300 3364 reddendi.
1351 3298 1551 3379 Gur-y.

336 3542 668 3610 Scnotiou.
699 3580 789 3591 —
825 3545 922 3609 De
962 3542 1138 3610 Fidei
1182 3540 1637 3628 impedimentis
1680 3538 2042 3625 aenei-atim,
2092 3558 2168 3606 ac
2212 3538 2285 3606 de
2321 3539 2630 3627 peculiari

440 3652 509 3754 iii
554 3687 747 3754 Icaria
766 3711 792 3765 ,·
832 3685 905 3754 de
950 3686 1030 3754 iis
1075 3684 1476 3752 eliminandis
1517 3689 1545 3733 ²
1569 3709 1596 3762 ,·
1638 3703 1715 3750 ac
1757 3683 1960 3751 studio
1999 3682 2143 3770 fidei
2186 3682 2542 3773 ditatam.

159 3957 165 3979 1
274 3916 475 3979 nan.
518 3917 583 3990 Q.
629 3917 681 3979 1.
721 3915 1015 3991 Quaenam
1056 3920 1209 3976 sunt
1246 3914 1395 3993 fidei
1436 3914 1885 3992 impedimenta
1921 3915 2320 3995 qeneratim?

278 3997 350 4060 R.
392 3997 571 4060 Fidei
615 3996 1070 4076 impedimenta
1118 3995 1370 4057 diversa
1417 4010 1674 4074 semper
1718 3996 1904 4059 fuere
1950 4011 2066 4074 pro
2119 3995 2494 4061 diversitate
2559 4003 2792 4072 tempo·

194 4095 386 4155 rum,
429 4088 499 4142 ut
540 4087 714 4158 patet
767 4093 847 4139 ex
893 4076 1158 4138 historia
1205 4073 1682 4138 ecclesiastica:
1751 4076 1903 4138 licet
1946 4075 2127 4138 enim
2179 4073 2331 4137 fidei
2378 4075 2580 4137 hostis
2626 4089 2788 4137 unus

195 4161 284 4223 sit
326 4174 578 4239 semper
620 4166 684 4220 et
727 4156 917 4235 idem,
959 4155 1263 4234 Princeps
1311 4157 1765 4219 tenebrarum:
1814 4170 1943 4217 non
1979 4171 2106 4221 una
2136 4162 2352 4218 tamen
2399 4169 2517 4217 nec
2562 4155 2788 4217 eadem

197 4256 453 4320 semper
496 4248 646 4302 sunt
679 4253 877 4313 arma,
919 4237 1150 4318 quibus
1192 4236 1413 4300 utitur.
1457 4233 1761 4309 Quaenam
1803 4244 2020 4303 autem
2058 4232 2386 4327 'praecipua
2412 4236 2563 4312 sint,
2599 4245 2788 4299 aetate

261 4466 281 4506 ¹
324 4465 381 4514 V.
418 4463 647 4523 Lioeuori,
681 4462 770 4525 Op.
809 4462 962 4521 Mor„
998 4462 1031 4511 l.
1069 4471 1160 4521 vn,
1196 4470 1287 4509 nn.
1340 4460 1453 4523 295,
1488 4460 1599 4516 297,
1637 4457 1749 4508 etc.

262 4528 289 4569 ἱ
328 4528 381 4578 V.
415 4529 636 4586 Franco,
670 4526 893 4587 Risposte
924 4523 1063 4574 brevi
1093 4535 1121 4572 e
1149 4521 1404 4584 familiari
1436 4520 1537 4571 alle
1568 4519 1820 4582 objezioni
1846 4518 1942 4581 pito
1977 4530 2154 4581 sparse
2184 4522 2363 4571 contro
2398 4520 2452 4570 la
2483 4520 2741 4581 Retiyione
2760 4529 2787 4576 ,·

194 4616 264 4629 —·
298 4590 554 4650 Mar-tinet,
589 4589 781 4649 Sveqtia
812 4587 892 4637 det
919 4588 1103 4649 popolo
1119 4598 1143 4644 ,·
1174 4584 1442 4636 sotuzione
1473 4585 1528 4635 di
1557 4582 1747 4645 prandi
1774 4582 2029 4654 problema·
2043 4595 2070 4642 ,·
2096 4608 2167 4639 ‚-
2197 4582 2449 4646 Brigantl,
2486 4582 2615 4657 pati
2655 4580 2792 4631 nella

200 4656 401 4714 (thina,
435 4653 547 4702 loro
579 4651 793 4712 oriaine,
825 4651 979 4713 effecti
1012 4662 1039 4700 e
1070 4646 1298 4708 rimedi,·
1331 4647 1602 4710 riuessioni
1636 4644 1841 4695 morati.
1894 4645 2111 4708 Tot-ino,
2150 4646 2289 4698 1868.
