3292 5167
1227 188 1306 234 nn
1352 185 1801 234 commortuus
2033 162 2038 167 ⁵
2684 167 2814 234 337·

222 288 557 376 Pontifici-s,
579 289 637 356 si
664 288 1016 357 intercedat.
1053 291 1147 357 lta
1176 289 1451 359 totidem
1501 291 1717 361 verbis
1754 290 2001 376 pluries
2037 290 2442 361 declaratum
2475 299 2576 361 est
2610 309 2646 359 a
2684 295 2815 362 Ro-

227 393 434 463 manis
484 396 1143 482 congregationibus,
1197 397 1633 483 probantibus
1684 397 2119 468 Pontificibus
2170 400 2192 443 ¹
2248 400 2369 485 (S).

760 680 914 746 An‘r.
958 680 1062 748 VI.
1090 626 1200 727 ·—
1243 683 1335 747 De
1378 679 1712 749 donatione
1756 693 1813 748 et
1850 681 2284 769 promissione.

311 887 513 951 40⁷.
566 888 636 968 Q.
689 890 745 954 1.
797 887 961 968 Quid
1003 900 1089 955 est
1136 889 1386 957 donatio
1432 902 1488 957 et
1533 881 1923 978 quotuplex?

312 992 380 1059 R.
435 992 537 1060 Ad
579 996 649 1061 1:
704 996 986 1063 Donatio
1048 994 1225 1064 idem
1284 1003 1478 1065 sonat
1533 1016 1610 1066 ac
1666 998 1814 1066 doni
1867 998 2084 1082 datio,
2137 1005 2202 1068 et
2250 1007 2474 1087 potest
2519 1000 2817 1069 definiri:

233 1100 571 1169 liberalitas
614 1103 683 1168 in
727 1103 995 1170 alterum
1041 1104 1269 1171 collata
1314 1117 1369 1171 et
1413 1118 1730 1192 acceptata
1745 1131 1772 1185 ;
1816 1124 1936 1174 seu
1983 1120 2162 1174 actus
2207 1121 2563 1193 spontaneae
2595 1109 2817 1175 libera-

235 1207 423 1275 litatis
468 1228 590 1294 quo
635 1211 776 1295 quis
820 1213 1150 1278 actua-liter
1178 1224 1234 1278 et
1262 1214 1748 1280 irrevocabiliter
1791 1214 2092 1299 transfert
2141 1214 2486 1283 dominium
2539 1217 2633 1284 rei
2692 1236 2824 1284 suae

232 1315 296 1379 in
337 1315 608 1382 alterum
651 1316 761 1401 qni
790 1324 1092 1405 acceptat.
1143 1319 1263 1400 Qui
1313 1320 1514 1388 donat
1561 1319 1804 1388 dicitur
1849 1322 2115 1388 donator
2128 1348 2153 1401 ,·
2198 1322 2290 1390 illi
2341 1323 2446 1390 cui
2494 1323 2820 1406 donatur,

231 1420 623 1489 donatarius.
673 1458 764 1472 —-
810 1424 1096 1492 Donatio
1145 1433 1365 1493 autem
1414 1427 1702 1513 perfecta
1751 1434 1872 1510 est,
1906 1434 1972 1496 et
2003 1428 2095 1495 rei
2144 1427 2404 1497 donatae
2455 1431 2823 1516 proprietas

234 1527 566 1611 translata,
615 1529 738 1597 etsi
791 1529 1090 1598 nondum
1142 1531 1398 1615 tradita,
1451 1533 1654 1600 semel
1705 1550 1778 1600 ac
1828 1541 1930 1601 est
1978 1541 2315 1620 acceptata
2363 1553 2398 1601 a
2447 1534 2819 1605 donatario:

238 1632 316 1702 ad
369 1653 570 1720 quam
619 1635 884 1720 quidem
932 1631 1460 1725 acceptationem
1511 1639 1633 1708 etsi
1685 1641 1829 1725 lege
1877 1641 2157 1727 positiva
2207 1643 2571 1727 generatim
2622 1644 2817 1712 verba

237 1758 545 1826 expressa
596 1743 1056 1828 requirantur,
1116 1764 1246 1813 non
1299 1754 1515 1815 tamen
1563 1746 1646 1816 de
1694 1747 1794 1815 sui
1847 1755 2107 1830 natura;
2164 1749 2477 1834 praesenti
2527 1750 2704 1818 enim
2757 1757 2824 1819 et

236 1851 469 1918 tacenti
519 1852 707 1934 facta,
758 1865 1069 1922 censetur
1100 1857 1181 1924 ab
1220 1855 1456 1923 eodem
1506 1863 1840 1942 acceptata
1855 1882 1873 1938 3
1927 1875 2074 1924 nam
2111 1856 2176 1924 in
2214 1857 2680 1926 favorabilibus
2716 1858 2825 1944 qui

235 1969 381 2024 tacet
427 1960 776 2026 consentire
821 1973 1101 2028 censetur
1148 1968 1212 2031 et
1260 1969 1622 2048 acceptare.
1674 1965 1831 2031 Haec
1882 1972 2098 2031 tamen
2148 1964 2512 2049 acceptatio
2562 1964 2821 2049 exlege

237 2062 398 2130 civili
447 2064 592 2133 fieri
639 2066 837 2134 debet
886 2068 982 2135 vel
1029 2067 1096 2135 in
1146 2069 1292 2154 ipso
1343 2070 1724 2138 authentico
1775 2069 2154 2140 donationis
2194 2078 2387 2154 actu,
2441 2072 2539 2140 vel
2591 2081 2820 2157 postea

237 2170 358 2240 alio
403 2180 556 2240 actu
605 2174 1004 2257 authentico,
1055 2181 1119 2240 at
1165 2183 1317 2244 ante
1365 2175 1674 2244 donantis
1726 2185 2032 2244 mortem.

326 2280 394 2347 R.
451 2280 549 2348 Ad
613 2283 691 2348 2:
747 2280 1092 2365 Multipiex
1147 2300 1181 2348 a
1238 2266 1503 2350 Juris‘tis
1558 2282 1990 2367 distinguitur
2043 2281 2334 2351 donatio.
2383 2286 2499 2350 Est
2547 2283 2823 2352 donatio

242 2389 399 2454 inter
422 2389 618 2471 vivos,
649 2407 809 2475 quac
826 2387 900 2454 fit
933 2389 1184 2474 absque
1218 2389 1348 2457 ulla
1376 2390 1935 2477 contemptatione
1985 2391 2426 2472 mortalitatiS‚
2454 2397 2520 2459 et
2544 2390 2828 2460 donator

247 2494 372 2561 vult
430 2513 569 2564 rem
626 2494 803 2563 dono
863 2495 1169 2563 traditam
1224 2496 1355 2564 cito
1412 2496 1555 2565 fieri
1604 2497 1941 2583 propriam
1992 2496 2336 2566 donatarii.
2387 2500 2504 2564 Est
2550 2497 2820 2566 donatio

239 2620 424 2668 causa
466 2604 708 2686 mortis,
753 2609 817 2671 et
864 2602 938 2669 fit
985 2603 1545 2688 contemplatione
1593 2613 1657 2672 et
1695 2605 1941 2672 intuitu
1975 2605 2230 2686 mortis,
2268 2610 2334 2671 et
2368 2602 2650 2671 donator
2688 2605 2825 2671 vult

241 2726 375 2776 rem
424 2709 602 2778 dono
649 2708 1004 2778 indicatam
1052 2727 1183 2777 non
1234 2709 1373 2778 fieri
1427 2712 1762 2797 propriam
1810 2710 2155 2794 donatarii,
2193 2710 2313 2778 nisi
2357 2718 2508 2796 post
2541 2717 2825 2779 mortem

241 2833 454 2883 suam:
512 2816 655 2884 baec
710 2816 882 2901 apud
947 2834 1067 2883 nos
1125 2816 1270 2883 solo
1329 2823 1723 2885 testamento
1781 2816 1922 2885 fieri
1991 2823 2243 2904 potest;
2298 2815 2473 2885 unde
2524 2835 2556 2882 a
2608 2817 2823 2902 iegato

244 2941 370 2991 non
426 2922 710 3009 amplius
759 2922 1207 3009 distinguitur.
1258 2925 1376 2991 Est
1422 2923 1692 2992 donatio
1740 2944 1906 2991 mere
1948 2925 2275 3009 yratuita,
2325 2942 2474 3010 quae
2524 2924 2827 3010 procedit

246 3048 278 3096 a
345 3030 487 3097 sola
555 3030 864 3098 donantis
936 3030 1370 3099 liberalitate:
1427 3030 1699 3099 donatio
1745 3033 2244 3097 remuneratoria
2290 3048 2439 3116 quae
2490 3031 2703 3099 oritur
2747 3052 2829 3101 ex

243 3137 432 3203 animi
496 3135 894 3222 gratitudine
961 3138 1045 3205 ob
1094 3146 1438 3222 acceptum
1488 3137 1886 3206 beneficium
1937 3137 2034 3204 vel
2083 3137 2520 3224 obsequium3
2575 3137 2827 3207 donatio

244 3262 538 3327 onerosa,
604 3245 754 3331 quae
820 3243 1069 3330 aliquid
1124 3244 1346 3313 oneris
1399 3244 1701 3311 includit.
1760 3248 1920 3325 Quae
1978 3236 2210 3312 omnes
2258 3245 2516 3330 species
2566 3246 2632 3313 in
2674 3246 2826 3331 jure

248 3351 364 3421 sub
412 3351 645 3419 eodem
697 3350 1075 3419 donationis
1127 3352 1393 3420 nomine
1442 3351 1731 3435 veniunt,
1781 3352 1903 3419 etsi
1953 3369 2086 3419 non
2134 3353 2564 3438 praeseferant
2595 3370 2827 3421 omnes

148 3455 153 3460 ’
247 3475 406 3526 verae
452 3457 826 3526 donationis
874 3460 1314 3545 proprietates
1364 3458 1414 3527 ⁸.

318 3599 550 3745 ⁴8⁸8}
567 3600 731 3743 992.
775 3599 876 3663 An
918 3602 1172 3664 donatio
1214 3608 1362 3664 ante
1404 3599 1894 3680 acceptationem
1927 3599 2017 3661 sit
2057 3599 2292 3676 valida,
2321 3598 2561 3680 in‘foro
2605 3598 2828 3664 saltem

244 3696 519 3743 oonsczen
557 3697 630 3743 ιω

319 3760 386 3823 R.
428 3761 772 3841 Negative:
804 3760 1065 3823 donatio
1109 3769 1259 3823 ante
1294 3762 1794 3840 acceptationem
1843 3775 1970 3821 non
2009 3768 2104 3821 est
2149 3758 2395 3834 valida3
2434 3776 2621 3825 nemo
2651 3763 2826 3824 enim

248 3851 447 3918 potest
489 3846 825 3923 acquirere
865 3842 970 3921 jus
1015 3858 1078 3901 in
1126 3857 1229 3903 res
1270 3840 1535 3917 alienas,
1578 3845 1733 3919 quin
1783 3841 1958 3918 prius
2002 3842 2382 3903 consentiat.
2419 3840 2581 3901 Hinc
2627 3841 2822 3904 dona-

249 3926 461 3997 tarius,
503 3925 564 3986 si
605 3925 808 3985 nescit
845 3939 994 3994 rem,
1039 3937 1174 3999 qnoe
1215 3921 1382 4000 apud
1423 3939 1487 3984 se
1528 3928 1642 3996 est,
1688 3918 1816 3983 sibi
1857 3937 1986 3982 esse
2043 3920 2402 3984 donatam...
2446 3920 2690 3984 donatoe
2731 3923 2830 3985 rei

251 4002 529 4066 dominus
559 4020 679 4065 non
711 4003 787 4082 fit
810 4001 860 4077 ⁸,
892 4011 957 4063 et
987 4001 1249 4063 donatio
1282 4011 1429 4064 ante
1458 4004 1959 4081 acceptationem
1992 4017 2297 4065 revocare
2337 4010 2542 4081 potest
2568 4004 2819 4065 etiamsi

302 4189 321 4227 1
356 4188 406 4240 S.
442 4188 592 4241 Sedis
623 4190 843 4240 Decreta
874 4187 1156 4238 videantur
1189 4186 1348 4237 simul
1380 4186 1598 4237 coitecta
1629 4188 1683 4238 et
1705 4188 1918 4250 propria
1946 4188 2344 4240 authenticitate
2375 4187 2571 4239 donata
2605 4188 2658 4239 in
2689 4190 2826 4253 Opu-

245 4252 389 4302 scuto
421 4251 642 4302 Taurini
673 4252 815 4303 edito
847 4261 976 4300 cura
1010 4249 1150 4299 iltius
1184 4249 1525 4310 Metropolitae
1557 4252 1588 4300 5
1618 4249 1748 4301 tebr.
1785 4252 1926 4312 ¹833,
1959 4252 2048 4302 cui
2083 4253 2158 4300 tit.
2186 4249 2384 4322 δαμείω
2405 4251 2709 4322 Apostolicoe
2742 4251 2825 4303 Se·

247 4313 315 4363 dis
345 4326 427 4364 res
495 4326 588 4367 nsa
617 4318 757 4365 circa
787 4315 989 4385 lucrum
1022 4325 1088 4360 ex
1120 4316 1299 4362 mutuo
1330 4311 1395 4361 ab
1416 4321 1554 4362 avano
1588 4313 1711 4363 1822
1742 4313 1812 4363 ad
1840 4313 1966 4372 febr.
2011 4313 2150 4363 ¹833.
2204 4311 2365 4376 Tipys
2396 4313 2633 4365 Marietti.
2673 4339 2733 4352 -
2761 4314 2823 4367 it.

247 4374 1192 4501 affluent?ffibsscg'tnssggfssrq—Tgfofi.
1224 4437 1318 4485 cim
1350 4434 1474 4496 943;
1523 4458 1588 4471 -
1621 4434 1676 4484 C.
1716 4435 1773 4486 G.
1810 4437 1898 4487 83¹
1937 4437 1988 4484 et
2018 4434 2145 4494 894;
2195 4459 2259 4472 -
2289 4436 2362 4507 gc.
2399 4436 2459 4509 S..
2486 4438 2580 4489 814
2612 4441 2664 4489 et
2694 4441 2821 4501 515;

246 4524 303 4536 -
335 4500 388 4552 C.
422 4501 477 4550 P.
514 4503 637 4551 1886
668 4503 720 4551 et
756 4502 905 4562 18903
940 4524 1001 4537 -
1035 4498 1089 4550 C.
1126 4498 1197 4549 M.
1224 4499 1346 4549 1859
1376 4496 1431 4547 et
1461 4499 1610 4559 18623
1638 4522 1704 4535 -
1738 4498 1791 4549 C.
1834 4498 1885 4547 T.
1921 4499 2031 4549 967.
2063 4520 2125 4532 -
2161 4496 2214 4545 V.
2252 4498 2481 4561 Liguori,
2509 4500 2643 4562 Opas
2665 4501 2823 4563 Mor„

250 4561 278 4613 ι
307 4566 639 4688 {iamsi-sii·
674 4626 733 4676 39
770 4624 838 4674 De
869 4623 1068 4685 donat„
1098 4622 1133 4672 1.
1170 4632 1224 4671 x.
1258 4647 1322 4659 —
1361 4620 1416 4671 V.
1452 4620 1686 4672 Ferraria
1705 4632 1718 4684 ;
1758 4621 1834 4713 VJ*
1860 4604 2164 4671 Contractus
2192 4618 2493 4673 donationis.
