3292 5167
1184 257 1261 302 nn
1304 256 1659 312 :numnam
2640 233 2723 299 67

185 375 384 436 condus
421 361 591 448 facit,
643 360 734 428 ait
780 358 1173 445 Angeliou8‚
1222 360 1457 446 duplex
1485 371 1574 427 est
1617 360 1950 446 obligatio.-
1976 380 2107 428 una
2143 359 2385 446 quidem
2418 379 2544 445 qua
2575 358 2727 425 obli-

189 484 334 562 qatur
371 467 619 549 homini,
668 467 771 534 cui
815 466 1056 552 aliquid
1100 468 1447 555 promittit,
1497 479 1554 534 et
1599 467 1747 534 talis
1793 467 2085 552 obliqatio
2145 467 2387 534 tollitur
2425 484 2541 552 per
2586 483 2725 533 coa-

185 581 430 658 aionon»,
471 594 590 660 quo
639 575 746 642 ille
787 576 896 660 qui
941 576 1070 642 vim
1116 575 1369 658 intulit,
1421 576 1535 643 hoc
1579 586 1895 656 meretur,
1945 586 2014 641 ut
2058 574 2115 640 ei
2167 575 2553 661 promissum
2597 592 2726 640 non

180 696 445 763 servam
486 684 622 749 alia
667 693 877 750 autem
941 694 1031 749 est
1074 682 1366 769 obligatio
1393 735 1410 765 ,
1458 701 1586 768 qua
1628 682 1771 768 quis
1815 679 1943 750 Deo
1990 681 2318 767 obliqotur,
2370 693 2439 748 ut
2475 681 2728 766 impleat

142 793 309 882 'quod
336 810 446 877 per
488 792 735 858 Nomen
779 792 913 877 ejus
949 790 1286 877 promisit,
1334 801 1389 858 et
1435 791 1583 858 talis
1628 789 1925 876 obliyotio
1992 809 2121 856 non
2188 790 2430 856 tollitur
2475 789 2543 855 in
2587 788 2725 872 foro

177 899 541 977 eonscientioe3
585 900 739 985 quia
783 899 988 984 maqis
1033 899 1200 966 debet
1246 898 1549 966 wmnum
1593 898 1930 985 temporale
1960 897 2282 978 sustinere,
2322 915 2512 981 quam
2547 897 2727 982 jura-

173 1017 401 1075 mmm
442 1006 701 1074 violare.
751 1009 953 1074 Potest
997 1017 1207 1073 tomen
1248 1019 1519 1093 repetere
1563 1006 1632 1072 in
1670 1006 1912 1091 judicio
1957 1004 2121 1091 quod
2163 1005 2368 1087 solvit,
2414 1003 2509 1069 vel
2557 1002 2727 1069 Proe-

174 1116 272 1182 loto
310 1114 701 1196 denunciare,
744 1134 873 1181 non
918 1115 1190 1181 obstante
1235 1113 1400 1199 quod
1426 1113 1818 1181 eontrarium
1852 1113 2131 1199 juravit;
2173 1112 2496 1208 quia0tale
2531 1111 2725 1197 jura—

173 1231 400 1287 mentum
442 1232 720 1304 vomeret
765 1221 835 1287 in
879 1220 1244 1288 deteriorem
1277 1222 1537 1301 emitum,
1584 1231 1740 1286 esset
1784 1220 1952 1286 enim
1990 1231 2208 1286 contro
2243 1219 2560 1306 justitiam
2598 1237 2724 1304 pu-

178 1329 360 1395 biicum
390 1326 437 1394 ¹.
484 1330 569 1395 Et
615 1328 986 1395 Alexander
1032 1329 1119 1395 111
1166 1328 1248 1396 de
1288 1329 1668 1414 juramento
1720 1327 1999 1411 loquens
2047 1334 2228 1394 metu
2287 1331 2549 1394 extorto
2601 1325 2725 1392 ait:

173 1438 287 1504 Non
314 1447 391 1502 est
432 1447 636 1503 tutum
679 1437 1002 1521 quemlibet
1045 1446 1265 1503 contra
1297 1438 1733 1524 juramentum
1779 1453 1963 1501 suum
1998 1435 2208 1502 venire
2231 1487 2247 1517 ‚
2281 1435 2408 1502 nisi
2465 1435 2588 1500 tole
2623 1434 2723 1514 sit,

174 1556 227 1610 ut
260 1555 553 1610 servatum
602 1558 816 1630 verqat
864 1546 935 1613 in
980 1546 1305 1613 interitum·
1340 1545 1560 1612 salutis
1600 1557 1851 1612 oeternae
1869 1540 1919 1613 ².

241 1647 374 1710 ’ἓ-
423 1652 493 1732 Q.
542 1653 604 1718 3.
658 1653 977 1732 Quomodo·
1006 1655 1444 1741 juramentum
1487 1654 1900 1739 extinyuitun
1950 1665 2007 1720 et
2050 1658 2287 1720 cessat?

243 1760 305 1827 R.
337 1761 786 1827 loramentum
834 1760 914 1829 iis
965 1761 1173 1829 ferme
1206 1760 1425 1829 modis
1474 1768 1709 1841 cessat,
1761 1761 2005 1847 quibus
2055 1768 2302 1828 votum.
2349 1760 2635 1843 Nempe:

324 1869 376 1933 1.
422 1868 773 1935 Gessatione
818 1883 1026 1935 caicsae
1069 1868 1316 1955 ftumin
1372 1885 1522 1936 nam
1561 1868 1706 1936 sine
1766 1885 1964 1937 eausa
2021 1886 2154 1936 non
2218 1866 2525 1935 subsistit
2574 1863 2726 1933 effe-

172 1981 326 2041 etus:
367 1973 457 2040 uti
504 1974 582 2056 si,
633 1993 689 2041 v.
740 1993 834 2060 g.:
885 1974 1034 2062 quis
1076 1974 1412 2061 juraverit,
1459 1992 1532 2043 se
1596 1974 1985 2060 puniturum
2033 1991 2185 2044 esse
2242 1972 2555 2055 discolos,
2605 1970 2722 2039 sed

172 2078 259 2147 isti
301 2079 740 2152 emendentur.
1294 2137 1302 2150 ,

314 2189 373 2253 2.
415 2191 762 2256 Mutatione
804 2189 1100 2268 notabili:
1148 2206 1297 2257 nam
1345 2189 1495 2257 talis
1545 2189 1823 2258 mutatio
1897 2188 2074 2256 aliud
2132 2188 2286 2257 facit
2342 2188 2721 2274 objectum,

179 2292 240 2360 ad
277 2294 450 2380 quod
489 2296 776 2380 jurantis
824 2298 1105 2366 intentio
1155 2315 1285 2366 non
1335 2315 1408 2366 se
1455 2298 1772 2367 extendit.
1823 2299 1989 2367 Hine
2047 2301 2178 2367 no'n
2252 2297 2581 2382 obligatur
2621 2296 2724 2380 ju-

178 2410 433 2470 ramento
481 2405 593 2489 qui
637 2405 891 2491 juratas
941 2407 1247 2491 promisit
1296 2407 1560 2492 nuptias
1611 2407 1850 2492 pueilae
1900 2407 2126 2488 diviti,
2175 2423 2400 2486 sanae,
2466 2402 2721 2489 virgini,

174 2506 333 2577 bonae
378 2509 562 2578 famae
596 2564 614 2592 ‚
666 2513 718 2579 si
768 2510 887 2580 has
932 2512 1125 2581 dotes
1173 2513 1447 2580 amittat.
1526 2515 1696 2581 ltem
1752 2530 1885 2582 non
1949 2520 2179 2599 peceat
2227 2512 2339 2598 qui
2389 2513 2721 2579 seoretum

168 2613 419 2700 juratum
465 2617 733 2704 detegit,
782 2619 839 2687 si
889 2637 1022 2687 non
1065 2626 1286 2706 potest
1334 2619 1493 2688 illud
1543 2638 1807 2689 servare
1863 2621 2006 2689 sine
2049 2620 2225 2705 gravi
2274 2638 2418 2700 sue,
2469 2617 2566 2685 vel
2619 2616 2717 2683 al-

173 2723 345 2790 terius
388 2724 627 2793 damno
643 2751 662 2807 3
714 2725 867 2811 quia
913 2727 1055 2812 ipsa
1105 2727 1462 2813 promissio
1511 2728 1748 2796 secreti
1800 2727 2047 2813 obligat
2083 2734 2339 2795 tantum
2387 2726 2510 2795 sub
2561 2742 2718 2792 con-

173 2829 401 2913 ditione,
446 2833 576 2900 nisi
617 2833 899 2918 oraviter
940 2846 1192 2901 noceat:
1243 2834 1369 2903 nisi
1403 2842 1634 2919 agatur
1681 2834 1762 2902 de
1810 2841 2069 2902 secreto
2099 2832 2412 2926 ,consiliu
2437 2829 2617 2918 quod
2653 2815 2724 2896 in'
2777 2833 2786 2842 '

174 2939 314 3006 omni
360 2958 517 3007 casu
567 2940 655 3009 ob
704 2941 1045 3026 pubiicum
1092 2943 1346 3012 honum
1394 2942 1662 3029 expedit
1711 2943 2084 3011 observare.
2447 2945 2451 2952 '

315 3047 370 3113 3.
417 3047 804 3131 Irritotione‚
856 3066 1005 3135 quae
1055 3049 1127 3118 fit
1177 3067 1212 3116 a
1261 3048 1562 3137 quolibet
1609 3048 2023 3118 dominatum
2070 3046 2355 3115 habente
2403 3046 2468 3113 in
2504 3046 2727 3132 juran-

174 3158 312 3233 tem;
357 3160 422 3221 et
471 3155 626 3223 iicet
675 3163 905 3242 agatur
953 3156 1035 3225 de
1091 3157 1563 3240 contractibus,
1616 3158 1670 3225 si
1721 3157 1803 3226 ab
1853 3155 2088 3225 eodem
2139 3154 2398 3242 possint
2459 3153 2723 3222 irritari.

312 3264 367 3327 4.
420 3265 947 3347 commutatione,
997 3265 1097 3334 vei
1159 3258 1654 3352 dispensatione‚‘
1684 3283 1835 3351 quae
1886 3264 2151 3350 quidem
2200 3263 2439 3330 dantur
2486 3261 2566 3330 ab
2614 3262 2726 3328 ha-

174 3365 334 3437 bente
369 3370 907 3455 jurisdictionem
953 3372 1020 3439 in
1070 3379 1346 3442 externo
1394 3373 1539 3442 foro
1574 3378 1625 3442 ³.

240 3478 370 3542 08.
422 3479 495 3558 Q.
545 3481 607 3545 4.
662 3479 1127 3560 Quomodonam
1158 3482 1592 3567 juramentum
1636 3480 2172 3569 interpretandum
2215 3486 2349 3548 est?

245 3582 305 3649 R.
345 3585 804 3653 Juramentum
851 3587 1422 3673 interpretandum
1472 3595 1573 3656 est
1642 3588 2009 3657 seeundum
2059 3587 2239 3674 quod
2299 3595 2401 3655 est
2449 3605 2578 3654 usu
2625 3603 2724 3653 re·

178 3697 444 3774 ceptum3
493 3694 590 3764 sic
640 3694 815 3762 enim
865 3701 1045 3764 recte
1092 3696 1384 3764 ereditur
1429 3714 1578 3765 esse
1625 3715 1815 3766 mens
1870 3697 2174 3783 iurantis.
2222 3698 2387 3765 Item
2437 3696 2501 3762 in
2551 3694 2725 3761 favo-

178 3811 287 3864 rem
326 3797 523 3881 iiliuS‚
573 3802 685 3887 qui
736 3800 899 3870 iliud
948 3803 1200 3872 emisit:
1252 3822 1403 3872 eum
1450 3804 1537 3872 sit
1584 3804 1919 3872 vincutum
1992 3803 2278 3889 propriae
2343 3800 2720 3869 voluntatis,

183 3901 313 3971 iiiuc
349 3923 703 3975 commune
751 3915 854 3977 est
902 3908 968 3976 in
1009 3910 1390 3995 juramento
1440 3910 1878 3996 promissorio
1913 3915 2269 3995 sequentes
2303 3907 2720 3977 conditiones

222 4185 305 4258 ¹2,
334 4193 380 4249 2,
413 4201 464 4254 q.
493 4194 576 4254 89,
612 4203 659 4242 a.
694 4195 740 4245 7.
769 4217 833 4230 -
866 4191 1000 4242 ilino
1032 4192 1075 4242 si
1109 4192 1230 4256 quis
1265 4192 1408 4244 metu
1444 4193 1630 4244 mortis
1662 4192 1856 4245 latroni
1895 4191 2115 4255 juravit,
2147 4202 2206 4243 se
2236 4189 2284 4241 ei
2332 4187 2584 4241 daturum
2632 4201 2717 4252 pe·

180 4255 367 4321 mntem,
398 4259 451 4303 et
484 4255 706 4316 insuper
740 4265 797 4305 se
830 4253 965 4304 velie
998 4254 1070 4304 iili
1105 4254 1400 4305 consociari
1436 4254 1492 4305 in
1524 4253 1698 4315 furtis,
1733 4266 1842 4306 non
1875 4254 2015 4306 valet
2041 4253 2405 4316 juramentum
2440 4250 2505 4303 de
2552 4253 2719 4303 socie-

180 4308 260 4359 tate
288 4313 529 4375 inuenda,
564 4315 694 4379 quia
727 4318 808 4367 est
838 4315 904 4366 de
938 4314 1160 4377 illicit03
1195 4316 1334 4368 vaiet
1366 4318 1542 4367 tamen
1575 4316 1641 4368 de
1676 4318 1899 4379 pecunia
1932 4315 2209 4375 solvenda,
2245 4317 2372 4379 quia
2406 4314 2546 4365 hanc
2597 4315 2722 4367 dare

180 4372 314 4430 potest
339 4377 448 4448 sine
482 4380 702 4442 peccato
722 4390 738 4440 ;
776 4377 936 4440 igitur
1005 4378 1059 4429 ui
1094 4378 1236 4429 itiam
1272 4379 1399 4430 dare
1431 4380 1623 4439 renuit,
1651 4382 1795 4442 petat
1813 4379 2286 4442 dispensationem.

221 4431 325 4484 ²De
342 4452 449 4501 yur.
482 4453 527 4490 e.
563 4442 588 4489 1
621 4443 676 4492 et
705 4445 752 4492 8.
784 4465 850 4477 —
892 4441 946 4490 V.
1021 4453 1193 4501 uarez,
1230 4442 1297 4492 De
1329 4443 1652 4502 loramento,
1687 4441 1779 4492 lib.
1815 4453 1872 4499 u,
1905 4452 1953 4492 e.
1991 4443 2066 4490 11.

222 4495 241 4534 ⁸
268 4498 363 4571 tino
387 4502 689 4552 revocanda
716 4502 828 4565 jam
862 4502 1003 4555 dieta
1036 4503 1101 4556 de
1134 4503 1245 4554 voti
1277 4503 1601 4556 extinctione
1634 4515 1699 4553 ao
1733 4503 2184 4566 interpretatione.
2224 4501 2326 4553 Sed
2361 4500 2594 4566 potestas
2626 4499 2719 4550 ob·

180 4553 291 4609 tutta
316 4560 652 4633 dispensandi
689 4564 743 4615 in
778 4565 916 4616 votis
960 4577 1070 4617 non
1121 4566 1489 4629 complectitur
1523 4567 1836 4626 potestatem
1886 4562 2236 4628 dispensandi
2283 4566 2337 4615 in
2382 4563 2720 4626 juramentis,

182 4625 275 4670 eum
301 4627 363 4673 sit
386 4624 657 4676 diversum
692 4628 986 4681 vinculum.
1022 4629 1186 4680 Sacra
1218 4626 1614 4679 Poenitentiaria
1648 4628 1854 4679 retaxat
1875 4625 2205 4689 juramenta,
2240 4639 2362 4689 quoe
2397 4636 2505 4676 non
2537 4625 2723 4675 sintin

182 4676 373 4737 latorem
402 4688 543 4740 tertii
571 4701 637 4739 ex
674 4687 823 4740 Bulla
853 4692 1040 4743 Pastor
1070 4690 1335 4743 Benedicti
1351 4689 1564 4744 xiv.-
1594 4690 1651 4739 V.
1672 4689 1903 4752 Lignori,
1926 4691 2015 4752 Op.
2035 4690 2193 4753 Hor„
2213 4690 2247 4741 l.
2263 4701 2339 4749 ιιι,
2364 4699 2455 4739 nn.
2476 4688 2586 4747 181,
2611 4687 2723 4738 187.

1843 4879 1880 4932 ρ
