3292 5167
1185 215 1650 263 ADNOTATlONEs
2596 193 2729 261 ¹65

147 313 485 388 dicandum,
519 319 594 375 ut
631 314 900 392 populus
942 315 1174 379 audiat
1226 315 1487 382 Verbum
1531 316 1644 381 Dei
1686 322 1750 381 et
1786 315 2089 381 Nicotaus
2116 315 2154 379 Ι
2176 318 2285 399 qui
2311 315 2447 381 alia
2470 325 2729 396 preter

152 396 386 459 Missam
417 394 616 473 exiqit
657 410 850 471 opera
895 391 1055 459 bona
1098 398 1166 458 in
1210 396 1411 476 festo?
1565 420 1579 439 ·

223 474 286 541 R.
323 473 407 537 Ad
453 475 515 535 1:
560 472 856 537 Proiecto
900 492 1256 556 congruum
1300 487 1437 555 est,
1484 492 1551 541 ut
1596 475 1890 541 Pastores
1935 476 2283 541 conciones
2329 477 2609 540 habeant
2653 478 2722 539 in
2818 486 2825 489 ’

163 556 334 631 iestis,
367 556 509 635 quia
557 564 710 618 tunc
758 556 1030 634 populus
1076 559 1310 620 ceteris
1354 557 1895 636 occupationibus
1942 555 2105 625 liber
2147 556 2278 620 illis
2322 558 2724 623 commodius

163 650 355 699 vacare
398 643 622 714 potest.
667 634 816 708 Quae
861 636 1119 715 quidem
1168 640 1626 701 interessentia
1675 646 1883 717 potest
1911 637 2061 711 dici,
2091 639 2142 699 si
2178 638 2404 716 placet,
2434 638 2724 717 obligare

167 716 633 792 multitudinem,
681 725 747 778 et
790 717 907 779 hoc
949 735 1145 781 sensu
1192 728 1582 799 praeceptum
1629 716 2089 781 correlativum
2134 734 2322 793 esse,
2372 727 2440 781 ut
2492 734 2724 797 nempe

170 813 301 861 unus
341 796 667 876 praedicet,
708 806 773 871 et
816 797 921 859 hic
962 798 1065 859 vel
1113 797 1222 861 ille
1265 799 1523 873 audiat;
1568 800 1714 875 quia
1748 814 2001 876 semper
2034 798 2256 875 plures
2290 798 2608 862 babentur
2635 799 2720 863 ,de

170 876 561 952 multitudine,
606 878 716 955 qui
761 877 1056 956 indigent
1086 880 1537 945 instructione.
1582 880 1673 941 Ad
1720 880 1976 942 modum
2011 894 2135 958 qno
2180 890 2569 958 praeceptum
2609 896 2728 942 nu·

170 959 323 1021 bendi
367 956 758 1035 generaliter
802 957 1021 1020 datum
1068 959 1478 1035 bominibus,
1528 959 1773 1038 obligat
1834 960 2093 1038 quidem
2151 961 2720 1034 communitatem3

167 1055 268 1101 non
306 1048 507 1100 tamen
554 1037 844 1116 singulos
889 1037 968 1099 de
1010 1042 1491 1113 communitate,
1537 1041 1660 1103 nisi
1710 1048 2027 1118 quatenus
2065 1041 2131 1101 in
2177 1039 2387 1119 aliqua
2439 1049 2719 1118 particu-

167 1119 259 1181 lari
284 1118 657 1180 necessitate
686 1120 1182 1181 constituantur.
1211 1119 1389 1194 Quod
1426 1137 1579 1183 vero
1613 1119 1806 1182 habet
1846 1120 2297 1183 Tridentinum
2331 1120 2514 1198 (sess.
2548 1137 2729 1197 xxiv,

161 1217 206 1262 c.
240 1199 275 1262 4
311 1200 377 1261 de
404 1196 610 1277 Res).-
642 1197 897 1262 Moneat
922 1199 1263 1280 Episcopus
1303 1203 1595 1280 populum
1625 1200 1966 1278 diliyenter
1995 1218 2488 1280 unumquemque
2518 1202 2725 1264 teneri

160 1279 447 1342 Parocltioe
479 1296 609 1339 suoe
631 1280 951 1365 interesse,
973 1282 1087 1344 ubi
1110 1283 1412 1347 commode
1442 1283 1507 1344 id
1531 1282 1898 1361 fieripotest
1925 1282 2008 1344 ad
2036 1282 2414 1344 audiendum
2458 1280 2718 1345 Verbum

162 1360 271 1435 Dei,
308 1367 596 1421 strictum
658 1368 1045 1438 praeceptum
1094 1377 1220 1423 non
1267 1361 1563 1436 denotat3
1608 1362 1893 1441 alioquin
1952 1378 2080 1423 non
2126 1362 2373 1424 diceret
2415 1361 2528 1425 ubi
2570 1380 2724 1425 com·

157 1441 302 1504 uode
341 1440 402 1502 id
439 1439 584 1518 fieri
619 1446 848 1517 potest,
871 1442 963 1503 uti
1004 1452 1180 1504 recte
1214 1442 1600 1506 observant:
1645 1458 1853 1521 neque
1896 1442 2168 1505 adderet
2211 1442 2535 1505 Paroeltioe
2576 1460 2724 1520 suae,

155 1536 281 1584 cum
341 1521 402 1582 in
451 1519 667 1582 aliena
711 1516 1000 1583 Ecclesia
1045 1525 1395 1585 conciones
1426 1522 1635 1586 audiri
1671 1524 1934 1601 possint.
1993 1521 2311 1587 Praeterea
2359 1521 2715 1587 Concilium

158 1602 235 1662 ibt
277 1615 398 1663 non
433 1598 722 1679 loquitur
765 1601 843 1663 de
889 1603 1400 1666 sanctificatione
1445 1603 1814 1678 Festorum3
1858 1602 1967 1666 sed
2018 1612 2263 1666 tantum
2307 1602 2388 1665 de
2431 1601 2720 1682 generali

155 1680 523 1759 obligatione
570 1679 878 1743 audiendi
927 1681 1206 1747 Verbum
1252 1683 1408 1758 Dei,
1450 1701 1591 1764 quae
1636 1685 1859 1763 utique
1904 1685 2177 1747 maxima
2223 1692 2339 1746 est.
2384 1717 2462 1729 —-
2516 1682 2578 1745 V.
2620 1684 2715 1747 Li-

154 1765 341 1838 guoti,
392 1759 497 1840 Op.
541 1760 724 1834 Mor„
775 1761 814 1822 l.
859 1777 955 1840 ιιι,
989 1779 1097 1827 nn.
1133 1763 1272 1840 269,
1300 1764 1421 1829 308
1461 1773 1526 1827 et
1566 1764 1721 1838 3233
1762 1764 1873 1827 Ho.
1916 1761 2056 1844 Ap„
2088 1772 2273 1827 tract.
2312 1780 2399 1841 vl,
2442 1779 2507 1827 n.
2550 1766 2606 1827 4.
2649 1797 2730 1810 —

155 1842 387 1917 suarez,
429 1840 511 1902 De
560 1841 898 1922 Reliqione.

230 1920 292 1983 R.
329 1919 414 1983 Ad
457 1922 530 1983 2:
579 1920 754 1995 Quod
797 1924 1081 2000 pertinet
1122 1922 1200 1986 ad
1238 1922 1612 1987 Pontificem
1656 1923 1988 1993 Nicolaum
2032 1923 2078 1998 Ι,
2129 1933 2302 2003 patet
2365 1923 2728 2001 evidenter,

174 2004 348 2079 ipsum
385 2000 587 2063 tuisse
636 2001 914 2077 locutum
964 2002 1041 2065 de
1077 2004 1206 2066 fine
1251 2007 1574 2085 praecepti,
1618 2020 1747 2067 non
1793 2014 2005 2069 autem
2052 2004 2133 2067 de
2181 2013 2531 2084 praecepto;
2577 2004 2729 2067 alio·

167 2084 307 2160 quin
344 2082 451 2144 alia
499 2080 784 2161 plurima
829 2092 1044 2146 essent
1087 2085 1166 2149 de
1212 2087 1592 2148 necessitate
1637 2084 1880 2163 agenda
1943 2089 2009 2147 in
2068 2083 2284 2159 sestis3
2328 2100 2470 2163 quas
2514 2100 2725 2165 neque

177 2163 278 2240 ipsi
317 2162 648 2237 rigidiores
692 2162 808 2226 sub
853 2165 1028 2242 gravi
1078 2166 1429 2244 praecipere
1488 2166 1822 2239 auderent.
1884 2165 1974 2227 En
2045 2166 2232 2228 verba
2306 2178 2449 2245 quae
2513 2165 2729 2242 habet,

173 2259 219 2304 c.
255 2259 337 2304 xi:
371 2242 608 2304 Iecirco
655 2244 722 2307 in
765 2243 982 2308 diebus
1025 2244 1206 2324 festis
1250 2245 1331 2309 ab
1372 2264 1549 2326 opere
1592 2247 1906 2310 mundano
1938 2247 2306 2309 cessandum
2335 2253 2447 2321 est,
2476 2253 2548 2308 ut
2586 2244 2733 2310 libe·

170 2323 287 2385 rius
305 2323 378 2384 ad
396 2323 750 2386 Ecclesiam
796 2325 909 2399 ire,
947 2325 1208 2404 psalmis
1238 2335 1299 2389 et
1332 2326 1572 2407 hymnis
1606 2327 1922 2402 insistere,
1959 2328 2238 2389 orationi
2265 2343 2513 2401 vacare,
2552 2325 2728 2390 obla·

171 2404 335 2466 tiones
361 2404 604 2483 offerre,
635 2407 948 2468 memoriis
987 2400 1359 2469 Sanctorum
1402 2409 1878 2483 communicare,
1916 2408 2000 2469 ad
2055 2408 2467 2470 imitationem
2516 2423 2729 2470 eorum

165 2500 479 2626 migryer'e,
508 2484 779 2564 eloquiis
807 2486 1039 2548 divinis
1063 2487 1403 2563 intendere,
1443 2489 1858 2568 eleemosynas
1898 2486 2326 2567 indiqentibus
2355 2487 2731 2551 ministrare

167 2580 230 2625 oa
280 2574 344 2626 at
381 2582 414 2625 c
461 2566 804 2628 ristianus.
1153 2612 1161 2620 .

227 2643 416 2705 zu.
462 2642 966 2706 Comeli-sion
1019 2658 1306 2711 ceterum
1368 2658 1433 2710 et
1490 2664 1605 2711 nos
1660 2649 1893 2711 iterum
1960 2647 2320 2726 iterumque
2392 2648 2728 2710 monemus

167 2722 468 2800 Pal-ochos,
515 2737 588 2787 ut
630 2743 780 2788 suos
808 2737 1082 2805 ,urgeant
1114 2729 1192 2790 ad
1226 2728 1492 2807 hujusce
1521 2730 1825 2806 praecepti
1862 2729 2054 2790 finem
2093 2736 2158 2790 et
2202 2729 2498 2807 spiritum
2533 2728 2729 2789 adim·

168 2803 460 2881 plendum,
503 2815 576 2868 ut
621 2822 851 2885 nempe
897 2808 1213 2885 precibus,
1256 2808 1495 2871 divinis
1536 2808 1849 2883 laudibus,
1877 2807 2330 2882 Sacramentis,
2366 2824 2439 2870 ac
2470 2809 2728 2870 concio-

167 2884 325 2948 nibus
370 2884 557 2948 iestis
602 2886 832 2949 diebus
873 2887 1245 2967 frequentes
1289 2891 1437 2951 sint.
1482 2889 1747 2952 Parocbi
1793 2891 1968 2951 enim
2007 2904 2147 2952 cum
2195 2898 2537 2951 teneantur
2585 2900 2730 2966 pro-

173 2964 375 3028 iectum
420 2966 831 3047 spiritualem
874 2984 1102 3032 curare
1146 2986 1402 3033 suarum
1449 2971 1686 3044 ovium,
1730 2972 2015 3033 contenti
2067 2986 2207 3031 esse
2261 2984 2386 3030 non
2456 2968 2722 3042 debent,

164 3046 305 3121 qnod
349 3063 592 3110 meram
642 3050 940 3126 praecepti
987 3050 1407 3112 substantiam
1457 3051 1798 3128 impleant3
1845 3048 2036 3128 idque
2083 3063 2156 3111 eo
2202 3050 2426 3127 magis,
2475 3049 2622 3129 quia
2673 3050 2728 3110 si

173 3126 368 3189 fideles
415 3126 476 3189 id
526 3144 786 3205 semper
815 3131 878 3190 in
914 3145 1090 3191 more
1124 3132 1381 3206 habent,
1415 3147 1741 3209 nunquam
1779 3129 2098 3191 vacabunt
2127 3132 2361 3191 ceteris
2399 3129 2722 3208 operibu5‚

165 3222 285 3284 quae
327 3210 375 3269 si
425 3224 557 3270 non
607 3210 845 3271 virtute
889 3207 1073 3272 seston
1094 3227 1218 3285 um,
1263 3220 1436 3273 certe
1480 3212 1720 3274 virtute
1764 3209 2120 3287 Religionis
2167 3209 2519 3273 identidem
2569 3225 2728 3287 prae·

165 3297 310 3349 stare
352 3286 639 3351 debent:
682 3290 790 3369 qui
822 3299 1034 3353 autem
1071 3306 1142 3353 ea
1176 3289 1593 3354 habitualiter
1625 3290 1897 3369 negligit
1933 3290 2039 3352 die
2070 3290 2256 3364 festo,
2288 3293 2487 3353 multo
2522 3290 2727 3369 magis

167 3367 418 3447 negliget
462 3367 681 3430 feriali
730 3369 855 3431 die.
887 3369 1015 3433 Sub
1052 3388 1173 3450 quo
1205 3388 1358 3435 sane
1389 3382 1684 3450 respectu
1716 3370 1941 3433 scribit
1971 3388 2019 3432 S.
2047 3370 2410 3449 Alpbonsus
2439 3389 2456 3430 ·.
2491 3369 2726 3445 Quare,

161 3448 440 3523 sciscitor,
485 3449 651 3511 Deus
692 3449 855 3529 festa
896 3453 1268 3515 constituit?
1319 3453 1609 3515 instituit
1634 3459 1710 3514 ut
1741 3453 2192 3530 unusquisque,
2221 3468 2410 3531 quum
2438 3449 2729 3514 omnibus

161 3528 285 3591 aliis
325 3526 725 3592 hebdomadae
751 3529 966 3594 diebus
1004 3530 1175 3595 bonis
1203 3534 1483 3612 corporis
1510 3532 1853 3606 vacaverit,
1886 3533 1952 3594 in
1980 3532 2079 3594 die
2112 3529 2267 3611 festo
2299 3530 2732 3607 bonis—animae

163 3619 324 3672 vacet.
362 3609 452 3673 Et
495 3627 624 3674 non
664 3611 894 3690 sufficit
939 3610 1129 3675 Sacro
1173 3620 1422 3678 tantum
1467 3615 1784 3688 interesse,
1825 3612 1930 3674 sed
1962 3630 1993 3673 o
2044 3631 2113 3674 us
2142 3620 2236 3674 est
2270 3620 2340 3675 ut
2369 3614 2729 3676 concionem

161 3691 375 3768 audiat,
417 3692 641 3752 visitet
685 3690 774 3753 Ss.
822 3689 1295 3757 Sacramentum
1321 3741 1339 3773 ,
1399 3712 1461 3756 se
1534 3692 1652 3757 Deo
1708 3709 1976 3756 commen
2020 3699 2099 3767 et,
2141 3693 2423 3772 aliosque
2465 3693 2729 3772 pietatis

158 3777 311 3832 aetus
349 3778 696 3842 exerceat:
738 3773 843 3834 sed
886 3780 978 3835 tot
1012 3791 1288 3854 personae
1344 3776 1412 3838 in
1467 3774 1567 3836 die
1628 3774 1788 3854 festo
1832 3774 1915 3835 ad
1958 3774 2108 3852 quid
2164 3773 2397 3837 liabent
2437 3774 2731 3835 animum

165 3849 502 3915 Mettum?
542 3851 631 3914 ad
672 3851 1005 3935 ludendum
1032 3902 1049 3932 ,
1089 3857 1171 3918 ad
1213 3858 1706 3933 intemperanter
1748 3851 2100 3929 bibendum,
2147 3855 2230 3917 ad
2280 3854 2606 3916 inhoneste
2650 3852 2730 3915 lo·

163 3932 438 4075 want
485 3931 993 4076 (Ingg5catecli.,
1037 3953 1093 4015 p.
1151 3936 1254 4011 1⁸,
1302 3951 1355 3997 c.
1402 3936 1526 4015 111).
1568 3969 1646 3981 —-
1702 3934 1763 3997 V.
1807 3933 2183 3997 Frassinetti
2227 3982 2242 4010 ,
2291 3933 2592 3998 Manuale
2633 3930 2732 3995 del

299 4031 426 4089 oco,
474 4030 540 4075 n.
587 4053 603 4068 ·
705 4060 725 4095 p.
1990 4080 1999 4089 ,

223 4091 368 4156 Hinc
411 4094 612 4158 sicuti
661 4109 788 4155 non
835 4094 1172 4171 probamus
1216 4110 1364 4170 eos,
1407 4095 1515 4173 qui
1564 4096 1628 4156 in
1689 4092 1962 4174 publicis
2021 4094 2438 4157 concionibus
2511 4107 2735 4155 omnes

171 4172 717 4237 indiscriminatim
765 4173 987 4237 fideles
1032 4174 1148 4238 sub
1181 4175 1433 4239 mortali
1467 4175 1543 4237 ad
1579 4176 1697 4237 hoc
1723 4176 1967 4254 jugiter
1998 4176 2449 4249 obstringunt3
2497 4173 2581 4234 ita
2621 4188 2732 4235 ne·

169 4267 263 4331 qne
296 4271 405 4317 eos
457 4254 797 4329 laudamus
837 4254 1271 4332 qui.absolute
1295 4272 1403 4318 eos
1436 4255 1735 4318 liberant.
1767 4254 2121 4335 Utrumque
2152 4256 2292 4316 sine
2331 4252 2735 4316 discretione

171 4342 269 4409 esu
297 4337 592 4415 primum
632 4334 713 4397 ob
756 4350 939 4410 onus,
975 4335 1144 4415 quod
1184 4336 1358 4414 J'usto
1402 4336 1661 4414 gravius
1707 4335 2016 4412 imponit;
2061 4334 2396 4396 secundum
2442 4333 2523 4395 ob
2572 4332 2736 4395 mul·

171 4421 340 4477 torum
369 4416 707 4477 inscitiam
730 4424 919 4494 atque
951 4417 1414 4490 infirmitatem,
1443 4417 1548 4494 qui
1583 4431 1653 4477 ea
1692 4413 1982 4476 doctrina
2008 4415 2183 4481 abuti
2215 4423 2496 4493 possunt.
2525 4412 2739 4476 Certae

171 4509 410 4575 namque
462 4497 773 4557 veritates
815 4496 1087 4576 singulas
1142 4496 1415 4574 singulis
1441 4512 1553 4575 pro
1596 4496 2098 4574 uniuscujusque
2140 4507 2327 4575 captu
2357 4512 2436 4560 ac
2460 4496 2739 4558 necessi·

170 4584 273 4639 tate
306 4574 690 4655 aperiendae
734 4584 912 4640 sunt:
960 4575 1134 4639 unde
1172 4578 1248 4638 ad
1297 4591 1429 4638 rem
1493 4576 1585 4637 ait
1624 4575 2020 4653 Augustinus
2084 4576 2204 4655 (De
2256 4577 2409 4640 dono
2516 4592 2743 4647 erseo.‚

169 4672 216 4718 c.
245 4658 402 4737 xm:
450 4657 615 4719 utile
657 4663 774 4731 est,
816 4664 889 4718 ut
933 4664 1226 4720 taceatur
1254 4655 1507 4736 aliquod
1549 4672 1762 4719 verum
1799 4663 2057 4738 prepter
2085 4658 2432 4737 incapaces.
2516 4658 2743 4718 raestat

243 4756 498 4837 Scavim,
559 4754 890 4840 Theoloyt'a
935 4764 1060 4825 etc.
1111 4760 1181 4824 T.
1232 4756 1307 4822 11.
1503 4858 1514 4869 .
1791 4808 1810 4836 ,
2483 4755 2555 4820 Η
