3292 5167
1145 298 1224 362 nn
1272 299 1672 348 strenuorum
1717 347 1728 356 ‚
2369 277 2376 286 “
2586 283 2722 366 245

246 396 387 463 Cum
423 402 643 463 autem
689 415 993 483 supremce
1038 398 1312 484 defuncti
1352 421 1562 487 preces
1607 420 1810 468 sacroe
1856 403 2002 483 sint,
2056 404 2466 474 haereditatis
2512 424 2718 480 onera

178 510 431 586 tempore
478 520 603 568 sno
653 503 877 571 statim
922 503 1255 590 implenda
1301 514 1477 574 sunt.
1545 506 1738 588 Quod
1788 509 1840 574 si
1893 509 2148 580 nullum
2221 511 2308 580 sit
2370 511 2718 582 definitum

181 625 415 694 tempus,
465 606 687 696 quoad
734 609 1022 696 primum
1072 613 1345 699 poterit,
1397 614 1715 702 compleri
1769 613 2049 693 debent;
2116 615 2296 702 quod
2358 618 2411 685 si
2483 619 2549 686 in
2614 618 2717 689 his

182 719 347 788 liaeres
392 719 677 802 graviter
724 719 1004 800 deficiat,
1056 727 1323 790 tenetur
1368 721 1448 791 de
1497 721 1754 789 damnis
1792 742 1938 808 quae
1992 714 2143 792 inde
2192 726 2554 795 obveniunt
2572 753 2591 808 3
2653 732 2719 796 et

184 821 434 907 indignus
474 832 577 894 est
625 828 1064 895 absolutione.
1117 829 1184 896 Si
1236 836 1455 898 tamen
1507 823 1755 912 timeat,
1808 849 1888 899 ne
1939 832 2255 900 oneribus
2307 820 2716 904 baereditatis

181 928 560 1015 opprimatur,
614 952 743 1000 non
796 952 960 1019 pure
1009 953 1082 1001 ac
1132 933 1526 1021 simpliciter
1573 934 1691 1002 sed
1754 954 1905 1003 cum
1968 936 2293 1005 beneficio
2373 937 2715 1007 inventarii

180 1037 584 1109 hereditatem
633 1046 953 1127 acceptet,
1004 1049 1080 1109 ut
1128 1041 1188 1111 ei
1238 1049 1502 1128 supetat
1552 1048 1816 1127 tempus
1866 1043 1946 1110 ad
1996 1043 2522 1113 deliberandum.

235 1140 407 1206 85⁷.
452 1148 525 1227 Q.
578 1148 638 1215 3.
693 1148 855 1229 Quid
883 1147 955 1214 de
984 1150 1399 1236 acceptatione
1429 1150 1808 1216 haereditatis
1841 1170 1981 1216 cum
2023 1152 2303 1238 beneficio
2335 1153 2720 1222 inventarii?

236 1252 292 1318 R.
333 1254 706 1338 Beneficium
752 1255 1108 1338 inventarii,
1161 1272 1293 1341 quo
1342 1254 1558 1323 haeres
1611 1273 1826 1341 neque
1877 1275 1995 1341 per
2043 1258 2440 1326 contrariam
2492 1260 2715 1346 dispo·
2829 1335 2834 1338 ,

168 1353 433 1425 <itionem
505 1358 825 1445 expoliari
901 1367 1171 1448 potest,
1242 1361 1372 1430 hoc
1444 1369 1750 1448 praestat:
1828 1365 1893 1448 l)
1949 1370 2023 1431 ut
2082 1383 2213 1433 non
2286 1372 2590 1435 teneatur
2635 1366 2718 1435 ad

162 1462 341 1531 debita
406 1466 721 1535 solvenda
796 1468 965 1535 ultra
1039 1467 1210 1537 vires
1266 1467 1744 1551 haereditatis,
1819 1473 1883 1536 et
1932 1476 2155 1555 potest
2226 1471 2424 1540 etiam
2473 1472 2709 1542 cedere

170 1571 344 1639 omnia
384 1573 559 1642 bona
608 1574 1085 1658 creditoribus3
1148 1577 1218 1662 2)
1282 1582 1355 1643 ut
1397 1594 1558 1645 ,non
1632 1575 2123 1644 confundantur
2168 1596 2287 1646 sua
2336 1580 2509 1647 bona
2560 1598 2707 1649 cum

168 1680 321 1747 bonis
363 1680 808 1762 haereditatis;
859 1689 922 1750 et
970 1682 1119 1751 ideo
1168 1681 1293 1770 ipsi
1343 1683 1437 1751 sas
1486 1684 1571 1750 sit
1619 1701 1813 1751 suum
1879 1683 2204 1752 creditum
2278 1693 2580 1771 repetere
2630 1688 2709 1756 ab

168 1787 655 1857 hereditate‘uti
706 1790 984 1876 quilibet
1029 1789 1196 1858 alius
1246 1790 1540 1858 creditor
1573 1795 1636 1872 ¹3
1680 1792 1746 1875 3)
1798 1798 1870 1857 nt
1920 1792 2131 1877 possit
2208 1794 2445 1862 offerre
2503 1794 2712 1862 baere-

166 1893 346 1962 ditatis
389 1895 755 1965 immobilia
802 1897 929 1965 sub
977 1897 1164 1965 hasta
1205 1897 1463 1983 publica
1512 1898 1851 1966 vendenda
1887 1904 1936 1965 ².

227 2027 279 2092 Si
317 2031 478 2094 inter
526 2031 745 2111 plures
789 2031 1082 2094 haeredes
1126 2043 1291 2094 unus
1333 2030 1493 2094 velit
1537 2033 1839 2095 invocare
1889 2032 2272 2097 beneficium
2329 2034 2706 2109 inventarii,

166 2108 281 2172 aliis
308 2113 728 2182 renuentibus
756 2161 773 2188 ‚
808 2112 1153 2175 baereditas
1198 2128 1341 2175 cum
1386 2112 1498 2176 tali
1540 2111 1857 2175 beneflcio
1923 2114 2001 2175 ab
2046 2113 2344 2176 omnibus
2388 2116 2708 2194 acceptari

165 2190 333 2254 dehet
372 2192 523 2266 Qnae
567 2193 826 2272 quidem
872 2194 1255 2271 acceptatio,
1292 2191 1456 2257 facta
1494 2193 1611 2255 sub
1642 2209 1717 2255 ea
1748 2193 2141 2272 conditione,
2186 2194 2572 2258 declaranda
2609 2203 2726 2274 est,

166 2269 517 2336 cancellario
562 2274 963 2354 praefecturae
1025 2272 1586 2349 mandamentali8‚
1629 2273 1738 2336 ubi
1808 2276 2128 2337 successio
2188 2285 2405 2355 aperta
2459 2286 2595 2352 est,
2639 2281 2710 2338 ut

166 2368 279 2414 eam
317 2354 696 2417 transcribat
740 2357 906 2417 intra
954 2370 1238 2417 mensem
1305 2361 1369 2416 et
1426 2353 1709 2433 publicet
1776 2356 1839 2416 in
1905 2354 2123 2417 Diario
2188 2356 2584 2436 praescripto.
2629 2355 2709 2419 At

174 2431 285 2494 talis
320 2433 684 2511 declaratio,
709 2443 777 2497 nt
820 2434 1053 2497 babeat
1096 2450 1277 2498 sunm
1325 2434 1622 2497 effectum
1671 2434 1845 2497 illico
1891 2433 2204 2498 bonorum
2267 2437 2705 2500 inventarium

164 2514 591 2578 conficiendum
636 2523 736 2578 est
764 2514 812 2576 θ.
858 2515 1052 2577 Porro
1097 2520 1147 2576 si
1196 2517 1400 2577 liaeres
1440 2516 1570 2594 jam
1612 2523 1828 2577 teneat
1865 2515 2104 2577 realem
2138 2516 2540 2579 baereditatis
2571 2532 2706 2597 pos·

165 2596 512 2673 sessionem,
555 2598 883 2658 trimestre
929 2597 1045 2673 ipsi
1091 2595 1468 2658 conceditur
1512 2612 1545 2658 a
1592 2595 1698 2658 die
1742 2611 1865 2675 quo
1910 2605 2125 2673 aperta
2199 2596 2321 2659 fuit
2385 2599 2704 2661 successio

166 2675 244 2737 vel
283 2678 490 2740 notitia
538 2676 755 2739 habita
801 2676 1116 2739 devolutae
1162 2675 1580 2751 baereditatis,
1612 2677 1688 2738 ad
1725 2677 2160 2739 inventarium
2192 2673 2707 2754 conficiendum3

164 2765 213 2815 et
246 2756 290 2817 si
327 2756 441 2818 hoc
486 2765 771 2836 tempore
829 2758 1157 2835 inceptum
1226 2757 1455 2841 conlici
1522 2757 1931 2835 nequiverit,
1977 2766 2212 2834 praetor
2257 2758 2492 2837 poterit
2541 2756 2704 2821 illud

166 2850 465 2916 prorogare
506 2838 585 2900 ad
634 2836 809 2900 aliud
856 2839 1223 2911 trimestre,
1266 2836 1369 2898 vel
1413 2836 1607 2900 etiam
1653 2839 1861 2917 majus
1906 2838 2279 2917 praeficere,
2329 2839 2380 2899 si
2429 2840 2704 2919 particu—

165 2917 299 2979 lares
336 2934 406 2981 ac
444 2935 675 2997 graves
718 2918 1217 2981 circumstantiae
1284 2916 1346 2979 id
1412 2916 1756 2996 postulent.
1826 2918 2089 2980 interim
2170 2927 2427 2981 vocatus
2493 2920 2703 2982 haeres

164 2997 559 3061 haereditatem
604 2998 1045 3073 administrat3
1090 3004 1155 3060 at
1207 2997 1259 3059 si
1306 3014 1447 3076 qnae
1494 3000 1625 3060 sint
1669 2998 2032 3071 vendenda,
2081 2998 2438 3077 requiritur
2482 3008 2700 3063 aucto·

166 3077 379 3152 rizati03
423 3087 680 3141 tenetur
725 3087 937 3141 autem
982 3077 1211 3158 de,sua
1259 3079 1823 3141 administratione
1881 3082 2197 3141 rationem
2243 3079 2516 3143 reddere
2560 3096 2698 3144 cre·

162 3156 435 3222 ditor-ibus
476 3168 543 3222 et
572 3159 932 3237 iegatariis.
975 3156 1210 3221 Omnes
1257 3166 1474 3221 tamen
1521 3174 1843 3238 expensae,
1892 3161 2085 3221 etiam
2132 3175 2245 3238 pro
2295 3160 2698 3239 apponendis

163 3237 369 3316 sigillis,
410 3248 562 3302 sunt
602 3242 805 3318 ipsius
851 3237 1270 3301 baereditatis,

222 3316 275 3383 Si
312 3337 457 3383 vero
505 3322 712 3382 baeres
759 3334 885 3380 non
931 3328 1028 3381 est
1071 3320 1135 3380 in
1183 3316 1340 3381 reali
1387 3318 1792 3397 possessione
1850 3317 2298 3394 haereditatis‚
2346 3334 2466 3381 nec
2516 3335 2584 3382 se
2628 3320 2697 3383 in

164 3393 247 3461 illa
284 3400 717 3477 immiscuerit,
766 3400 818 3461 si
865 3398 1286 3478 compellatur
1331 3396 1407 3461 ab
1452 3400 1770 3462 interesse
1814 3398 2222 3475 habentibus,
2259 3400 2582 3463 trimestre
2612 3399 2693 3464 ad

162 3479 551 3543 inventarium
584 3479 1058 3543 conficiendum
1091 3480 1320 3559 incipit
1353 3495 1386 3541 a
1419 3479 1525 3541 die
1558 3479 2122 3542 determinationis
2141 3478 2488 3559 iudicialis.
2519 3479 2696 3554 Quod

159 3559 202 3619 si
234 3575 262 3622 a
299 3560 468 3623 nullo
512 3557 956 3640 compellatur,
1001 3560 1207 3622 baeres
1250 3575 1502 3639 semper
1546 3560 1784 3638 gaudet
1822 3561 1969 3639 jnre
2034 3561 2420 3624 conficiendi
2468 3564 2693 3624 inven-

160 3641 371 3719 tarium,
409 3652 472 3704 et
515 3640 891 3719 acceptandi
935 3639 1383 3703 haereditatem
1411 3687 1428 3716 ,
1468 3641 1593 3703 etsi
1637 3639 1736 3701 illi
1796 3642 2268 3703 renuntiaverit
2333 3640 2551 3721 (modo
2593 3644 2694 3704 in-

158 3719 311 3784 terim
349 3737 472 3784 non
518 3720 720 3784 fuerit
761 3721 839 3783 ab
883 3718 1008 3782 alio
1052 3720 1433 3800 acceptata),
1478 3736 1595 3782 nec
1627 3721 1738 3796 jus
1782 3721 2149 3799 acceptandi
2188 3722 2453 3802 triginta
2505 3738 2697 3785 anno·

158 3814 271 3863 rum
306 3804 501 3882 spatio
547 3801 633 3864 sit
674 3802 1143 3881 praescriptum.
1188 3801 1485 3864 Attamen
1532 3802 1741 3863 haeres
1787 3809 1996 3881 potest
2037 3801 2115 3863 ab
2151 3818 2226 3863 eo
2258 3805 2359 3866 cui
2396 3803 2692 3879 interest,

154 3986 219 4035 nis
240 3988 466 4049 berediS,
502 3989 571 4040 ad
606 3989 711 4040 boc
740 3989 801 4039 ut
831 3987 978 4051 prius
1010 3987 1110 4038 sibi
1138 3985 1396 4049 solvatur,
1432 3987 1483 4039 et
1517 3988 1874 4051 praelationem
1910 3988 2142 4039 babeant
2174 3988 2349 4051 quoad
2401 3988 2545 4051 ipsos
2590 3990 2695 4041 bae·

156 4045 262 4101 redis
287 4051 600 4114 creditores3
650 4051 744 4102 sed
778 4051 881 4101 boc
934 4049 1221 4113 petendum
1255 4052 1333 4101 est
1355 4051 1495 4101 intra
1529 4055 1629 4103 tres
1666 4062 1875 4101 meuses
1913 4065 1943 4102 a
1977 4051 2336 4101 successionis
2395 4050 2688 4113 aperitione

152 4109 682 4289 (τζᾼινῗέεὲδῗέᾟ.
716 4153 780 4226 A'.
815 4162 939 4238 800;
972 4199 1038 4212 ·-
1070 4172 1126 4224 G.
1165 4173 1227 4225 G.
1259 4173 1387 4237 793;
1419 4199 1481 4211 —
1519 4174 1573 4226 Ο.
1612 4173 1662 4225 8.
1695 4176 1921 4236 ¹710;.-
1957 4173 2007 4224 G.
2043 4176 2098 4225 Ρ.
2131 4178 2254 4236 898;
2286 4198 2353 4211 -
2386 4173 2440 4225 C.
2476 4174 2545 4224 Μ.
2572 4178 2691 4239 983;

200 4295 221 4336 ²
246 4297 350 4350 cod.
378 4298 582 4362 proced.
618 4299 799 4358 civilis,
835 4299 933 4352 art.
968 4299 1080 4351 673.

200 4360 220 4399 ⁸
245 4359 331 4420 Qui
361 4361 575 4425 negligit
606 4362 983 4421 inventarium,
1018 4358 1162 4410 civili
1192 4360 1316 4410 Jure
1349 4358 1594 4410 censetur
1626 4358 1774 4411 adire
1807 4358 2166 4409 luere-dilatem
2203 4370 2332 4420 pure
2366 4360 2418 4411 et
2449 4361 2691 4414 absolute

146 4421 313 4475 etideo
339 4424 540 4476 tenetur
570 4423 734 4475 etiam
764 4423 904 4475 ultra
935 4425 1077 4476 vires
1111 4420 1437 4473 baereditatis
1470 4420 1648 4473 debita
1681 4422 1905 4480 solvere.
1946 4423 2130 4471 Utrum
2165 4433 2290 4472 vero
2324 4423 2390 4472 ad
2425 4424 2476 4473 id
2513 4426 2688 4476 tenea-

151 4485 221 4534 tur
242 4483 387 4537 etiam
419 4487 474 4537 in
507 4486 856 4545 conscientia,
893 4485 1066 4547 plures
1098 4483 1339 4534 absolute
1381 4485 1573 4546 negant
1618 4495 1739 4534 cum
1796 4484 2056 4546 vasque23
2110 4484 2196 4533 alii
2253 4484 2521 4536 affirmant
2567 4499 2690 4537 cum

146 4545 315 4608 Alesia,
342 4547 429 4600 sed
462 4550 585 4612 post
613 4548 931 4600 sententiam
965 4545 1186 4610 judicis;
1222 4545 1308 4595 alii
1342 4556 1463 4594 curn
1492 4546 1636 4607 Lugo
1669 4546 1721 4597 et
1736 4546 1928 4596 uotiua
1955 4545 2196 4596 absolute
2230 4545 2688 4612 affirmaritquoad

144 4609 412 4672 creditores,
445 4610 643 4685 quibus
675 4609 842 4662 baeres
876 4609 1032 4661 debet
1062 4619 1131 4659 ex
1164 4607 1673 4679 quasi-contractus
1724 4608 1866 4660 uoad
1901 4608 2072 4667 legata
2106 4610 2280 4658 autem
2316 4620 2427 4660 non
2484 4613 2694 4662 tenetur

146 4667 310 4731 meres,
337 4674 433 4724 nisi
466 4685 522 4724 in
592 4683 771 4724 oenam
805 4671 988 4722 omissi
1023 4669 1322 4731 inventarii,
1354 4667 1477 4720 ideo
1511 4680 1705 4722 nonnis
1774 4674 1895 4733 post
1946 4671 2284 4731 sententiam,
2317 4673 2371 4723 et
2400 4682 2528 4722 casu
2581 4683 2698 4736 quo

146 4732 463 4788 intercesserit
489 4684 664 4797 cuipa.
701 4760 764 4772 -
804 4735 860 4785 r.
898 4733 1126 4796 Lignorl,
1163 4731 1299 4794 Opus
1338 4730 1496 4792 Mor„
1531 4732 1568 4783 1.
1596 4744 1678 4795 m,
1721 4743 1815 4786 nn.
1849 4735 1959 4794 932,
1993 4733 2105 4784 961.

256 4815 550 4899 Somni,
605 4815 931 4900 Theoloqia
978 4819 1101 4882 ete.
1151 4813 1346 4882 1211.
2430 4817 2513 4883 16
