3292 5167
12 4857 15 4868 -
14 4799 21 4826 .-
12 4555 19 4760 uffissss--ew—

496 189 635 272 ‘732'
1532 225 1651 271 ma.
1698 225 1764 270 11.
1812 222 2021 270 rnAc'r.
2069 221 2195 267 vm.

490 328 639 390 cosi
675 326 744 389 in
786 326 937 390 cielo
979 341 1140 389 come
1182 326 1249 388 in
1294 331 1487 404 terra,
1530 328 1567 388 e
1612 326 1748 388 fare
1797 339 1878 388 uu
1928 331 2063 386 atto
2107 322 2172 385 di
2219 337 2398 385 amor
2436 321 2500 383 di
2562 320 2699 384 Dio.
2764 320 2886 383 Per
2950 319 3110 384 rare

506 423 601 470 'un
645 414 775 469 atto
819 406 879 469 di
935 406 1099 482 fede,
1162 406 1223 467 di
1288 421 1591 486 speranza
1638 423 1675 467 e
1719 405 1782 468 di
1827 405 2047 472 carita.
2102 418 2231 464 nou
2294 405 2328 465 e
2395 403 2760 465 necessario
2825 401 3102 464 d’enuu·

506 488 731 552 ciarne
768 487 810 548 il
846 489 1098 550 motivo.
1123 511 1145 539 ι
1190 485 1316 548 Hac
1357 486 1435 549 de
1459 503 1529 549 re
1574 486 1753 564 plura
1788 484 1975 549 docet
2002 482 2296 563 Synodus
2328 481 2758 558 Novariensis‚
2808 498 2946 561 pag.
2994 482 3102 544 54.

589 567 904 629 ansius
944 585 1045 628 ex
1086 565 1249 626 fido
1292 563 1541 626 vivite
1589 567 1706 628 hac
1752 565 1830 628 de
1876 582 1943 628 re
1989 565 2222 626 iterum
2266 564 2590 642 piissimus
2635 560 2835 642 Stant,
2865 562 2899 643 Β
2932 561 3112 624 644:

507 646 806 711 Nostram
847 647 1022 727 fidem
1064 664 1186 709 non
1226 643 1430 709 verbis
1477 653 1741 721 tantum,
1784 647 1888 709 secl
1930 645 2027 708 vel
2068 643 2342 706 maxime
2385 641 2635 707 actibus
2663 652 2742 726 ,et
2795 641 3102 721 operibus

510 744 945 790 exerceamus:
984 727 1192 806 justus
1236 737 1443 789 autem
1497 743 1676 789 meus
1720 742 1801 789 ex
1844 725 1969 788 fide
2012 726 2177 788 vivit
2239 721 2463 804 (Hebr.
2530 729 2618 803 x).
2683 724 2886 786 Prout
2947 738 3112 801 erqo

497 809 706 889 pisces
750 809 817 870 in
858 811 1062 886 aquis,
1107 807 1386 870 volucres
1431 808 1498 869 in
1539 824 1703 883 aere,
1749 808 1844 869 ita
1885 814 1948 869 et
1987 823 2096 868 nos
2152 821 2388 884 semper
2451 804 2519 866 in
2581 804 2878 867 elemento
2946 802 3100 882 fidei

511 889 757 951 versari
797 895 1050 966 oportet.
1099 887 1301 961 Quare
1334 889 1479 949 ditm
1522 905 1692 963 oras,
1737 887 1914 949 oculo
1956 886 2101 965 fidei
2143 885 2334 948 Deum
2378 883 2500 948 tibi
2560 891 2929 968 praesentem
2994 885 3097 946 in-

516 976 727 1041 tuere;
770 969 914 1032 dum
956 969 1287 1047 confiteris,
1331 969 1397 1030 in
1439 967 1759 1031 sacerdote
1801 985 1923 1030 non
1965 966 2265 1029 hominem
2330 967 2433 1028 sed
2499 966 2700 1045 ipsum
2768 964 3106 1027 Christum

512 1050 760 1126 coqita;
805 1051 949 1111 dum
995 1050 1365 1114 tentationes
1402 1049 1688 1127 pulsant,
1735 1048 1931 1111 denuo
1973 1047 2179 1109 oculos
2213 1046 2295 1110 ad
2336 1046 2623 1108 divinum
2668 1053 2845 1107 tuum
2887 1060 3106 1124 reqem

512 1135 577 1191 et
615 1131 828 1191 ducem
870 1126 1167 1202 subleoa;
1211 1130 1355 1190 dum
1397 1147 1528 1208 quoe
1571 1131 1668 1192 tui
1709 1129 1987 1191 muneris
2032 1135 2205 1201 sunt,
2269 1127 2622 1205 exequeris,
2669 1127 2856 1202 sicuti
2925 1125 3098 1188 oculi

514 1224 845 1272 servorum
888 1211 953 1271 in
1000 1210 1290 1272 manibus
1334 1210 1741 1284 dominorum
1787 1225 2069 1281 suorum,
2118 1210 2201 1270 ita
2246 1207 2412 1270 oculi
2465 1208 2553 1268 tui
2593 1207 2724 1268 sint
2760 1206 2840 1268 ad
2877 1205 3095 1267 Domi·

518 1305 669 1352 num
718 1289 908 1351 Deum
956 1298 1170 1362 tuum;
1211 1292 1355 1352 dum
1394 1291 1600 1369 eqenti
1640 1289 1950 1364 subvenis,
1995 1289 2430 1350 reminiscere:
2468 1288 2633 1365 quod
2665 1288 2777 1349 uni
2812 1303 2891 1348 ex
2935 1287 3120 1347 meis·

519 1371 801 1432 minimis
845 1367 1114 1444 fecistiS‚
1159 1371 1316 1432 mihi
1365 1369 1626 1444 fecistis,
1675 1378 1791 1431 etc.
1836 1371 2180 1431 Presertim
2219 1368 2584 1430 instandum
2628 1373 2722 1427 est
2765 1375 2839 1428 ut
2869 1368 3114 1428 animur

514 1449 633 1528 pioe
676 1458 941 1528 tempore
982 1466 1218 1529 maqnae
1258 1450 1589 1516 ariditatis
1633 1451 1974 1512 anchoram
2013 1449 2157 1528 fidei
2196 1449 2466 1526 firmiter
2528 1449 2946 1511 constrictam
3015 1451 3102 1508 te·

517 1538 711 1592 neunt
730 1549 752 1589 .·
819 1531 1068 1591 etiamsi
1109 1531 1275 1593 omni
1316 1546 1583 1609 superno
1626 1532 1853 1592 solatio
1895 1531 2219 1593 destitutae
2259 1536 2320 1591 et
2362 1529 2531 1591 atris
2579 1527 2851 1591 tenebris
2919 1524 3106 1590 oboo·

517 1609 665 1671 lutoe
704 1610 856 1685 sint,
904 1626 1013 1688 per
1052 1610 1287 1673 nudam
1330 1618 1535 1674 tamen
1577 1618 1640 1673 et
1681 1613 1912 1673 siccam
1953 1611 2131 1691 fidem
2175 1611 2297 1672 iter
2362 1626 2546 1671 suum
2605 1614 3112 1688 prosequantur,

517 1690 827 1753 habentes
874 1691 1220 1752 firmiorem
1266 1693 1708 1769 propheticum
1753 1707 2138 1764 sermonem,
2188 1691 2293 1751 cui
2337 1690 2738 1772 attendamus
2783 1691 2968 1766 quasi
3019 1688 3116 1750 lu·

520 1785 733 1832 cernae
778 1769 1014 1834 lucenti
1054 1773 1119 1833 in
1166 1771 1301 1832 loco
1347 1771 1720 1850 caliginose,
1769 1772 1974 1834 donec
2019 1770 2157 1833 dies
2200 1770 2521 1834 elucescat
2565 1780 2630 1832 et
2679 1768 2910 1832 lucifer
2943 1769 3114 1829 oria·

520 1859 625 1914 tur
658 1853 735 1926 ‚in
779 1850 1079 1914 cordibus
1125 1853 1361 1914 nostris
1404 1852 1504 1931 (11,
1551 1852 1744 1927 Petri,
1787 1853 1860 1931 ι).
2121 1877 2126 1884 ·

1567 2165 1693 2245 (a)
1736 2166 1892 2247 paq.
1934 2166 2073 2229 628.

609 2413 854 2475 ¹015.
880 2412 1110 2475 Fidei
1152 2412 1620 2477 simulatioz
1653 2416 1875 2479 illicita
1907 2427 2020 2478 est.
2055 2416 2394 2495 Opponuut
2421 2423 2670 2478 tamen:
2709 2414 2771 2492 l)
2795 2431 3003 2477 nonne
3026 2415 3118 2492 (iv

532 2491 679 2570 Reg.
725 2495 793 2573 x)
838 2495 1139 2558 laudatur
1167 2497 1338 2556 zelus
1365 2494 1542 2572 Jehu,
1572 2498 1683 2576 qui
1723 2505 1797 2559 ut
1831 2498 2100 2559 cultores
2130 2498 2292 2584 Bqal
2347 2496 2417 2559 de
2459 2495 2652 2557 medio
2699 2495 2951 2557 tolleret
2985 2542 3002 2569 ,
3033 2495 3112 2556 si·

528 2574 797 2635 mutavit
838 2592 900 2636 se
943 2592 1178 2655 qnoque
1219 2577 1370 2639 velle
1411 2577 1551 2654 fieri
1591 2578 1770 2639 illius
1813 2578 2165 2641 cultorem?
2215 2579 2281 2656 9.)
2317 2576 2451 2654 Ipsi
2492 2575 2780 2654 Apostoli
2814 2575 3114 2653 judaicos

526 2656 695 2716 ritus
735 2672 877 2732 jam
919 2656 1070 2718 abro
1115 2664 1251 2718 atos
1278 2703 1294 2732 ,
1362 2658 1760 2720 simulatione
1805 2659 2071 2737 quadam
2112 2658 2530 2736 permiserunt
2579 2655 2949 2734 neophytis,
2997 2656 3120 2716 imo

528 2741 593 2796 et
633 2735 763 2814 ipsi
801 2735 1054 2798 observa
1100 2744 1234 2812 ant,
1275 2736 1585 2800 scribente
1628 2738 1868 2801 Paulo:
1913 2746 1976 2801 et
2020 2737 2406 2801 simulationi
2435 2738 2572 2816 ejus
2616 2735 2912 2816 (Cephae)
2967 2752 3113 2798 con·

534 2822 880 2877 senserunt
922 2819 1113 2879 ceteri
1167 2817 1374 2891 'udaei,
1420 2822 1502 2880 ita
1548 2827 1618 2881 ut
1662 2829 1724 2880 et
1767 2818 2085 2881 Barnabas
2130 2817 2472 2881 duceretur
2516 2819 2592 2879 ab
2657 2820 2751 2878 eis
2800 2820 2866 2877 in
2940 2815 3116 2877 illam

534 2896 1004 2958 simulationem
1045 2897 1117 2977 (ι,
1199 2897 1277 2960 al.
1310 2898 1405 2976 ιι).
1459 2899 1525 2977 3)
1579 2900 1732 2962 Item
1775 2918 1822 2961 s.
1852 2897 2149 2962 Julianus
2195 2907 2440 2977 martyr
2482 2898 2810 2960 simulavit
2857 2896 3115 2959 idolola-

538 2977 729 3038 triam
773 2977 853 3038 αα
876 2978 1042 3039 idola
1085 2979 1461 3040 destruenda
1484 2999 1509 3050 ;
1541 2986 1602 3041 et
1633 2998 1682 3041 s.
1709 2977 2014 3042 Eusebius
2056 2981 2360 3043 vercellen
2402 2980 2454 3039 is
2498 2978 2827 3040 simulavit
2855 2995 2921 3037 se
2953 2979 3115 3039 aria·

531 3072 679 3118 num
718 3056 857 3135 fieri
899 3058 1070 3133 velle,
1098 3066 1170 3121 ut
1210 3076 1427 3122 nomen
1469 3077 1517 3120 s.
1552 3059 1836 3138 Dionysii
1876 3061 2145 3139 episcopi
2190 3079 2220 3124 e
2263 3068 2370 3124 cat
2417 3060 2550 3139 loqo
2592 3058 2973 3120 arianorum
3015 3074 3119 3119 ex·

531 3144 850 3216 punqeret,
890 3146 1007 3201 etc.

615 3216 682 3277 R.
729 3217 817 3279 Ad
867 3218 938 3278 1:
984 3219 1041 3280 d.
1073 3217 1372 3281 Thomas:
1419 3217 1891 3282 Simulationem
1931 3220 2086 3282 Jehu
2148 3239 2269 3284 non
2312 3227 2404 3283 est
2444 3235 2681 3281 necesse
2736 3218 3044 3279 excusari
3080 3231 3120 3278 a

530 3306 786 3373 peccato
827 3298 924 3359 vel
964 3299 1301 3372 mendacio,
1327 3301 1477 3378 quia
1522 3300 1726 3361 malus
1752 3300 1885 3379 fuit
1925 3307 2134 3378 utpote
2177 3300 2256 3364 ab
2301 3299 2673 3362 idololatrix
2715 3295 3118 3361 Hieroboami

541 3393 669 3439 non
712 3380 997 3441 recedens
1020 3400 1045 3450 ;
1090 3381 1554 3442 commendatur
1595 3387 1801 3442 autem
1842 3387 1904 3442 et
1949 3382 2377 3458 temporaliter
2419 3388 2865 3443 remuneratur
2899 3395 2941 3439 a
2977 3378 3116 3450 Deo,

542 3474 667 3520 non
710 3476 822 3536 pro
863 3459 1282 3534 simulatione,
1315 3461 1418 3521 sed
1444 3477 1558 3538 pro
1601 3461 1733 3522 zelo
1764 3478 1881 3539 quo
1922 3462 2239 3524 destruxit
2280 3461 2518 3524 cultum
2546 3459 2708 3521 Baal
2739 3459 2829 3536 (2,
2863 3460 2920 3532 2,
2948 3475 3004 3537 q.
3035 3457 3122 3537 3).

627 3539 814 3600 Ad2:
862 3539 1140 3617 Apostoli
1187 3544 1499 3602 mosaicas
1544 3558 1962 3603 caeremonias
2009 3545 2442 3619 permiserunt
2483 3542 2821 3619 neophytis
2866 3548 2933 3601 et
2981 3541 3124 3616 ipsi·

545 3626 681 3681 met
721 3619 1164 3693 observabant,
1201 3630 1418 3698 utpote
1463 3628 1614 3683 tunc
1660 3625 1960 3701 temporis
2004 3620 2211 3708 adbuc
2259 3622 2461 3686 licitas
2503 3630 2570 3686 et
2626 3619 3116 3693 indifferentes,

547 3700 831 3763 nondum
877 3715 1028 3761 vero
1087 3699 1473 3776 mortiferas,
1511 3700 1778 3780 ideoque
1827 3703 1947 3767 fuit
1988 3703 2334 3777 concessio,
2373 3718 2498 3765 non
2543 3701 2901 3776 simulatio;
2946 3709 3012 3762 et
3044 3698 3119 3761 fa·

546 3787 720 3841 ctum
767 3782 997 3842 merito
1061 3780 1220 3856 fuit,
1265 3793 1333 3843 ut
1376 3780 1630 3844 facilius
1697 3784 1999 3863 neophyti
2046 3799 2125 3844 ex
2182 3783 2501 3862 judaismo
2567 3781 2990 3844 allicerentur
3043 3776 3122 3841 ad

547 3858 766 3921 fidem.
812 3859 1043 3923 Paulus
1087 3876 1239 3922 vero
1312 3871 1492 3924 vocat
1534 3861 1760 3941 Cepbae
1806 3863 2035 3942 agendi
2084 3869 2395 3925 rationem
2453 3861 2948 3938 simulationem,
2995 3873 3118 3921 non

549 3954 628 4001 eo
673 3956 865 4003 sensu
908 3941 1075 4019 quod
1119 3940 1359 4019 Cephas
1404 3942 1549 4003 ficto
1592 3944 1804 4004 animo
1850 3945 1932 4006 ita
1971 3960 2038 4005 se
2082 3944 2370 4022 gesserit,
2413 3943 2525 4006 sed
2616 3942 2736 4003 uod
2786 3941 2951 4003 tacto
3008 3941 3123 4003 su'o

559 4021 748 4082 tacito
818 4022 1029 4084 timeri
1102 4031 1312 4100 posset
1364 4039 1443 4083 ex
1507 4024 1890 4086 ethnicismo
1952 4026 2238 4086 conversi
2305 4038 2388 4086 ne
2457 4040 2564 4087 cre
2613 4030 2839 4094 erent,
2913 4020 3120 4083 adhuc

556 4103 951 4164 necessarios
998 4101 1141 4163 illos
1182 4102 1343 4166 ritus
1388 4101 1695 4180 fuisse,ut
1739 4113 2004 4183 patetex
2053 4110 2352 4168 contextu
2389 4104 2494 4184 (V.
2526 4103 2882 4182 A·Lapide).

653 4182 742 4244 Ad
785 4183 856 4244 3:
902 4181 1084 4244 Aliud
1117 4191 1214 4244 est
1255 4184 1574 4248 simulatio
1604 4184 1683 4246 ad
1729 4184 2176 4265 decipiendum
2213 4187 2556 4262 composita
2601 4200 2741 4264 quae
2787 4194 3116 4260 nunquam

540 4240 746 4337 licen
790 4262 960 4326 aliud
1003 4262 1145 4355 talis
1189 4263 1416 4340 agendi
1456 4264 1712 4326 solertia
1746 4279 1887 4344 quae
1913 4267 2244 4329 veritatem
2288 4267 2543 4344 quidem
2576 4265 2944 4338 contineat,
2993 4272 3120 4323 non

555 4346 643 4409 ita
694 4352 901 4407 tamen
941 4342 1193 4405 obviam
1231 4351 1299 4404 ut
1333 4344 1544 4405 miuus
1574 4344 1841 4407 oculatis
1886 4353 2116 4424 pateat,
2150 4359 2290 4425 quae
2323 4348 2374 4407 si
2423 4347 2779 4426 prudenter
2817 4341 3115 4408 adhibea-

555 4435 662 4490 tur
704 4433 799 4486 est
864 4417 1221 4486 laudabilis.
1265 4421 1369 4484 Sic
1417 4424 1704 4488 illusorie
1748 4427 1881 4503 egit
1923 4444 1970 4488 3.
2013 4426 2305 4491 Julianus
2349 4425 2500 4490 dum
2561 4443 2629 4490 se
2675 4424 2838 4489 velle
2883 4421 3117 4487 sacrifl-

540 4520 695 4569 care
739 4503 924 4566 finxit
970 4505 1031 4564 in
1071 4519 1214 4566 eum
1263 4504 1494 4579 finem,
1538 4514 1608 4568 ut
1655 4503 1959 4585 templum
2007 4517 2072 4570 et
2128 4506 2297 4571 idola
2345 4506 2748 4581 destrueret,
2795 4511 2982 4585 prout
3023 4503 3113 4563 in·

544 4586 845 4661 telllgere
888 4591 1187 4662 poterant
1217 4582 1570 4646 idololatrae
1601 4602 1677 4647 ex
1717 4584 2018 4665 loquendi
2053 4587 2259 4664 modo,
2294 4599 2372 4652 ex
2406 4587 2796 4668 praecedenti
2830 4592 3124 4647 constan·

542 4669 636 4731 tia
679 4671 746 4728 et
787 4662 1241 4726 miraculorum
1285 4664 1719 4728 multitudine.
3105 4671 3124 4694 ν
