3292 5167
1447 230 1525 275 ns
1573 230 1713 277 rior.
2730 210 2860 278 643

268 329 379 414 qui
421 349 493 400 se
542 330 892 400 conferunt
939 330 1041 433 ad,
1070 330 1451 400 Provincias
1502 332 2003 415 haereticorum
2052 335 2151 402 vel
2199 333 2280 403 de
2328 334 2691 404 catholicis
2743 336 2858 421 qui

267 453 420 505 cum
473 436 805 506 haereticis
856 439 995 522 (ant
1044 437 1511 526 schismaticis)
1562 439 2054 508 communicant
2101 438 2165 507 in
2214 440 2483 509 Divinis.

358 544 423 610 Si
469 545 767 630 primum,
818 543 900 610 ad
946 559 1142 617 omne
1189 544 1643 614 subversionis
1694 544 2062 632 periculum
2110 546 2583 629 avertendum,
2634 547 2779 615 haec
2827 563 2862 613 a

266 650 612 721 catholicis
684 652 953 721 veniunt
1025 652 1469 723 observanda:
1537 654 1603 739 1)
1672 671 1754 721 ne
1801 651 2096 721 familiari
2172 654 2637 723 haereticorum
2710 673 2864 723 con-

265 757 620 828 suetudine
666 766 958 827 utantur.
1005 761 1192 827 Nella
1236 761 1462 828 celebre
1507 762 1826 828 Eae-iclica
1870 761 1936 827 di
2006 761 2307 847 Greqorio
2379 765 2482 845 VI,
2510 763 2650 848 quel
2698 782 2865 848 yran

264 867 566 952 Pomefice
611 866 866 956 riprovd
912 888 1026 935 con
1073 868 1323 935 biasimi
1356 869 1717 954 qravissimi
1765 868 2227 936 l'inclinazione
2259 880 2562 936 mostrata
2593 870 2674 935 da
2715 870 2866 936 certi

261 975 535 1040 coaulici
580 976 666 1041 ad
711 988 959 1044 entrare
1005 976 1166 1061 coqli
1210 975 1516 1043 ortodossi
1559 976 1628 1042 in
1681 976 2098 1043 associazioni
2170 974 2236 1042 cle·
2304 974 2685 1060 beneficenza
2710 1030 2728 1058 ‚
2800 977 2867 1043 di

260 1081 540 1166 ηθῃοείο,
589 1081 656 1148 di
701 1083 1081 1165 laceratum,
1131 1103 1268 1165 ece,
1312 1083 1414 1168 pel
1461 1082 1751 1168 comaqio
1798 1084 1903 1151 che
1947 1083 2308 1168 facilmente
2372 1103 2437 1149 se
2479 1103 2557 1148 ne
2616 1094 2866 1151 contra-e

264 1190 432 1255 neila
477 1189 779 1257 continua
824 1190 1202 1258 convivenza
1249 1191 1304 1257 ¹.
1355 1190 1523 1271 Quid
1566 1208 1766 1275 porro
1818 1189 1871 1257 si
1923 1190 2120 1258 etiam
2159 1191 2222 1258 in
2257 1190 2713 1276 spiritualibus
2747 1207 2863 1258 eos

267 1296 590 1365 audiant?
635 1335 723 1347 —-
768 1300 837 1385 2)
887 1316 969 1366 ne
1013 1297 1159 1366 laici
1212 1299 1602 1383 praesertim,
1656 1298 1858 1365 ullam
1906 1316 2057 1367 cum
2120 1299 2278 1384 ipsis
2351 1297 2866 1384 disputationem

267 1406 633 1491 suscipiant
681 1407 762 1474 de
810 1408 1009 1477 rebus
1073 1408 1152 1474 ad
1203 1407 1608 1493 Religionem
1681 1406 2165 1492 pertinentibus
2186 1433 2204 1487 3
2275 1408 2420 1476 haec
2479 1407 2652 1474 enim
2723 1405 2865 1475 sine

267 1510 505 1596 insigni
571 1512 869 1589 doctrina
940 1513 1188 1582 utiliter
1259 1513 1572 1582 sustineri
1633 1531 1766 1581 non
1817 1522 2087 1599 potest3
2137 1549 2221 1562 —-
2274 1514 2345 1599 3)
2399 1532 2479 1582 ne
2552 1516 2865 1581 Rectores

265 1617 710 1687 Ecclesiamm
761 1621 1144 1706 permittant
1193 1606 1545 1688 haereticos
1579 1620 1784 1688 sacris
1820 1619 2091 1688 Officiis'
2131 1619 2490 1700 inservire3
2543 1627 2608 1688 et
2654 1620 2862 1689 multo

267 1725 486 1793 minus
537 1728 662 1795 illis
719 1746 951 1814 pacem
1000 1728 1064 1795 in
1115 1728 1310 1798 Missa
1359 1727 1654 1796 tribuent
1686 1727 2133 1812 osculandam,
2170 1727 2349 1815 quod
2384 1735 2561 1797 esset
2595 1728 2857 1814 signum

265 1832 563 1903 solemne
614 1836 940 1921 religiosae
994 1826 1258 1904 unionis
1307 1854 1381 1904 ac
1429 1836 1810 1904 concordiae
1859 1836 1928 1898 ²:

362 1941 429 2007 Si
477 1942 831 2025 secundum,
885 1961 1005 2028 pro
1050 1942 1232 2011 Italis
1281 1942 1599 2029 praecepit
1660 1943 1969 2012 Clemens
2003 1944 2145 2012 VIII
2181 1941 2672 2011 Consti-tutione
2709 1944 2865 2009 Cum

272 2047 480 2115 sicut:
532 2050 597 2135 l)
667 2056 739 2117 ut
800 2067 996 2117 nemo
1064 2049 1268 2117 Italus
1341 2050 1588 2119 habitet
1641 2051 1707 2118 in
1757 2050 1920 2119 locis
1971 2049 2487 2130 haereticorum,
2564 2048 2676 2119 ubi
2728 2068 2860 2117 non

275 2161 455 2223 extet
505 2156 722 2243 aliqua
768 2156 1062 2225 Ecclesia
1113 2170 1261 2224 cum
1312 2156 1656 2225 sacerdote
1705 2156 2052 2239 catholico,
2104 2158 2207 2224 oui
2261 2155 2545 2224 liberum
2580 2155 2664 2223 sit
2698 2156 2862 2223 ritus

272 2270 544 2332 nostros
616 2264 880 2349 publice
951 2280 1302 2345 exercere3
1375 2265 1444 2348 2)
1496 2282 1579 2332 ne
1627 2264 2125 2333 matrimonium
2173 2280 2343 2331 cums
2397 2263 2863 2331 haereticorum

270 2368 561 2440 foeminis
611 2370 833 2439 ineant
881 2370 1024 2438 sine
1070 2372 1141 2438 R.
1190 2370 1532 2439 Pontificis
1582 2370 1887 2452 licentia3
1945 2370 2015 2456 3)
2063 2388 2144 2439 ne
2193 2388 2424 2437 eorum
2501 2369 2861 2455 sepulturis

269 2480 578 2547 intersint
593 2506 612 2561 3
661 2499 783 2548 nec
833 2479 1006 2548 filios
1058 2497 1310 2569 eorum,
1362 2480 1486 2547 nisi
1533 2481 1957 2565 baptizentur
2003 2497 2037 2546 a
2088 2474 2437 2547 sacerdote
2509 2477 2860 2565 catholicO,

270 2586 484 2654 levare
533 2594 937 2672 praesumant
985 2586 1066 2655 de
1114 2604 1301 2655 sacro
1351 2589 1602 2656 Fonte:
1676 2576 1893 2673 neque
1962 2585 2250 2654 vicissim
2327 2586 2497 2653 filios
2557 2584 2861 2670 proprios

269 2694 465 2762 levari
552 2695 769 2763 sinant
852 2695 932 2763 ab
1005 2694 1132 2763 illis
1206 2698 1264 2777 ³,-
1308 2695 1376 2781 4)
1461 2714 1542 2763 ne
1613 2702 1886 2765 utantur
1975 2693 2248 2763 medicis
2340 2692 2713 2775 haereticiS,
2806 2690 2860 2759 si

270 2799 441 2869 adsit
489 2801 679 2886 copia
729 2800 960 2869 medici
1011 2801 1314 2869 catholici
1365 2801 1525 2870 satis
1574 2800 1844 2884 idonei3
1892 2801 1960 2887 5)
2012 2807 2086 2868 ut
2134 2799 2492 2869 discessuri
2565 2799 2645 2866 ad
2717 2798 2863 2866 loca

269 2906 607 2992 praedicta,
658 2908 737 2975 ab
788 2907 1147 2976 ordinariis
1198 2907 1483 2994 propriis
1556 2910 1703 2995 (per
1763 2905 2135 2990 Parochos)
2169 2906 2346 2975 serio
2382 2905 2864 2974 admoneantur

275 3013 359 3083 de
431 3014 559 3085 fide
630 3014 952 3083 catholica
1024 3015 1111 3084 ibi
1189 3022 1510 3102 perpetuo
1584 3015 1953 3097 retinenda,
2003 3014 2085 3082 de
2142 3000 2477 3081 Ecclesiae'
2512 3010 2863 3098 praeceptis

280 3122 754 3207 observandis,
826 3123 908 3192 de
977 3122 1418 3221 sacramentis
1469 3123 1956 3209 percipiendis;
2030 3130 2096 3191 et
2143 3121 2391 3208 (quoad
2464 3122 2710 3206 potest)
2780 3119 2863 3188 de

177 3282 184 3287 .
274 3246 499 3296 earum
553 3248 772 3297 rerum
820 3229 1240 3297 attestatione
1288 3229 1629 3298 referenda
1678 3227 1732 3298 ⁴.
2146 3240 2151 3245 '

363 3336 427 3402 Si
478 3338 746 3419 tertium,
797 3343 898 3404 est
945 3336 1069 3406 sub
1122 3336 1293 3421 gravi
1344 3343 1412 3403 et
1462 3336 1701 3404 minori
1768 3334 2384 3405 excomunicatione
2449 3333 2861 3418 prohibitum

272 3443 765 3512 communicare
814 3461 966 3511 cum
1017 3443 1347 3513 haereticis
1396 3442 1461 3511 in
1511 3442 1802 3526 Divinis;
1854 3443 1979 3511 hoc
2027 3441 2202 3513 enim
2251 3459 2400 3510 esse
2435 3440 2849 3526 nequitquin

273 3549 375 3618 vel
426 3551 686 3620 occasio
733 3550 903 3618 adsit
954 3550 1224 3635 periculi
1275 3550 1733 3620 subversionis
1782 3557 1894 3618 aut
1943 3547 2252 3631 scandali,
2320 3547 2418 3616 vel
2491 3546 2861 3615 communi-

341 3798 360 3838 1
397 3798 470 3848 La
505 3795 690 3849 Civiltd
725 3797 878 3856 Cata,
913 3806 1014 3846 ser.
1047 3796 1125 3856 δ’,
1156 3797 1192 3846 t.
1229 3806 1317 3847 ηις
1362 3797 1433 3846 Un
1469 3798 1783 3857 protestante
1825 3797 1916 3847 che
1945 3798 1989 3846 si
2021 3796 2167 3847 crede
2199 3795 2458 3846 calcolico.

338 3861 362 3901 ²
397 3859 450 3911 Sl
482 3861 657 3910 tamen
691 3857 1050 3908 interveniant
1080 3857 1300 3908 honoris
1333 3860 1384 3909 et
1415 3858 1656 3921 obsequii
1690 3870 1873 3918 causa,
1909 3862 2067 3922 atque
2092 3858 2155 3908 ad
2195 3859 2577 3931 protectionem
2610 3855 2743 3928 sunt·
2782 3855 2862 3906 lu·

276 3922 461 3974 beuter
491 3918 845 3981 suscipiendl;
919 3918 1023 3969 uod
1057 3919 1271 3982 quidem
1307 3918 1463 3970 hodie
1497 3930 1607 3970 non
1641 3923 1801 3971 semel
1837 3920 2037 3971 factum
2073 3920 2339 3982 legitimus
2396 3918 2462 3969 ah
2515 3917 2795 3976 haereticis,
2830 3928 2865 3967 a

278 3986 439 4037 turcis
473 3982 697 4045 aliisque
729 3980 891 4031 infide
913 3978 1052 4033 ibus,
1073 3979 1414 4033 -Probrosum
1446 3986 1606 4033 sanet
1643 3982 1862 4042 gentiles
1894 3982 2109 4041 tuentur
2153 3993 2306 4039 sacra
2359 3981 2542 4031 nostra
2595 3990 2655 4030 ac
2704 3989 2859 4030 vene·

275 4047 480 4155 ”t‘trf’
495 4042 2187 4157 3333,33‘32¹32522{¹22202222³⁸52¹¹13²03‘02¹¹‘51‘3'5232020‘1‘32333‘2m
2222 4045 2501 4095 ‘'³'‘¹¹⁸⁸¹¹‘²

337 4170 360 4211 ί
395 4171 527 4220 Hinc
559 4169 831 4231 corrigere
863 4168 945 4218 est
976 4139 1237 4229 parentes,
1272 4167 1362 4230 qui
1398 4117 1860 4218 indisgcriminatirg
1897 4178 1993 4229 pro
2029 4166 2298 4229 temporali
2332 4166 2481 4216 lucro
2530 4164 2665 4217 fllios
2699 4164 2859 4215 tenel-

274 4232 359 4285 los
393 4234 450 4283 in
486 4232 662 4294 partes
696 4231 1067 4282 haereticorum
1108 4229 1340 4289 mittunt,
1374 4230 1502 4291 quin
1537 4229 1668 4290 ipsis
1702 4229 2016 4291 provideant
2045 4229 2222 4292 quoad
2259 4228 2603 4291 Religionem,
2644 4238 2860 4290 peccare

276 4296 535 4357 graviter:
569 4318 634 4330 -
664 4294 714 4354 1)
747 4295 936 4343 eontra
965 4292 1287 4350 charitatem,
1322 4302 1442 4354 quae
1472 4293 1634 4351 vetat,
1671 4302 1737 4341 ne
1773 4292 2020 4354 proximo
2039 4292 2252 4342 occasio
2280 4290 2531 4354 peccandi
2563 4290 2855 4352 tribuatur;

275 4381 340 4395 —
372 4361 422 4415 2)
458 4357 642 4407 contra
667 4355 929 4417 pietatem,
965 4365 1084 4417 quae
1117 4353 1263 4416 ipsos
1296 4352 1520 4415 impellit
1551 4352 1615 4402 ad
1651 4354 1912 4414 spirituali
1950 4352 2181 4404 tiliorum
2228 4353 2375 4403 bono
2424 4352 2761 4413 vacandum;
2797 4377 2862 4389 —

277 4420 328 4481 3)
364 4419 549 4470 contra
578 4417 745 4479 tidem,
780 4416 932 4489 cnjus
965 4414 1265 4468 amittendae
1299 4415 1533 4478 periculo
1559 4413 1699 4465 filios
1731 4417 2030 4479 exponunt:
2067 4427 2224 4478 porro
2260 4417 2429 4468 virtus
2460 4414 2711 4478 quaeiibet
2736 4426 2860 4477 prae·

277 4483 425 4547 cipit,
463 4481 521 4530 ut
553 4486 709 4531 nemo
742 4480 815 4530 sit
843 4478 986 4533 iilius
1021 4477 1273 4529 laedendae
1306 4488 1472 4527 causa
1501 4478 1580 4528 vel
1617 4479 1847 4528 occasio.
2186 4508 2193 4517 -

405 4544 535 4594 Cum
572 4543 747 4593 autem
790 4541 946 4592 hodie
988 4541 1255 4592 discessus
1309 4551 1418 4590 non
1468 4539 1697 4601 amplius
1751 4539 2077 4601 significetur
2130 4539 2441 4599 ordinm-lie,
2500 4539 2859 4590 parochorum

279 4617 404 4668 ergo
435 4604 534 4657 erit
566 4603 861 4669 providere,
895 4605 949 4655 et
981 4603 1160 4655 dehita
1196 4602 1402 4653 monita
1430 4602 1661 4655 tribuere
1694 4613 1757 4651 ac
1786 4602 1907 4653 torti
1943 4604 2122 4655 animo
2154 4603 2322 4675 loqui,
2376 4612 2499 4654 cum
2544 4604 2643 4664 ipsi
2690 4601 2861 4652 sciant

280 4669 382 4719 hac
419 4670 470 4717 in
507 4680 560 4718 re
590 4676 810 4717 suorum
845 4667 1290 4738 parochianorum
1333 4675 1509 4717 mores
1546 4675 1608 4715 ac
1641 4663 2078 4716 consuetudines.
2402 4676 2415 4695 ⁶
