3292 5167
1146 273 1151 278 ¹
1248 217 1701 267 Annon-rioms
2643 205 2782 272 725

172 319 496 383 communi
534 311 840 400 stiffi-apio
879 318 1183 400 religiose
1206 321 1515 402 acceptis‚‘
1548 339 1682 401 quie
1735 329 1940 386 tamen
1982 341 2192 388 secum
2231 341 2519 408 paginare
2560 327 2772 391 viden·

189 403 349 463 tur?
389 419 443 463 v.
484 417 540 481 9.
582 409 808 482 raptus
848 417 896 463 s.
943 399 1147 464 Glarai
1187 409 1250 464 et
1290 420 1341 468 s.
1384 402 1686 482 Birqittoe
1727 421 1867 465 vere
1910 408 2432 485 supernaturales
2467 423 2544 470 ac
2569 409 2782 472 divini

174 480 257 543 in
300 477 661 543 substantia
701 480 894 561 fuere.
937 482 1226 544 Attamen
1271 501 1320 544 s.
1370 482 1563 545 Clara
1618 483 1779 546 vidit
1824 482 2144 547 Christum
2201 485 2409 552 tribus
2466 486 2775 566 clavibus,

174 578 240 624 s.
283 559 565 640 Birpitta
608 568 877 641 quatuor
914 562 1201 625 clavibus
1242 561 1437 642 fuisse
1481 564 1549 626 in
1591 580 1781 626 cruce
1823 565 2185 644 confinium?

268 639 335 702 R.
380 640 528 704 Ideo
575 642 691 704 hoc
733 644 969 715 evenit,
1010 645 1161 721 quia
1204 641 1419 706 Sancti
1464 646 1828 720 generatim
1893 646 1959 705 in
2034 646 2236 708 extasi
2302 655 2368 709 et
2429 645 2656 711 vident
2697 656 2770 712 et

176 720 414 784 dicunt
456 732 520 784 et
563 721 809 786 faciunt
851 723 1202 786 secundum
1248 725 1491 802 species
1540 723 1933 786 naturaliter
1974 724 2104 802 iani
2147 725 2229 788 'ab
2274 726 2426 805 ipsis
2523 728 2764 806 proeha·

184 801 353 864 bitas
398 806 461 863 in
508 801 692 865 sactis
738 805 1081 866 historicis.
1123 802 1248 866 Cur
1292 814 1503 867 autem
1552 806 1715 867 Deus
1753 805 1916 866 nolit
1951 820 2059 867 eas
2090 806 2436 883 corrigere,
2472 806 2615 871 ideo
2668 820 2766 872 est

170 884 334 960 quia
381 882 442 943 id
489 882 564 945 ad
611 883 1008 962 spiritualem
1056 884 1333 948 fructum
1378 885 1542 945 nihil
1590 883 1886 957 confert3
1952 883 2017 946 lii
2079 886 2252 947 enim
2324 893 2542 965 raptus
2614 898 2766 951 sunt
2811 923 2816 930 ·

168 962 263 1024 ad
311 963 642 1027 fovendam
689 965 1095 1027 devotionem
1139 981 1211 1027 ac
1256 964 1545 1026 divinum
1594 979 1914 1041 amorem,
1962 981 2088 1026 non
2117 965 2192 1027 ad
2230 966 2567 1030 historicas
2592 985 2762 1046 quae·

183 1043 428 1105 stiones
473 1043 887 1108 resolvendas
930 1054 995 1108 et
1038 1046 1364 1107 hominum
1410 1045 1768 1108 curiositati
1804 1046 2246 1109 serviendum.
2294 1043 2397 1108 Sic
2437 1047 2764 1125 protertur

166 1123 477 1202 ‹quiedam
521 1123 737 1188 Oratio
780 1142 826 1187 s.
871 1125 1233 1188 Catharinae
1276 1126 1566 1187 senensis
1618 1135 1840 1188 contra
1890 1125 2080 1187 fidem
2145 1125 2568 1190 immaculatas
2611 1126 2766 1190 Con·

165 1205 531 1283 -ceptionis;
575 1221 716 1285 quae
763 1216 972 1269 tamen
1022 1206 1179 1268 nihil
1227 1205 1379 1267 tacit
1422 1215 1638 1267 contra
1697 1209 2081 1269 veritatem:
2122 1223 2245 1268 non
2294 1210 2464 1268 enim
2513 1225 2657 1287 quae
2695 1210 2763 1270 in

164 1285 583 1347 orationibus
625 1285 1002 1350 Sanctorum
1036 1286 1375 1361 habentur,
1404 1287 1555 1364 ipsis
1605 1285 1805 1349 factas
1842 1285 2270 1349 revelationes
2310 1287 2618 1360 indicant,
2650 1289 2762 1350 sed

168 1365 253 1426 -ea
302 1381 444 1445 qnae
488 1365 588 1428 vei
635 1368 787 1446 ipsae
830 1368 1123 1442 credunt,
1162 1366 1263 1428 vel
1308 1368 1682 1428 existimant
1727 1369 1809 1429 ita
1858 1383 2016 1429 esse.
2061 1366 2243 1429 Unde
2288 1369 2339 1429 si
2388 1367 2496 1429 illa
2539 1372 2749 1431 oratio

174 1442 306 1506 fuit
349 1461 569 1508 revera
616 1465 665 1509 s.
710 1447 1090 1520 Cauterium,
1136 1446 1408 1508 dicimus
1455 1446 1517 1507 id
1564 1462 1704 1509 eam
1752 1447 2009 1520 dixisse,
2057 1463 2183 1511 non
2232 1446 2358 1509 Deo
2399 1449 2760 1524 revelante,

168 1525 289 1588 sed
316 1542 394 1588 ex
426 1530 682 1606 proprio
728 1530 958 1607 spiritu
981 1537 1045 1590 et
1067 1543 1276 1602 sensu,
1303 1536 1603 1606 tanquam
1627 1543 1768 1606 quae
1794 1529 1918 1590 fuit
1939 1528 2067 1592 filia
2113 1528 2472 1606 spiritualis
2501 1528 2764 1592 Patrum

167 1603 769 1681 Dominicanorum‚
824 1624 859 1671 a
902 1607 1131 1687 quibus
1169 1609 1333 1669 hanc
1390 1609 1776 1672 sententiam
1836 1608 2057 1671 edocta
2103 1607 2336 1671 fuerat.
2370 1641 2441 1658 -—
2481 1607 2551 1672 V.
2619 1609 2758 1671 Dis·

165 1689 441 1766 sertatio
502 1689 618 1750 hac
682 1688 761 1750 de
807 1706 877 1750 re
940 1687 1007 1751 ir'i
1070 1689 1248 1751 Actis
1313 1687 1690 1752 Sanctorum
1731 1688 2016 1751 Bolland.
2059 1689 2156 1750 die
2198 1689 2237 1750 5
2279 1687 2438 1766 maji
2495 1689 2560 1752 in
2623 1691 2764 1754 vita

166 1782 221 1828 s.
267 1765 493 1830 Μανία»
536 1768 808 1848 Mapaal.
850 1770 922 1832 de
948 1770 1218 1831 ‘Panis
1262 1802 1339 1815 -
1384 1769 1570 1844 Dens,
1614 1768 1730 1831 De‘
1756 1767 1992 1831 Virtute
2031 1769 2194 1849 fidei.
2238 1802 2318 1814 —
2359 1769 2436 1831 Et
2482 1770 2758 1834 maxime

168 1844 665 1925 papebrochius,
707 1850 781 1912 In
822 1851 956 1912 suis
999 1848 1526 1930 responsionibus,
1569 1857 1688 1912 art.
1732 1849 1828 1912 20.

250 1925 466 2001 Quoad
514 1933 792 2008 privatas
837 1932 1205 2009 prophetias
1251 1946 1325 1992 ac
1367 1929 1843 2008 praedictiones,
1887 1946 2029 2009 quae
2077 1929 2274 1992 hodie
2322 1932 2595 1992 maxime
2643 1931 2761 1992 cir·

48 1991 69 2007 ‘
160 2008 640 2088 curaret-untur,
681 2010 830 2073 vide
873 2011 1007 2073 Lib.
1053 2028 1134 2086 iv,
1179 2011 1510 2100 Appendix
1552 2008 1651 2076 36.

1203 2250 1325 2332 (D)
1377 2251 1531 2332 Paq.
1571 2251 1712 2318 619..
1983 2273 2062 2330 s„

247 2474 524 2535 ιθθθ.
570 2474 637 2548 Q.
685 2475 736 2537 t.
782 2476 880 2537 An
921 2492 1216 2539 assensus
1259 2475 1403 2556 fidei
1444 2475 1535 2537 sit
1574 2474 1819 2538 certior
1865 2472 2166 2537 naturali
2206 2471 2599 2553 coquitione?

247 2554 321 2617 R.
367 2555 596 2635 Utique
638 2572 933 2618 assensus
978 2556 1127 2618 fidei
1175 2567 1272 2636 est
1315 2558 1555 2619 certior
1604 2558 1740 2635 ipsa
1789 2555 2161 2635 cognitione
2206 2551 2530 2628 naturali3
2609 2566 2755 2615 nam

163 2634 333 2698 fides
370 2636 667 2698 innititur
699 2637 958 2700 veritati
990 2636 1248 2710 divinae,
1283 2637 1564 2716 cognitio
1599 2652 1754 2698 vero
1793 2634 2106 2699 naturalis
2144 2635 2375 2696 rationi
2421 2634 2751 2707 humanm,-

154 2732 325 2794 ergo
371 2716 698 2779 concludit
739 2710 1121 2796 Angelicus:
1166 2716 1368 2780 Multo
1414 2718 1618 2796 mapis
1666 2715 1839 2780 homo
1881 2716 2117 2779 certior
2165 2721 2259 2777 est
2312 2714 2384 2776 de
2433 2731 2531 2796 eo,
2594 2715 2757 2793 quoii!

155 2797 354 2860 audit
394 2812 434 2857 a
476 2795 599 2859 Deo
639 2799 748 2877 qui
788 2797 939 2878 falli
977 2815 1100 2860 non
1142 2807 1366 2875 potest,
1408 2814 1594 2877 quam
1637 2798 1712 2859 de
1758 2815 1842 2872 eo,
1888 2797 2047 2876 quod
2098 2795 2264 2857 videt
2366 2795 2584 2873 ropria
2646 2809 2750 2855 ra·

164 2878 335 2940 tione
378 2893 509 2955 quw
547 2876 700 2957 falli
737 2886 941 2958 potest
980 2877 1069 2957 (2,
1122 2879 1178 2952 2,
1221 2894 1278 2957 q.
1325 2879 1383 2950 4,
1426 2893 1478 2939 a.
1527 2877 1613 2956 8).
1664 2877 1847 2940 Unde
1892 2877 1951 2939 d.
1996 2876 2259 2940 Petrus:
2346 2872 2599 2937 abemus
2640 2873 2746 2952 fir·

160 2959 421 3019 mici-em
458 2958 886 3037 propheticum
945 2976 1281 3022 sermonem
1325 2958 1464 3037 (Ep.
1496 2974 1574 3032 it,
1605 2973 1656 3019 o.
1691 2958 1771 3037 1).
1810 2955 1933 3019 Sed
1973 2957 2092 3019 hoc
2133 2954 2624 3034 intelligendum
2671 2952 2750 3016 de

159 3036 557 3103 certitudine
606 3038 752 3101 fidei
786 3040 1133 3102 secundum
1179 3039 1721 3119 appretiationem,
1765 3054 1892 3100 non
1929 3037 2280 3098 secundum
2319 3035 2746 3097 intensionem.

157 3117 321 3181 Nam
386 3133 552 3196 saepe
618 3117 978 3199 contingit,
1039 3131 1108 3183 ut
1173 3121 1440 3182 scientia
1506 3120 1743 3182 clarius
1811 3118 2206 3197 percipiatur
2262 3114 2340 3178 ab
2388 3115 2745 3192 intellectu,

154 3206 357 3278 atque
402 3207 471 3259 ut
513 3201 829 3262 connexio
872 3201 1162 3265 scientiae
1205 3216 1348 3263 cum
1392 3200 1667 3262 veritate
1713 3200 1916 3276 magis
1961 3204 2286 3277 appareat,
2344 3211 2532 3275 quam
2596 3210 2742 3257 con·

163 3282 359 3341 nexio
404 3278 550 3340 fidei
599 3295 739 3343 cum
784 3281 1049 3354 eadem3
1091 3281 1493 3357 cognitiones
1539 3282 1714 3341 enim
1753 3279 2086 3341 naturales
2133 3285 2350 3357 utpote
2385 3280 2597 3354 captui
2629 3290 2746 3336 no-

148 3369 301 3422 stro
345 3359 789 3436 accomodatas,
834 3378 912 3425 ex
956 3362 1073 3424 hac
1118 3370 1297 3441 parte
1342 3361 1541 3438 inagis
1584 3362 1871 3421 animuin
1916 3361 2206 3437 quietant
2267 3372 2340 3418 ac
2383 3361 2639 3419 satiant.

247 3437 317 3512 Q.
361 3438 417 3501 2.
462 3438 561 3500 An
599 3440 748 3520 fides
793 3441 856 3504 in
899 3451 1139 3505 natura
1179 3457 1297 3504 sua
1337 3457 1414 3503 ac
1454 3439 1773 3520 principio
1818 3438 2074 3522 formali
2115 3443 2400 3519 spectata
2442 3436 2741 3499 essentia·

156 3520 316 3584 liter
356 3536 399 3578 a
438 3520 705 3583 scientia
747 3523 1228 3603 distinpuatur?
2658 3594 2671 3606 ⁶

244 3599 315 3664 R.
358 3599 789 3678 Affirmative3
832 3602 1048 3664 differt
1093 3599 1440 3681 nempe:1)
1488 3616 1567 3662 ex
1594 3599 1973 3663 diversitate
2005 3597 2334 3679 principii,
2375 3595 2741 3687 tides-enim

151 3680 452 3761 gignitur
496 3696 530 3743 3
575 3686 776 3761 gratia
822 3683 1318 3762 superveniente
1363 3690 1632 3758 naturae,
1704 3679 2018 3761 planeque
2084 3683 2406 3758 gratuita;
2473 3683 2740 3767 scientia

154 3777 318 3826 vero
363 3776 396 3821 a
444 3770 666 3825 natura
718 3763 1123 3842 intelligente
1167 3762 1465 3841 profluit3
1506 3762 1575 3838 2)
1617 3777 1698 3823 ex
1743 3760 2118 3823 diversitate
2163 3757 2435 3849 objecti,
2465 3753 2632 3836 quod
2674 3769 2739 3815 in

154 3840 297 3904 fide
343 3845 761 3907 constituitur
804 3861 883 3906 ex
926 3842 1221 3905 omnibus
1244 3851 1308 3902 et
1332 3841 1485 3902 solis
1527 3841 1909 3905 veritatibus
1940 3857 1970 3902 a
2003 3840 2129 3902 Deo
2176 3837 2476 3929 revelatis
2526 3850 2740 3914 super·

158 3919 440 3986 naturali
501 3925 687 3987 modo
702 3943 722 3999 3
764 3923 1082 4003 objectum
1110 3938 1260 3986 vere
1288 3923 1577 3984 scientiae
1621 3923 2036 3986 constituitur
2078 3935 2158 3982 ex
2211 3916 2590 3980 veritatibus
2633 3930 2744 3976 na·

165 4004 395 4067 turalis
438 4002 706 4080 ordinis»,
750 4022 904 4084 quas
952 4005 1140 4067 homo
1186 4004 1244 4065 vi
1295 4001 1747 4095 intelligentiis
1791 4019 1924 4066 suae
1973 4016 2087 4082 per
2130 4015 2197 4061 se
2241 3999 2578 4089 acquirere
2630 4010 2740 4073 po·

158 4093 335 4158 test3
376 4079 441 4159 3)
486 4098 565 4145 ex
610 4084 985 4148 diversitate
1019 4084 1236 4146 motivi
1274 4082 1590 4163 formalis,
1638 4081 1813 4161 quod
1859 4081 2034 4144 aliud
2082 4096 2220 4142 esse
2265 4086 2490 4158 nequit
2534 4089 2740 4169 ¹⁰59·

162 4164 462 4227 ritatibus
508 4163 680 4241 fidei,
728 4167 851 4228 nisi
897 4167 1242 4228 auctoritas
1287 4162 1396 4225 Dei
1448 4162 1838 4226 revelantis:
1896 4166 2202 4223 veritates
2244 4175 2436 4240 porro
2487 4155 2741 4250 ordinis

148 4238 479 4310 ‘naturalis
524 4246 712 4308 homo
755 4246 1038 4308 admittit
1083 4245 1143 4306 vi
1189 4242 1534 4306 evidentiae
1578 4254 1690 4307 ant
1731 4241 2291 4316 demostrationis3
2318 4240 2383 4319 4)
2414 4253 2494 4300 ex
2523 4236 2740 4298 diver·

144 4325 353 4389 -sitate
394 4323 575 4407 finis,
638 4325 958 4405 siquidem
1003 4325 1162 4387 fides
1223 4340 1350 4387 una
1412 4340 1553 4387 cum
1598 4325 1947 4386 virtutibus
1983 4321 2249 4401 reliquis
2280 4334 2427 4412 quie
2456 4333 2593 4379 eam
2632 4331 2735 4410 co:

150 4406 396 4470 mitare
428 4406 687 4482 dehent,
724 4405 1047 4469 hominem
1083 4405 1371 4485 disponit
1404 4421 1477 4480 ac
1517 4413 1836 4483 praeparat
1877 4401 1950 4467 ad
1979 4405 2181 4482 ipsam
2216 4401 2579 4492 intuitivam
2612 4398 2734 4458 Dei

148 4485 477 4552 ‘visionem
517 4502 591 4550 ac
633 4488 1041 4560 fruitionem3
1071 4502 1107 4548 e
1137 4496 1356 4548 contra
1390 4500 1542 4547 vero
1570 4500 1685 4564 per
1728 4485 2041 4547 rationem
2074 4498 2146 4544 ac
2173 4485 2511 4543 scientiam
2541 4478 2746 4541 homo

154 4580 290 4627 non
336 4569 615 4646 attingit,
659 4569 781 4631 nisi
829 4569 1261 4647 cognitionem
1301 4565 1413 4629 Dei
1446 4566 1900 4629 abstractivam
1930 4579 2004 4628 ao
2034 4578 2318 4627 amorem
2348 4556 2742 4624 naturalem.

145 4642 249 4711 {ta
296 4648 596 4726 Peri-one,
642 4648 728 4711 De
772 4647 946 4712 Locis
995 4647 1217 4723 Tlieol„
1264 4661 1323 4726 p.
1365 4645 1452 4725 3⁸,
1494 4663 1550 4710 c.
1592 4662 1662 4709 ii.
2469 4661 2490 4674 ·

250 4748 513 4830 ScAvtNt,
567 4748 894 4834 Theolopia
938 4754 1063 4818 etc.
1111 4749 1182 4816 Τ.
1231 4747 1313 4817 11.
2468 4739 2556 4806 46
