3292 5167
541 174 683 244 660
1250 193 1366 243 ιιΒ.
1415 193 1481 242 11.
1530 197 1741 244 mser.
1788 193 1920 275 ¹vm.
1966 191 2119 242 mse.
2168 192 2209 241 ι.
2254 197 2385 244 car.
2435 194 2513 245 lv.

552 306 788 377 nostra,
831 296 938 359 vix
982 296 1044 357 iu
1091 296 1346 360 sublimi
1381 297 1697 377 Principis
1744 297 2189 377 Apostolorum
2216 297 2538 362 -catbedra
2582 296 2948 362 collocatus
2980 297 3139 364 Pon·

554 376 709 439 tifex
752 377 1059 439 Maximus
1105 377 1250 441 Pius
1295 377 1376 442 IX
1395 427 1417 463 Ι,
1463 382 1639 458 quasi
1689 398 1722 442 e
1785 379 2068 441 culmine
2121 377 2343 442 Turris
2393 378 2714 442 Davidicae
2778 378 3137 458 subjectum

548 459 668 521 sib‘i
706 458 925 520 orbem
958 458 1341 521 catholicum
1373 469 1617 521 attente
1646 459 2196 538 circumspiciens,
2231 460 2545 539 sapientia
2587 459 2776 538 plane
2814 461 3137 539 singulari

547 538 911 618 (Eucyclica
955 537 1078 613 Qui
1134 536 1433 618 pluribus
1475 541 1516 603 9
1562 557 1702 603 nov.
1751 539 2284 620 ¹846)‘indicavit
2352 540 2654 604 omnibus
2717 538 3141 620 Patriarcbis,

551 617 968 695 Primatibus,
1026 620 1533 700 Archiepiscopis
1577 628 1640 683 et
1682 621 2047 700 Episcopis,
2106 629 2179 684 ut
2222 621 2288 683 in
2332 635 2403 683 ea
2474 620 2877 683 eliminanda
2926 622 3135 687 studia

437 706 446 714 ’
557 698 745 761 simul
789 715 1011 761 omues
1046 701 1239 762 enixe
1284 701 1703 763 intenderent
1745 702 1795 762 ¹.
1841 700 1917 763 Et
1960 711 2179 763 sunt:-

602 812 605 819 ’
708 783 772 850 a)
817 779 1313 842 Rationalismus
1356 778 1722 844 absolutus:
1768 783 2277 845 rationalismum
2325 782 2430 845 bic
2473 780 2753 843 dicimus
2784 796 3016 845 eorum
3046 797 3142 845 co·

550 870 768 922 natum
816 859 914 937 (ut
958 860 1170 923 verbis
1217 871 1470 925 utamur
1517 864 1732 941 magni
1777 862 1872 925 Pii
1921 878 2099 941 papae
2145 860 2254 938 IX)
2298 863 2408 943 qui
2445 869 2831 941 proepostero
2872 876 3037 924 sane
3076 870 3143 926 ct

549 940 966 1020 fallacissimo
1008 944 1496 1023 arpumentandi
1536 960 1774 1022 ponere,
1819 958 2139 1024 nunquam
2186 942 2483 1009 desinunt
2527 938 2815 1003 hnmanae
2862 943 3140 1006 rationis

552 1023 676 1083 vim
720 1029 782 1082 et
821 1022 1257 1085 excellentiam
1298 1023 1619 1102 appellare
1662 1030 1726 1086 ot
1763 1023 2065 1087 emtollere
2110 1029 2333 1086 contra
2375 1022 2847 1102 sanctissimam
2896 1021 3141 1088 Christi

551 1101 756 1179 fidem,
800 1110 986 1185 atque
1028 1103 1460 1166 audacissime·
1493 1102 1815 1167 blaterant
1841 1122 1980 1167 eum
2023 1104 2307 1166 humanm
2340 1104 2671 1184 refragari
2702 1103 2968 1165 rationi.
3012 1103 3139 1179 Quo

553 1182 719 1245 nihii
760 1193 924 1247 certe
964 1183 1330 1260 dementias,
1371 1184 1534 1248 nihil
1576 1186 1776 1265 maqis
1821 1186 2100 1266 impiam,
2131 1184 2301 1247 nihii
2332 1191 2558 1247 contra
2592 1185 2799 1263 ipsam
2827 1186 3140 1248 rationem

550 1265 749 1342 mayis
791 1280 1151 1345 repuqnans
1190 1264 1346 1346 finqi
1375 1266 1470 1328 vel
1502 1266 1858 1345 eoecoqitari
1880 1272 2103 1346 potest.
2139 1265 2326 1340 Sane,
2357 1267 2608 1327 etiamsi
2646 1263 2807 1327 fides
2830 1266 2918 1327 sit
2941 1282 3140 1344 supra

552 1353 888 1418 rationem,
933 1360 1060 1406 non
1106 1354 1203 1407 est
1251 1354 1464 1408 tamen
1509 1355 1733 1408 contra
1777 1346 2002 1424 ipsam,
2034 1363 2241 1426 neque
2273 1345 2399 1409 ulla
2436 1361 2579 1406 vera
2614 1344 2941 1407 dissensio
2967 1347 3139 1409 inter

555 1431 921 1504 utramque;
986 1440 1131 1487 cum
1176 1434 1446 1504 utraque
1488 1429 1573 1489 sit
1614 1428 1694 1490 ab
1740 1443 1867 1489 uno
1911 1427 2263 1506 eodemque
2322 1426 2644 1504 principio
2706 1426 3139 1507 immutabili,

553 1505 679 1567 Deo
724 1521 973 1586 nempe,
1015 1507 1119 1584 qui
1162 1508 1415 1588 utrique
1449 1523 1710 1585 scopum
1753 1524 1938 1571 suum
1970 1507 2264 1587 praefixit,
2296 1517 2364 1569 ut
2394 1506 2515 1568 sibi
2548 1515 2839 1568 mutuam
2886 1506 3142 1573 ferrent

555 1600 760 1664 opem.
802 1586 886 1649 Ac
930 1587 1134 1665 primo
1179 1586 1285 1667 (ad
1333 1604 1465 1649 rem
1512 1586 1587 1650 cl.
1627 1587 1939 1667 Perrone)
1994 1590 2163 1650 ratio
2202 1604 2316 1667 por
2350 1587 2529 1665 fidem
2565 1585 2951 1668 persi-'tum
2988 1605 3126 1668 pro-

562 1662 835 1749 blemata
879 1683 1012 1746 quae
1052 1664 1180 1729 sibi
1210 1670 1520 1746 permissa-
1547 1675 1662 1735 αυτ
1692 1685 1852 1748 oeqre
1894 1668 2268 1731 solummodo
2308 1675 2372 1728 et
2398 1667 2775 1746 imperfecte,
2809 1675 2931 1729 aut
2959 1668 3138 1730 nulia

555 1745 820 1825 fortasse
848 1753 1097 1810 ratione
1132 1747 1363 1810 solvere
1405 1755 1657 1828 poterat
1698 1751 1872 1810 circa
1904 1749 2115 1823 Deam,
2144 1748 2441 1811 mundum
2470 1765 2547 1811 ac
2577 1746 2900 1822 hominem,
2952 1747 3139 1826 facito

555 1829 864 1907 attinqit,·
907 1829 1047 1905 ejus
1090 1828 1432 1891 dominium
1473 1830 1904 1909 amplificatur
1945 1836 2136 1909 atque
2192 1829 2637 1910 protenditur,
2704 1828 3141 1907 impulsionem

556 1910 750 1970 sentit
790 1907 871 1971 ad
911 1908 1348 1988 difficilioram
1391 1910 1931 1991 investiqationem
1973 1910 2472 1989 pertentandum.
2530 1907 2697 1971 Vices
2741 1910 2961 1972 deinde
3006 1909 3142 1972 fidei

557 1990 784 2058 reddit,
826 1990 973 2051 dam
1014 1989 1335 2052 adnititur
1384 1992 1522 2062 eius
1568 1992 1815 2071 inpredi
1846 1990 2220 2068 penetralia,
2263 1990 2601 2069 scientifice
2642 1992 2954 2052 veritates
2984 2008 3138 2069 qaas

559 2070 819 2149 accepit,
860 2070 1222 2147 empendere,
1269 2088 1467 2134 nexas
1511 2071 1775 2134 illarum
1818 2072 2159 2140 ostendere,
2196 2086 2301 2133 eas
2330 2069 2668 2134 suasibiles
2711 2072 2994 2143 reddere,
3042 2090 3137 2149 sy·

555 2158 753 2212 stema
795 2167 873 2213 ew
909 2150 1040 2213 iilis
1081 2151 1441 2213 universum
1482 2152 1734 2232 officere,
1775 2152 2029 2232 aliaque
2072 2152 2382 2229 ejusmodi
2409 2151 2640 2228 moliri,
2669 2150 2900 2231 quibus
2937 2152 3137 2237 quoad

558 2231 692 2308 ejus
735 2230 875 2309 fieri
915 2237 1132 2309 potest,
1176 2232 1661 2312 inteliiyentiam
1702 2233 1849 2313 fidei
1889 2234 2302 2297 nanciscatur
2336 2230 2384 2292 2.

714 2310 783 2388 b)
830 2309 1476 2375 Semirationalismas
1519 2329 1631 2375 seu
1686 2314 2166 2377 rationaiismus
2225 2312 2620 2374 moderatus.-
2681 2312 2850 2374 sicut
2906 2311 3062 2373 olim
3103 2328 3134 2373 a

557 2391 1015 2470 pelagianismo
1069 2395 1384 2471 orignnem
1433 2393 1654 2456 babuit
1712 2395 2388 2474 semipelaqianismus,
2450 2393 2534 2454 ita
2593 2409 2625 2456 a
2694 2392 3136 2454 rationalismo

560 2482 849 2534 recenter
894 2471 1141 2534 effluxit
1182 2475 1855 2547 semirationaiismus;
1898 2492 2022 2553 quo
2070 2475 2430 2537 iudicamus
2473 2473 2801 2536 doctrinas
2862 2488 3135 2550 quorun·

558 2553 699 2615 dam
749 2552 1466 2631 pseudocatholicorum,
1510 2556 1614 2633 qui
1664 2553 1817 2617 licet
1851 2555 2193 2619 videantur
2251 2551 2787 2631 rationalismum‚
2839 2562 2911 2615 ut
2960 2553 3022 2613 in
3068 2570 3133 2615 se

558 2643 686 2705 est,
727 2633 940 2710 palam
1000 2634 1306 2712 rejicere,
1357 2634 1514 2697 tales
1548 2643 1759 2697 tamen
1804 2637 2156 2697 sententias
2193 2634 2621 2716 promulgant,
2666 2648 2809 2713 quae
2845 2636 2900 2695 si
2936 2631 3136 2711 logice

557 2713 971 2779 evolvantur,
1017 2716 1091 2775 ad
1153 2714 1411 2778 easdem
1455 2718 1950 2796 consequentias
1995 2718 2279 2780 trahunt.
2325 2714 2431 2779 lsti
2480 2715 2823 2790 videlicet,
2882 2715 3131 2777 tametsi

557 2792 880 2856 fateantur
917 2792 1110 2857 fidem
1171 2796 1552 2858 catholicam
1598 2811 1726 2859 non
1791 2796 2119 2859 adversari
2173 2795 2450 2859 naturali
2514 2795 2797 2859 bominis
2862 2794 3138 2869 rationi3

559 2875 643 2936 ita
692 2883 922 2935 tamen·
951 2875 1330 2951 quibusdam
1377 2877 1556 2937 novis
1602 2885 1668 2939 et
1712 2877 2164 2940 resonantibus
2207 2876 2422 2938 verbis
2466 2876 2632 2939 hauc
2660 2873 3007 2938 secundam
3041 2873 3139 2937 de-

558 2955 867 3022 scribunt,
917 2964 981 3016 ut
1025 2957 1366 3034 primatum
1412 2957 1471 3017 ei
1517 2973 1709 3036 super
1753 2957 1944 3019 iidem
1991 2956 2346 3021 concedere
2408 2973 2536 3019 non
2583 2957 2993 3020 erubescant.
3021 2954 3135 3038 „Ec-

556 3033 815 3097 clesiam
859 3035 1237 3098 catholicam
1285 3052 1424 3099 non.
1453 3046 1733 3115 negant,
1795 3038 1906 3100 sed
1953 3037 2216 3101 Lutheri
2261 3046 2326 3100 et
2367 3036 2611 3120 Calvini
2673 3037 2971 3099 dicteriis
3008 3051 3137 3112 Jam

558 3130 590 3177 a
638 3116 868 3178 saeculo
910 3114 1047 3179 XVI
1096 3117 1364 3179 exoletis
1409 3121 1843 3189 concinentes,
1885 3134 2026 3187 eam
2074 3116 2255 3180 nobis
2299 3118 2608 3181 exhibent
2650 3117 2944 3184 cruentis
3000 3114 3135 3178 vul-

559 3195 821 3257 neribus
862 3205 1178 3270 onustam,
1223 3196 1668 3273 deformatam,
1712 3197 1903 3261 talem
1951 3214 2078 3261 uno
2120 3198 2342 3273 verbo,
2391 3200 2488 3261 cui
2535 3198 2805 3278 frontem
2847 3211 3020 3274 rupa
3061 3213 3137 3257 ss·

558 3277 708 3336 nilis
744 3284 915 3338 aret.-
957 3287 1021 3338 et
1063 3277 1209 3339 ideo
1253 3277 1480 3341 volunt
1523 3278 1596 3339 ad
1634 3289 1986 3357 praesentes
2031 3278 2405 3358 populorum
2453 3277 2959 3341 consuetudines
3002 3292 3136 3339 esse

558 3357 689 3417 suis
721 3358 785 3417 in
817 3358 1130 3419 doctrinis
1170 3367 1293 3421 tam
1340 3359 1690 3422 moralibus
1733 3375 1921 3439 quam
1967 3360 2345 3438 dogmaticis
2389 3358 2935 3422 accomodandam
2980 3356 3138 3434 (cat-

560 3435 859 3499 tolicismo
901 3438 1420 3518 ammodernato).
1488 3440 1675 3513 Quasi
1723 3455 1953 3519 nempe
1995 3440 2509 3520 sapientissimus
2561 3439 2854 3519 ejusdem
2901 3437 3137 3500 Auctor

557 3525 620 3579 et
664 3515 848 3578 Pater
892 3516 1180 3581 Christus
1222 3518 1405 3582 Jesus
1452 3537 1577 3583 non
1624 3522 1707 3584 sit
1745 3520 1913 3583 idem
1956 3518 2095 3583 lteri
2137 3530 2200 3585 et
2244 3520 2438 3595 hodio,
2482 3521 2507 3581 i
2554 3538 2618 3584 se
2659 3527 2721 3583 et
2761 3521 2830 3583 in
2873 3518 3133 3593 saecuto,

557 3606 621 3659 et
679 3596 915 3659 frustra
963 3598 1042 3659 de
1085 3614 1193 3661 sua
1241 3599 1518 3663 Ecclesia
1569 3602 2122 3679 pronuntiaverit:
2163 3609 2366 3682 portoe
2408 3600 2474 3664 in
2508 3604 2601 3663 eri
2663 3620 2786 3665 non
2842 3599 3138 3677 praevato·

563 3673 719 3740 bunt
756 3679 1052 3743 adversas
1102 3696 1254 3742 eam.
1960 3709 1965 3715 ,

634 3758 998 3821 Admittunt
1039 3775 1406 3839 supremum
1455 3761 1744 3824 veritatis
1781 3759 2059 3824 tribunal
2086 3779 2105 3835 3
2160 3762 2273 3825 sed
2319 3761 2475 3825 illud
2546 3762 2611 3823 in
2674 3763 2989 3841 opinione
3033 3768 3132 3830 bo·

553 3841 799 3902 minum
830 3888 845 3915 ‚
900 3855 1086 3918 quam
1135 3839 1358 3904 dicunt
1417 3842 1868 3917 universalem,
1924 3841 2368 3905 collocandum
2417 3858 2559 3907 esse
2616 3843 2875 3908 docent.
2921 3845 3134 3911 Vitam

557 3930 861 3983 aeternam
910 3922 996 3982 uti
1055 3921 1348 3984 ultimum
1417 3925 1608 3984 [inem
1658 3931 1946 3986 nostrum
2001 3937 2126 3984 non
2158 3923 2544 3997 diffitentur;
2578 3923 2689 3987 sed
2731 3925 2971 3990 volunt
3000 3944 3135 4005 ejus

614 4161 636 4201 ¹
673 4161 800 4220 Quae
831 4158 1210 4223 impedimenta
1242 4158 1363 4213 ndei
1395 4164 1593 4214 nostrae
1626 4164 1753 4213 Pius
1787 4163 1855 4213 lx
1890 4162 1944 4213 in
1977 4161 2098 4213 aliis
2132 4174 2349 4227 quoque
2383 4166 2566 4217 Literis
2599 4169 2653 4217 et
2682 4168 2895 4231 Encycl.
2919 4169 3135 4221 insecta-

557 4226 640 4276 tus
673 4228 768 4283 est,
803 4226 854 4273 et
886 4223 1113 4273 maxime
1149 4224 1362 4279 Encvci.
1395 4227 1426 4275 8
1458 4223 1566 4275 dec.
1603 4227 1746 4285 1864,
1781 4237 1900 4289 quae
1933 4226 2302 4288 complectitur
2360 4229 2515 4288 praeci
2559 4240 2655 4279 uos
2716 4233 2919 4282 nostrae
2968 4232 3137 4284 astaus

559 4296 785 4336 errores,
819 4283 927 4335 Lib.
963 4286 1140 4358 aulem
1175 4297 1228 4335 tv
1262 4285 1562 4348 Theologloe
1595 4286 1758 4349 hujus
1806 4291 2000 4338 uostrae
2043 4288 2271 4350 piurima
2303 4241 2696 4353 disputassimus
2727 4290 2792 4343 de
2826 4292 2974 4346 bisce
3014 4292 3133 4346 ndei

653 4348 678 4387 2
716 4346 1107 4410 impedimentls
1140 4349 1366 4409 Append.
1401 4360 1510 4398 xxv
1541 4353 1592 4400 et
1624 4360 1771 4413 seqq.
1842 4362 1849 4369 ·
1948 4410 1951 4413 ¹

689 4411 743 4461 V.
780 4411 1030 4469 Peri-one,
1063 4411 1292 4463 Proetect.
1327 4413 1381 4461 in
1415 4412 1698 4473 compend„
1734 4411 1840 4462 vol.
1877 4422 1911 4471 ι,
1942 4412 2069 4463 Hist.
2110 4412 2278 4464 TheoI.
2311 4416 2562 4476 synopsis,
2599 4427 2652 4466 n.
2689 4419 2737 4467 2.
2772 4418 2836 4468 Et
2866 4417 3041 4469 fusius
3068 4418 3136 4469 De

556 4473 677 4523 locis
714 4474 959 4532 Theotoa„
996 4484 1041 4533 p.
1075 4473 1147 4522 3⁸.
1179 4498 1243 4510 —
1273 4473 1499 4534 Bergier,
1537 4475 1881 4532 Dizionario;
1915 4473 1977 4523 V.
2013 4475 2411 4526 Bazionalismo.
2445 4501 2510 4513 —
2542 4477 2705 4540 Stapf,
2741 4478 2767 4542 5
2802 4482 2909 4532 168.
2940 4502 3007 4518 -—
3028 4480 3131 4533 Cin.

560 4534 711 4593 Gau„
748 4545 848 4583 ser.
881 4535 955 4592 δ’,
989 4532 1018 4582 l.
1051 4546 1144 4585 tx:
1181 4530 1228 4586 ΙΙ
1259 4536 1629 4587 razionalismo
1665 4537 1925 4595 moderno,
1958 4550 1985 4585 e
2018 4539 2064 4587 lo
2096 4537 2263 4587 verita
2294 4537 2666 4600 fondamentaii
2695 4540 2833 4591 della
2864 4543 3134 4605 Relioione.

551 4620 617 4634 —
648 4596 828 4653 Balan,
866 4597 891 4644 Ι
917 4599 1212 4657 precursori
1244 4597 1324 4647 det
1353 4600 1721 4649 razionalismo
1755 4598 1997 4647 moderno
2023 4598 2128 4659 nno
2160 4611 2195 4648 a
2245 4600 2450 4651 Later-o,
2507 4603 2709 4662 Parma,
2748 4605 2903 4657 4867.
2935 4629 3003 4643 —-
3035 4606 3135 4657 'ra-

553 4656 802 4722 gliaferrl‚
827 4642 881 4745 ¹Tu
913 4658 1278 4710 razionalismo
1310 4671 1336 4710 e
1369 4661 1426 4710 ta
1451 4661 1666 4724 filosofla
1699 4661 1954 4712 cannaco.
1987 4661 2197 4724 Napoli,
2233 4663 2376 4715 ¹867.
