3292 5167
1135 234 1144 243 ⁹
1231 270 1307 314 ns
1355 269 1595 315 smoma
2580 260 2705 325 107

321 382 374 448 3.
415 382 647 447 Munus
693 378 788 466 ab
855 374 1133 461 obsequio
1203 380 1304 441 est
1375 391 1590 455 omne,
1625 375 1823 460 quod
1871 380 2159 464 pertinet
2205 382 2287 450 ad
2333 385 2709 467 servituteS,

199 506 301 576 quae
321 485 703 554 exhibentur
735 483 1042 565 adfinem
1075 480 1416 549 obtinendi
1466 480 1804 569 quidpiam
1838 485 2212 570 spirituale:
2250 506 2494 558 munus
2535 497 2714 559 esset

197 599 252 666 ab
284 592 604 678 obsequio,
651 593 704 660 si
759 592 1079 659 Praelatus
1126 590 1534 659 Beneficium
1586 593 2112 663 ecclesiasticum
2161 597 2429 681 famulo,
2477 599 2580 668 vel
2627 599 2718 666 fa-

198 704 309 772 muli
349 702 473 769 filio
522 700 875 784 conferret,
945 706 1020 767 ut
1067 699 1268 784 gratis
1341 699 1466 768 sibi
1529 701 1802 783 serviat3
1876 704 1975 771 vel
2024 709 2097 770 ut
2172 706 2316 790 ejus
2361 706 2718 774 famulandi

199 828 378 880 munus
426 808 520 877 sic
574 815 1069 894 compensetur.
1119 804 1372 876 Pariter
1417 809 1660 892 clerici,
1696 809 1807 895 qui
1854 813 2311 898 temporaliter
2357 813 2720 882 inserviunt

197 919 482 1002 Episcopo,
508 921 584 983 ut
622 915 688 983 iu
720 932 992 985 munere
1038 914 1368 983 oeconomi
1418 916 1825 1001 temporalis,
1876 925 2302 1004 expectantes
2354 937 2473 1005 pro
2524 921 2720 987 retri-

195 1025 410 1094 butione
454 1022 707 1108 aliquid
753 1022 1113 1109 spirituale,
1164 1022 1505 1091 simoniaci
1558 1031 1733 1092 sunt.
1781 1026 1989 1093 Secus
2036 1026 2091 1094 si
2136 1026 2424 1094 serviant
2471 1027 2536 1094 in
2582 1027 2721 1111 spi-

194 1131 500 1211 ritualibus,
549 1149 610 1197 v.
651 1148 709 1215 g.
758 1130 826 1197 in
858 1147 1133 1199 munere
1182 1129 1636 1241 praedicatoris
1665 1156 1684 1212 3
1720 1148 1870 1199 nam
1902 1133 2327 1200 ecclesiasticis
2357 1134 2727 1200 utilitatibus

192 1237 495 1306 desudantes
539 1237 956 1304 ecclesiastica
1021 1237 1279 1323 diqnum
1324 1251 1411 1305 est
1477 1240 1976 1307 remuneratione
2018 1241 2288 1325 ,qaudere
2324 1245 2373 1307 ¹.
2421 1243 2503 1309 Et
2555 1240 2730 1326 Apo-

192 1346 388 1413 stolus:
426 1346 538 1430 qni
580 1346 729 1413 bene
770 1345 1281 1428 ministraverint,
1329 1345 1597 1431 gradum
1644 1348 1871 1414 bonnm
1913 1349 2035 1414 sibi
2078 1349 2402 1433 acquirent
2448 1343 2503 1415 ².

249 1487 452 1550 Dicunt
484 1489 687 1550 etiam
721 1478 1238 1549 communissime
1275 1485 1813 1551 salmanticenses
1842 1505 1985 1552 cum
2021 1488 2350 1568 CajetanO,
2380 1489 2726 1569 Laymano,

193 1566 399 1643 suarez,
436 1567 700 1641 Toleto,
746 1580 908 1642 etc.,
957 1579 1178 1631 contra
1223 1584 1476 1646 paucos,
1518 1570 1859 1632 simoniam
1906 1586 2034 1632 non
2082 1587 2240 1647 esse,
2289 1573 2490 1649 siquis
2537 1573 2732 1631 inser·

194 1650 294 1710 viat
328 1647 628 1727 Episcopo
675 1650 979 1725 primario
1024 1646 1102 1710 ad
1149 1649 1525 1726 captandam
1571 1650 1712 1728 ejus
1759 1650 2299 1724 benevolentiam,
2341 1650 2729 1713 secundario

194 1727 251 1788 ad
285 1728 689 1791 obtinendum
739 1726 1164 1800 Beneficium,
1209 1738 1278 1790 ut
1322 1745 1550 1807 nempe
1596 1747 1687 1791 sic
1729 1730 2077 1812 Episcopus
2130 1730 2334 1794 factus
2380 1731 2730 1795 benevolus

194 1813 351 1885 gratis
388 1809 894 1872 ecclesiasticum
939 1808 1326 1872 Beneficium
1369 1809 1660 1872 conferat
1691 1810 1745 1875 ³..
1783 1811 2020 1874 Verum
2068 1813 2185 1873 hoc
2233 1811 2423 1873 valde
2486 1812 2732 1891 pericu-

197 1889 358 1951 losum
397 1898 525 1964 est3
558 1892 691 1951 imo
735 1892 788 1950 si
832 1889 995 1951 alius
1042 1891 1264 1951 titulus
1308 1890 1505 1965 deest,
1550 1900 1723 1954 recte
1752 1895 2134 1971 supponitur
2180 1895 2245 1953 in
2294 1893 2469 1972 praxi
2524 1894 2733 1953 inten-

198 1980 264 2029 tio
297 1968 506 2031 saltem
547 1969 926 2032 virtualiter
967 1971 1316 2033 simoniaca
1361 1969 1503 2051 (X).

261 2108 419 2169 141.
469 2107 545 2186 Q.
597 2108 687 2172 4.·
717 2105 880 2185 Quid
921 2106 1293 2192 intelligitur
1333 2107 1583 2173 nomine
1629 2106 1722 2175 rei
1794 2106 2155 2193 spiritualis
2202 2108 2272 2174 in
2316 2102 2655 2189 simonia,⁴
2687 2118 2744 2173 et

200 2212 399 2278 nomme
442 2213 782 2298 spirituali
830 2211 1201 2281 adnexum?

262 2321 320 2385 R.
360 2318 644 2386 Nomine
691 2321 786 2385 rei
831 2320 1186 2405 spiritualis
1234 2321 1294 2386 in
1352 2316 1640 2388 simonia
1679 2321 2070 2407 intelligitur
2115 2339 2352 2402 omne,
2403 2319 2583 2406 quod
2638 2320 2735 2387 vel

200 2441 259 2490 ex
293 2441 386 2505 se,
433 2424 539 2491 vel
587 2442 671 2492 ex
726 2424 1142 2494 institutione
1211 2426 1329 2494 Dei
1402 2433 1515 2493 aut
1576 2427 1894 2495 Ecclesiae
1930 2429 2245 2514 'pertinet
2314 2426 2394 2492 ad
2460 2424 2740 2493 salutem

202 2530 397 2598 auimae
427 2584 446 2612 ‚
497 2540 705 2618 atque
751 2532 834 2599 ad
880 2534 1181 2602 ordinem
1252 2535 1581 2602 bonorum
1628 2536 2090 2620 spiritualium.
2138 2534 2278 2601 Alia
2321 2551 2519 2620 porro
2589 2540 2745 2598 sunt

201 2638 522 2722 spiritualia
570 2640 640 2706 in
683 2660 748 2706 se
792 2643 948 2728 ipsis
991 2654 1044 2707 et
1109 2653 1343 2708 natura
1411 2661 1568 2725 sua,
1618 2661 1676 2709 v.
1727 2660 1785 2727 g.
1858 2641 2030 2710 dona
2079 2636 2365 2727 Spiritus
2414 2639 2635 2707 Sancti
2685 2646 2751 2705 et

203 2744 367 2826 gratia
405 2746 860 2814 sanctificans.
921 2747 1057 2814 Alia
1098 2750 1451 2831 causaliter,
1487 2756 1814 2834 quatenus
1851 2766 2088 2833 nempe
2124 2755 2280 2814 sunt
2315 2764 2510 2814 causa
2544 2744 2753 2812 dono-

209 2870 322 2918 rum
363 2854 832 2939 spiritualium,
882 2873 938 2949 γ.
989 2874 1069 2939 g„
1119 2857 1540 2924 Sacramenta
1576 2864 1641 2925 et
1691 2855 2221 2935 sacramentalia,
2257 2854 2592 2922 orationes
2637 2871 2753 2937 pu-

207 2958 362 3027 blicae
404 2967 470 3028 et
521 2962 814 3057 privatae„
845 2962 998 3030 'Alia
1042 2965 1325 3050 effective,
1375 2981 1524 3050 quae
1561 2982 1595 3030 a
1638 2982 1833 3032 causa
1883 2962 2207 3047 spirituali
2249 2960 2638 3046 procedunt,
2679 2967 2750 3025 ut

208 3065 698 3151 dispensationes
732 3075 1038 3137 votorum
1063 3079 1175 3138 aut
1198 3072 1520 3154 censurae,
1551 3068 1812 3138 traditio
1840 3069 2160 3139 doctrinae
2189 3069 2586 3148 christianae,
2627 3074 2751 3135 etc.

276 3175 386 3241 Per
430 3173 592 3241 illud
638 3192 794 3243 vero
840 3177 1157 3262 spirituali
1217 3180 1529 3245 adneoeum
1593 3178 1656 3244 in
1705 3177 1982 3245 simonia
2019 3177 2405 3260 intelligitur
2436 3173 2759 3260 quidquid

213 3296 334 3346 cum
375 3299 444 3349 re
492 3281 823 3366 spirituali
872 3284 1314 3370 conjungitur.
1349 3285 1739 3370 Temporale
1772 3292 1990 3352 autem
2032 3291 2251 3369 potest
2288 3272 2615 3367 spirituali
2653 3282 2763 3349 ad-

208 3387 393 3472 jungi:
444 3390 510 3475 1)
557 3391 1018 3457 antecedenter:
1066 3401 1133 3460 et
1179 3400 1280 3460 est
1327 3393 1508 3483 quod
1543 3392 1887 3460 ordinatur
1932 3391 2014 3458 ad
2052 3389 2417 3476 spirituale,
2468 3390 2560 3458 uti
2608 3398 2763 3457 sunt

213 3510 335 3562 vasa
377 3513 577 3579 sacra,
606 3514 756 3582 quae
786 3497 1176 3566 ordinantur
1220 3499 1302 3567 ad
1329 3494 1927 3595 'sacramentorum
1980 3516 2194 3581 usum,
2235 3497 2479 3580 oleum,
2515 3514 2763 3566 corona

215 3600 653 3686 deprecatoria,
704 3603 881 3673 aedes
929 3624 1170 3688 sacrae-,3
1219 3610 1288 3692 2)
1335 3610 1855 3676 concomitanter:
1904 3615 1972 3675 et
2020 3614 2123 3675 est
2171 3604 2349 3691 quod
2404 3605 2764 3672 intrinsece

217 3709 607 3794 conjungitur
653 3729 804 3779 cum
845 3720 922 3779 re
969 3713 1294 3798 spirituali
1324 3738 1370 3797 ,r
1391 3715 1570 3801 quod
1620 3715 1898 3801 proinde
1943 3716 2024 3783 ab
2075 3714 2216 3798 ipsa
2286 3710 2575 3796 separari
2631 3727 2758 3776 non

220 3823 430 3898 potest,
471 3835 536 3884 v,
584 3835 644 3902 g.
695 3818 883 3887 labor
927 3822 1317 3906 corporalis,
1337 3800 1467 3908 'qui
1504 3825 1879 3891 necessario
1913 3822 2270 3890 insumitur
2304 3819 2364 3885 in
2400 3818 2618 3887 Missae
2655 3834 2765 3883 ce-

223 3921 575 4006 lebratione,
619 3932 734 3992 aut
772 3926 895 3992 alia
943 3945 1014 3995 re
1059 3946 1247 3996 sacra
1296 3929 1701 4014 peragenda3
1745 3932 1814 4016 3)
1862 3938 2337 4013 consequenter.-
2369 3932 2433 3992 et
2482 3931 2583 3991 est
2619 3937 2767 3989 cum

225 4031 733 4116 praesupponitur
778 4032 1026 4119 aliquid
1074 4035 1417 4120 spirituale
1464 4043 1775 4122 tanquam
1846 4042 2042 4103 causa
2118 4039 2201 4101 et·
2255 4030 2473 4097 radix:
2524 4029 2618 4097 sic
2658 4029 2768 4114 jus

229 4271 376 4337 tioni3
405 4288 432 4328 e
459 4280 603 4331 tanto
636 4289 729 4329 era
763 4291 855 4341 per
887 4280 960 4330 lui
994 4292 1204 4331 cercare
1240 4280 1530 4342 protezioni
1564 4283 1767 4344 quanto
1805 4282 2121 4331 rendersene
2168 4275 2584 4326 immerilevolc:
2639 4275 2773 4324 Incli-

229 4346 338 4393 Μ
361 4347 472 4399 quia
496 4344 688 4402 petisti,
723 4341 869 4392 solea
899 4344 1011 4393 dire
1021 4354 1035 4404 ;
1072 4355 1196 4393 sono
1228 4347 1426 4405 uemctli
1457 4346 1689 4403 impeyno
1720 4357 1746 4391 e
1776 4344 2015 4401 simonia,
2065 4342 2126 4391 ed
2155 4341 2325 4390 Ιιιιηηο
2372 4352 2470 4400 per
2514 4338 2679 4400 padre
2737 4339 2775 4388 il

231 4400 462 4451 modestum
493 4405 714 4454 diacum.
748 4423 768 4442 ·
812 4405 1069 4466 Tannoja,
1114 4407 1227 4456 Vita
1257 4408 1308 4457 di
1338 4421 1381 4456 s.
1417 4407 1647 4468 alfonso,
1685 4404 1775 4454 lib.
1813 4415 1889 4464 ιιι,
1924 4416 1969 4453 c.
2003 4404 2086 4453 32.

283 4458 304 4498 ί
333 4464 388 4511 C.
415 4466 591 4517 Recte-3.
630 4477 799 4524 mxvii,
833 4479 880 4516 c.
917 4470 993 4526 ¹2,
1028 4480 1081 4529 q.
1115 4469 1162 4519 3.
1810 4474 1817 4483 “
1910 4467 1935 4506 2
1967 4478 2004 4525 1,
2041 4465 2177 4514 Tim.
2213 4475 2284 4513 ιιι.

286 4521 307 4558 ⁸
338 4523 439 4595 Quo
467 4529 517 4577 in
551 4540 682 4578 casu
719 4526 922 4578 nullum
957 4529 1238 4580 intervenit
1271 4531 1481 4592 pactum
1517 4539 1685 4601 neque
1719 4528 2050 4590 implicitum,
2088 4531 2181 4576 aut
2210 4522 2563 4595 aequivalenffi
2616 4523 2769 4573 nulla-

235 4593 326 4643 que
357 4589 624 4641 intenditur
658 4593 1044 4650 compensatio,
1083 4602 1253 4655 neque
1288 4594 1397 4642 ulla
1432 4604 1641 4653 proprie
1673 4591 1813 4642 dicta
1860 4591 2080 4641 intentio
2130 4588 2322 4640 directe
2370 4584 2639 4646 obligandi
2690 4584 2779 4654 do-

238 4648 419 4713 nantem
447 4652 610 4713 adest,
644 4652 790 4715 quod
826 4654 1040 4715 quidem
1074 4666 1234 4706 omne
1265 4654 1574 4704 damnatum
1608 4655 1749 4704 esset
1780 4652 1847 4703 ab
1893 4652 2208 4704 Innocentio
2258 4652 2327 4700 XI
2383 4649 2484 4698 sub
2538 4657 2778 4709 proposi—

241 4710 364 4759 uone
384 4713 454 4774 43,
487 4716 559 4765 utt
595 4716 751 4766 notat
783 4717 835 4765 et
867 4716 1096 4778 explicat
1133 4717 1279 4767 Viva.
