3292 5167
527 265 660 334 206
1191 284 1306 329 un.
1354 284 1420 329 ιι.
1468 284 1684 332 τιυιοτ.
1730 284 1789 329 v.
1835 283 1988 330 mse.
2034 281 2101 327 ιι.
2150 281 2283 327 «ιιι».
2332 277 2400 327 ιι.

528 388 696 457 Hinc
742 387 808 454 in
858 373 1158 456 Concilio
1209 383 1707 453 constantiensi
1756 385 1919 454 diris
1968 383 2203 452 devota
2236 389 2342 452 est
2373 382 2548 452 dicta
2601 382 3026 454 Hussitarum
3071 392 3135 453 et

526 491 1074 594 Wiclepbitarum
1123 490 1518 578 propositio.
1571 494 1653 561 Et
1688 490 2139 578 Augustinus:
2171 493 2317 559 Non
2351 492 2704 559 tribuamus
2733 489 3137 578 dandis-eqni

392 629 403 650 ι
524 614 708 692 atque
748 600 1001 690 imperii
1037 610 1422 688 potestatem
1455 601 1588 668 nisi
1632 603 1760 669 Deo
1806 619 1973 680 vero,
2018 599 2128 686 qui
2155 598 2272 666 dat
2301 599 2662 685 felicitatem
2695 598 2766 665 in
2793 616 2990 684 reqno
3024 617 3140 665 εω-

528 710 733 777 lorum
776 708 929 777 solis
965 706 1097 795 piis
1110 732 1137 785 ,·
1180 725 1451 792 reanum
1494 725 1642 775 vero
1689 719 2006 775 terrenum
2050 718 2108 774 et
2147 705 2280 795 piis
2328 717 2385 773 et
2430 705 2662 795 impiis,
2699 705 2862 773 sicta
2896 703 2955 771 ei
2999 706 3138 793 pla-

528 830 635 901 cet,
683 817 786 885 cui
828 816 992 883 nihil
1036 815 1265 900 injuste
1309 815 1511 900 placet
1560 816 1611 883 ¹.

615 922 831 986 ΜΟ.
883 924 957 1004 Q.
1005 923 1067 988 2.
1114 923 1215 989 An
1258 922 1521 1008 parvuli
1565 934 1623 990 et
1671 934 1945 990 amentes
1987 922 2116 989 sint
2159 940 2420 1008 capaces
2466 921 2779 988 dominii?

616 1034 689 1100 R.
739 1029 996 1098 Parvuli
1045 1034 1115 1096 et
1162 1037 1493 1113 amentes,
1543 1030 1669 1098 etsi
1731 1037 1880 1097 actu
1954 1036 2219 1097 careant
2296 1028 2579 1096 rationis
2653 1045 2801 1113 usu,
2851 1036 3138 1096 attamen

530 1143 687 1207 sunt
733 1153 1005 1223 capaces
1053 1134 1329 1203 dominii
1346 1162 1366 1217 ;
1423 1153 1573 1203 nam
1625 1155 1790 1205 usus
1841 1134 2119 1204 rationis
2169 1135 2590 1206 necessarius
2637 1140 2739 1205 est
2785 1135 2868 1204 ad
2917 1134 3136 1223 dispo-

531 1243 822 1314 nendum
869 1244 975 1311 hic
1022 1249 1090 1311 et
1137 1262 1317 1312 nunc
1365 1242 1446 1311 de
1495 1244 1714 1327 boniS‚
1764 1263 1883 1313 seu
1931 1244 2015 1311 ad
2062 1261 2260 1312 usum
2307 1242 2628 1325 domiuii3
2680 1263 2812 1311 non
2849 1262 3008 1313 vero
3055 1243 3133 1311 ad

532 1353 897 1422 habendam
949 1343 1447 1438 possessionem
1496 1371 1615 1420 seu
1668 1352 2039 1420 dominium
2087 1352 2442 1435 habituale,
2482 1351 2663 1439 quod
2697 1349 2970 1438 quidem
3016 1352 3134 1421 im-

528 1461 812 1530 mediate
860 1457 1174 1528 fundatur
1221 1459 1288 1526 in
1345 1458 1706 1544 potentiis:
1760 1479 1960 1547 porro
2014 1460 2332 1546 potentiae
2389 1478 2581 1528 usum
2632 1461 2909 1529 rationis
2967 1478 3137 1547 prae-

533 1566 796 1637 cedunt.
842 1564 1058 1633 Adde:
1108 1565 1162 1633 si
1213 1564 1325 1632 isti
1376 1583 1506 1633 non
1558 1574 1787 1635 essent
1836 1564 2111 1634 dominii
2164 1583 2462 1651 capaceS,
2503 1583 2737 1634 eorum
2777 1566 2952 1634 bona
2990 1584 3133 1652 per·

534 1676 817 1743 tinerent
865 1674 963 1742 vel
1014 1672 1094 1740 ad
1146 1674 1625 1759 rempublicam
1677 1674 1777 1742 vel
1851 1676 2087 1746 tierent
2153 1675 2329 1742 hona
2403 1673 2648 1741 nullius
2666 1699 2685 1755 ;
2758 1675 2940 1762 atqui
2993 1673 3136 1743 haec

531 1781 752 1851 dicere
798 1788 1142 1867 repugnat.
1188 1780 1358 1860 ,Hinc
1405 1781 1768 1867 Apostolus
1806 1781 1886 1850 de
1939 1781 2210 1866 parvulo
2260 1781 2526 1849 scribit:
2587 1783 2836 1863 Quanto
2867 1794 3140 1868 tempore

532 1892 729 1958 ltaeres
764 1889 1076 1978 parvulus
1119 1900 1227 1970 est,
1276 1888 1438 1957 nihil
1482 1888 1689 1976 differt
1733 1908 1775 1954 a
1818 1907 2018 1971 servo,
2057 1908 2200 1956 cum
2245 1888 2327 1955 sit
2399 1888 2689 1956 dovninus
2758 1889 3041 1956 omnium
3086 1883 3138 1955 ².

536 1995 727 2078 Quod
775 1995 972 2063 etiam
1021 1992 1101 2061 ad
1148 2002 1444 2063 amentes
1494 1994 1760 2064 extendi
1811 1995 2028 2078 debet,
2079 2013 2230 2064 cum
2302 1993 2533 2064 eadem
2605 1996 2692 2063 sit
2764 1996 2953 2064 ratio.
3029 1995 3136 2064 Id-

550 2104 767 2191 ipsum
818 2101 1122 2169 firmatur
1168 2102 1467 2169 omnium
1517 2102 1921 2188 populorum
1973 2122 2119 2171 usu.

621 2209 845 2272 309.
893 2211 965 2291 Q.
1016 2210 1075 2276 3.
1125 2210 1399 2276 Ecclesia
1443 2221 1528 2276 est
1574 2229 1786 2295 capam
1828 2210 2086 2296 lepitimi
2130 2209 2394 2276 dominii
2428 2210 2497 2277 in
2529 2209 2689 2277 bona
2719 2211 3141 2297 temporatia?

620 2322 695 2388 R.
733 2317 1069 2385 Christum
1104 2317 1419 2385 Ecclesiae
1469 2318 1916 2403 omnibusque
1964 2317 2221 2386 clericis
2271 2317 2696 2403 prohibuisse
2744 2317 2916 2385 bona
2961 2324 3136 2390 tem-

536 2425 790 2511 poralia
840 2423 1184 2511 possidere
1234 2425 1677 2493 contendebat
1712 2426 1961 2494 saeculo
2000 2427 2119 2493 XII
2153 2424 2479 2493 Arnaldus
2512 2423 2594 2493 de
2629 2420 2870 2507 Brixia,
2909 2425 3140 2492 turbu-

539 2533 760 2601 lentus
809 2531 918 2600 ille
967 2532 1168 2600 homo
1215 2551 1394 2617 quem
1441 2532 1678 2601 Bria-ia
1721 2533 2034 2615 evomuit‚·
2062 2536 2260 2600 Roma
2307 2533 2656 2614 exhorruit,
2712 2533 2992 2601 Francia
3033 2551 3140 2599 rc·

531 2642 716 2728 pulit,
750 2641 1095 2708 Germania
1121 2640 1540 2723 abominatur,
1566 2641 1763 2708 Italia
1791 2661 1920 2709 non
1951 2641 2084 2710 vult
2125 2643 2397 2728 recipere
2422 2638 2471 2723 ⁸3
2505 2640 2757 2708 saeculo
2781 2641 2931 2709 XIII
2967 2639 3144 2711 Wal-

536 2750 777 2819 denses
794 2774 812 2829 ;
858 2749 1108 2816 saeculo
1154 2750 1300 2818 XIV
1347 2748 1677 2817 Marsilius
1726 2747 2075 2817 Paduanus
2125 2757 2193 2818 et
2239 2747 2652 2835 Wiclepbus,
2697 2756 2766 2817 et
2813 2749 2957 2815 XVI
3016 2750 3146 2815 Lu-

536 2857 787 2924 theruS.
859 2856 974 2924 His
1045 2861 1470 2924 accesserunt
1544 2856 1768 2941 plures
1842 2855 2147 2924 moderni
2223 2856 2622 2942 publicistae,
2697 2873 2772 2923 ac
2838 2855 3141 2923 nonnulli

537 2961 852 3048 Theologi
895 2962 1415 3049 jansenistarum
1467 2961 1731 3048 placitis
1804 2962 2067 3046 addicti,
2117 2963 2231 3049 qui
2298 2962 2409 3049 jus
2481 2962 2798 3030 Ecclesiae
2848 2961 2929 3029 ad
3003 2960 3142 3030 sola

537 3070 902 3157 spiritualia
950 3069 1380 3155 restringunt.
1428 3068 1931 3152 contendenteS,
1981 3070 2204 3158 quoad
2251 3089 2356 3138 res
2424 3069 2848 3155 temporales,
2886 3069 3144 3136 nullum

403 3271 409 3276 ἡ
536 3178 853 3248 Ecclesiae
895 3178 1006 3264 ius
1056 3185 1461 3263 competere,
1510 3178 1635 3246 nisi
1688 3196 1769 3247 ex
1819 3195 1998 3247 mera
2047 3179 2211 3264 legis
2260 3177 2470 3247 civilis
2519 3177 2982 3248 concessione.

622 3288 927 3374 Attamen
960 3283 1159 3370 'quod
1204 3285 1502 3353 Ecclesia
1552 3293 1782 3352 natura
1831 3302 1951 3352 sua
1978 3285 2129 3371 Jure
2175 3284 2422 3372 polleat
2454 3283 2840 3371 acquirendi
2876 3291 2942 3352 et
2980 3301 3144 3370 pos-

538 3391 792 3460 sidendi
843 3409 1262 3477 quaecunque
1320 3392 1492 3460 bona
1528 3391 1918 3477 temporalia
1954 3392 2217 3461 stabilia
2251 3400 2315 3460 et
2347 3392 2658 3478 frugifera
2707 3391 2790 3460 de
2840 3392 2969 3460 fide
3003 3398 3143 3460 est:

539 3503 605 3566 et
640 3498 828 3565 veluti
858 3495 1193 3566 innumera
1222 3517 1416 3585 prope
1451 3499 1876 3566 conciliorum
1908 3512 2050 3565 acta
2086 3499 2186 3583 (ut
2219 3507 2488 3567 utamur
2509 3499 2737 3568 verbis
2771 3498 2868 3566 Pii
2905 3502 3023 3585 Pp.
3059 3500 3147 3567 IX

536 3604 820 3672 Allocut.
870 3604 1105 3685 Quibus
1152 3603 1641 3687 luctuosissimis,
1682 3608 1724 3671 5
1763 3611 1933 3690 sept.
1987 3606 2186 3691 1851)
2219 3618 2274 3672 et
2306 3627 2388 3674 ss.
2422 3609 2689 3674 Patrum
2726 3605 3046 3674 sententiae
3091 3617 3148 3673 et

538 3711 843 3798 eccempta,
890 3719 945 3775 et
989 3711 1114 3777 BR.
1164 3712 1528 3796 Pontificum
1573 3711 2041 3778 constitutiones
2070 3714 2460 3798 apertissime
2492 3713 2850 3798 loquuntur,
2890 3713 3150 3800 sapien-

538 3818 778 3887 tissime
812 3816 1028 3884 docent
1081 3836 1159 3884 ac
1202 3816 1653 3886 demonstrant.
1725 3817 2096 3886 Concilium
2173 3828 2394 3888 autem
2465 3819 2979 3890 constantiense
3031 3819 3150 3887 da-

539 3926 786 3995 mnavit
833 3925 1233 3994 contrariam
1281 3924 1650 3994 doctrinam
1697 3926 2043 4012 Wiclepbi‚
2083 3934 2149 3996 et
2185 3927 2342 3995 Pius
2378 3929 2466 3996 IX
2513 3928 2818 3997 laudatus
2859 3926 3148 3998 eundem
3263 4001 3264 4008 χ

542 4051 836 4103 errorem
870 4033 1265 4121 proscripsit
1298 4033 1361 4100 in
1397 4033 1663 4121 Syllaba.
1698 4034 1970 4103 Accedit
1997 4053 2370 4103 consensus
2406 4035 2704 4104 omnium
2742 4036 3147 4122 populorum

543 4143 654 4229 qui
706 4143 951 4229 ubique
999 4161 1074 4212 ac
1121 4159 1391 4229 semper
1436 4159 1593 4209 suas
1640 4137 1976 4211 Ecclesias
2025 4141 2554 4229 independenter
2599 4160 2634 4210 a
2683 4143 2985 4230 principe
3027 4141 3151 4212 do-

541 4256 700 4316 tare·
729 4268 860 4318 non
908 4249 1320 4319 dubitarunt.
1367 4248 1638 4317 Accedit
1689 4246 2009 4317 invictum
2060 4248 2593 4337 praescriptionis
2642 4256 3149 4335 argumentum3

542 4353 875 4441 siquidem
945 4356 1219 4425 historia
1291 4356 1516 4440 refert,
1562 4356 1932 4425 Ecclesiam
1978 4358 2153 4427 bona
2204 4356 2565 4427 immobilia
2615 4358 2715 4425 vel
2768 4364 2926 4425 ante
2973 4358 3149 4425 Con·
3261 4329 3262 4386 ³

3011 4467 3028 4482 ·
3261 4469 3262 4496 ι

606 4625 627 4667 ¹
665 4627 774 4679 ιιι).
806 4640 845 4678 v
876 4613 937 4678 ae
972 4629 1075 4681 cto.
1113 4632 1219 4689 Det.
1254 4644 1302 4684 ο.
1336 4632 1417 4683 st.
1980 4628 2007 4670 2
2041 4629 2154 4682 cal.
2190 4642 2263 4682 nv.

614 4690 742 4742 ⁸Ex
771 4691 825 4742 d.
858 4691 1127 4772 Bet-nardo
1162 4694 1322 4756 Epist.
1358 4703 1543 4743 cxcvi.
1576 4716 1642 4729 —
1675 4692 1736 4744 V.
1775 4692 1882 4745 Cic.
1936 4692 2070 4744 Catt.
2121 4703 2220 4744 ser.
2275 4694 2349 4755 3⁸,
2384 4695 2422 4747 t.
2475 4693 2522 4756 t,
2574 4695 2623 4756 δ,
2676 4696 2744 4746 6;
2799 4689 3030 4744 Arnaldo
3081 4688 3156 4739 da
3259 4759 3260 4764 η

546 4752 768 4803 Brescia.
