3292 5167
1318 357 1770 405 annoni-tonus
2700 338 2831 406 409

262 456 408 522 facti
456 459 914 538 suppositione,
964 467 1113 523 tunc
1160 458 1264 523 lex
1304 459 1443 539 eJ‘us
1488 461 1959 524 revocationem
2015 459 2296 526 admittit
2310 481 2330 538 ;
2388 463 2538 543 quia
2593 476 2832 542 praesn·

262 537 556 602 mebatu'r
599 538 860 610 tactum,
906 540 1074 620 qnod
1139 550 1350 603 tamen
1396 556 1524 604 nou
1566 540 1807 604 aderat.
1851 566 1874 596 ι
1905 540 2023 603 Per
2051 557 2152 603 es:
2187 541 2251 603 10
2295 558 2404 606 era
2445 542 2734 606 debitore
2769 541 2836 605 di

265 618 388 682 lire
431 619 550 684 100
591 638 626 683 a
671 630 883 682 vostro
927 623 1066 694 zio;
1109 635 1210 684 me
1255 637 1336 693 ne
1392 621 1687 685 chiedete
1751 620 1794 687 il
1851 630 2248 700 pagamento,
2308 639 2344 685 e
2401 622 2695 685 confesso
2758 622 2827 684 in

265 698 547 781 giudizio
590 700 654 763 di
698 717 914 764 essere
958 700 1268 781 debitore,
1313 703 1626 781 peroccbe
1671 702 1731 764 io
1788 701 2141 764 realmente
2184 702 2454 767 credeva
2499 704 2617 765 che
2664 701 2831 765 toste

266 779 459 842 erede
503 780 605 843 del
649 791 866 844 vostro
909 782 1026 857 zio,
1068 780 1253 862 quale
1298 784 1606 861 prossimo
1653 783 2018 862 congiunto.
2062 780 2473 844 Conoscendo
2518 783 2682 861 dopo
2729 783 2834 843 cio

268 874 398 923 non
445 876 617 923 esser
663 878 836 933 vero,
882 864 1061 940 potro
1092 877 1392 925 revocare
1426 862 1479 924 la
1521 863 1645 925 mia
1683 860 2105 937 confessione.
2142 886 2164 916 ι
2213 861 2354 927 God.
2387 862 2581 941 spico.

327 939 417 1002 R.
461 941 530 1004 3:
574 940 637 1004 Si
682 941 1064 1021 supradictis
1108 940 1366 1023 regulis·
1393 944 1516 1005 rite
1560 944 1915 1022 perpensis,
1964 942 2043 1003 de
2089 943 2288 1021 ipsius
2335 943 2497 1022 legis
2528 943 2584 1006 vi
2621 940 2839 1005 adhuc

273 1019 624 1096 dubitetur,
669 1024 734 1084 in
779 1025 899 1086 hoc
942 1038 1092 1086 casu
1136 1023 1466 1085 dicimo-sa

430 1102 482 1163 1.
527 1102 620 1164 Ex
661 1103 791 1182 ipsa
840 1102 1114 1165 naturali
1162 1103 1460 1182 aequitate
1497 1100 1943 1183 resolvendam
1980 1117 2119 1164 esse
2149 1103 2679 1166 controversiam.
2708 1100 2838 1163 Hoc

271 1194 466 1243 sensu
507 1183 800 1246 ordinem
841 1180 1215 1246 ac‘modum
1259 1198 1291 1245 a
1342 1182 1464 1263 legi
1523 1183 1696 1246 civili
1768 1182 2255 1263 praestabilitum
2311 1183 2391 1253 ad
2453 1179 2840 1246 solvendum

274 1261 704 1327 creditoribus
745 1278 914 1341 casn,
957 1279 1082 1343 quo
1123 1264 1265 1342 quis
1306 1262 1605 1326 decoctus
1650 1263 1899 1338 evadat,
1943 1272 2194 1326 tuemur
2239 1263 2341 1325 vel
2387 1266 2453 1325 in
2500 1265 2639 1342 ipso
2691 1261 2835 1323 roro

276 1340 535 1404 interno
577 1342 861 1423 obligare
877 1362 895 1418 ;
936 1344 1003 1423 2)
1035 1345 1279 1406 interro
1326 1343 1561 1407 andum
1589 1360 1727 1406 esse
1763 1358 2164 1406 communem
2196 1342 2658 1423 Theologorum
2700 1355 2838 1404 sen·

277 1436 452 1483 snm:
494 1424 585 1485 sic
630 1424 746 1486 bac
789 1426 1035 1487 ratione
1078 1422 1268 1487 defen
1323 1425 1503 1499 imus,
1547 1423 1754 1503 legem
1798 1423 2271 1502 deobligantem
2319 1422 2769 1486 filiusfamilias
2806 1436 2841 1484 a

278 1501 607 1565 reddendo
649 1513 868 1567 mutuo
911 1506 1102 1567 etiam
1147 1506 1213 1566 in
1258 1507 1650 1567 conscientia
1699 1503 2088 1583 probabilius
2128 1512 2388 1579 tenere3
2435 1506 2589 1566 item
2632 1503 2840 1582 legem

278 1597 419 1661 qnae
466 1583 811 1663 legitimam
857 1584 1244 1648 determinat
1290 1585 1353 1646 in
1401 1585 1796 1659 haereditate,
1842 1594 1996 1657 etc.;
2026 1584 2090 1663 3)
2124 1584 2634 1663 cognoscendam
2694 1596 2840 1644 esse

281 1662 717 1740 quotidianam
764 1666 1204 1728 timoratorum
1252 1665 1495 1742 praxim
1542 1673 1732 1745 atque
1788 1664 2353 1728 consuetudinem:
2415 1666 2506 1726 sic
2569 1664 2846 1726 dicimus

283 1742 444 1805 dona
491 1743 808 1807 manualia
855 1744 1065 1807 valide
1112 1744 1326 1819 tribui,
1370 1747 1562 1807 etiam
1610 1762 1735 1808 non
1780 1747 2111 1808 servatisa
2142 1743 2316 1806 civili
2363 1744 2503 1822 lege
2549 1743 2840 1823 praescri·

281 1825 408 1964 ptis
453 1823 984 1901 solemnitatibus,
1027 1828 1315 1905 quamvis
1359 1827 1714 1904 generatim
1758 1827 1891 1905 ipsa
1937 1825 2040 1888 lex
2083 1840 2307 1887 omnes
2343 1825 2726 1887 donationes
2757 1824 2846 1884 ita

312 1912 485 1966 actas
527 1905 822 1968 videatur
870 1922 1129 1985 prorsus
1176 1906 1462 1979 irritare·,
1510 1905 1574 1984 4)
1618 1909 1672 1967 si
1721 1906 1894 1970 hisce
1925 1905 2218 1968 omnibus
2262 1905 2705 1977 consideratis,
2741 1902 2845 1965 vel

286 1983 368 2045 ob
411 1984 906 2064 discrepantiam
952 1994 1280 2049 auctorum
1328 1984 1426 2046 vel
1471 1986 1550 2046 ob
1595 1988 1878 2049 rationes
1921 2002 2001 2049 ex
2044 1993 2313 2064 utraque
2344 1994 2522 2064 parte
2561 1997 2844 2046 momen·

284 2069 476 2141 tosas,
511 2064 721 2128 adhuc
763 2066 1025 2129 dubium
1071 2068 1177 2140 sit,
1217 2081 1297 2127 an
1330 2065 1431 2127 lex
1463 2064 1768 2128 decernat
1801 2074 2166 2129 contractus
2199 2064 2559 2129 nullitatem
2593 2067 2845 2127 ratione

281 2144 520 2224 publici
568 2146 718 2208 boni
763 2163 841 2208 an
889 2162 1038 2221 non,
1081 2162 1156 2208 eo
1203 2149 1268 2207 in
1312 2162 1460 2209 casu
1505 2144 1776 2209 dicimus
1819 2148 2029 2226 potius
2072 2160 2212 2207 esse
2267 2145 2372 2224 jus
2436 2146 2849 2225 possessoris,

283 2223 461 2287 illius
505 2242 732 2306 nempe
775 2228 883 2306 qui
929 2242 1065 2288 rem
1109 2228 1611 2289 controversiam
1651 2227 1785 2305 Jam
1828 2229 1947 2289 sibi
1994 2227 2268 2300 detinet3
2318 2235 2384 2289 et
2425 2227 2545 2288 boc
2586 2223 2848 2304 quidem

286 2305 522 2368 rationi
570 2317 1070 2370 consentaneum
1115 2315 1212 2369 est
1253 2323 1331 2370 ex
1376 2308 1695 2370 communi
1746 2309 2115 2387 peritorum.

364 2382 589 2446 m.
639 2386 704 2460 Q.
751 2389 806 2449 5.
850 2387 926 2449 In
969 2404 1087 2466 quo
1128 2388 1419 2449 consistit
1449 2387 1818 2450 damnorum
1859 2385 2292 2467 compensatio,
2338 2401 2471 2464 qum
2509 2382 2650 2463 ficri
2676 2380 2857 2447 debet

287 2462 363 2528 ob
401 2482 525 2528 non
565 2467 882 2547 impletum
923 2467 1019 2531 vel
1058 2467 1350 2530 vitiosum
1390 2470 1824 2531 contractum?

369 2542 435 2607 R.
482 2545 548 2609 Si
593 2548 899 2628 obligatio
941 2556 1307 2610 contractus
1337 2547 1420 2629 sit
1462 2558 1631 2611 certa
1680 2547 1968 2628 pecnniae
2013 2561 2254 2611 summa
2288 2541 2617 2615 tradenda,
2669 2543 2724 2634 si
2769 2556 2849 2604 ea

291 2624 523 2688 tradita
570 2644 697 2690 non
762 2628 904 2707 fuit,
958 2645 1037 2690 ex
1084 2626 1298 2691 Codice
1352 2629 1529 2692 cicili
1569 2628 2002 2707 compensatio
2048 2626 2342 2691 consistit
2404 2626 2467 2685 in
2528 2622 2852 2685 solutione

290 2721 628 2772 usurarum
663 2708 882 2788 (vulgo
924 2709 1269 2788 intercessi),
1307 2710 1490 2788 juxta
1539 2718 1747 2771 texam
1793 2707 1953 2788 legis
1998 2707 2180 2789 (quin
2229 2712 2523 2770 teneatur
2568 2702 2854 2794 cre-ditor

290 2785 565 2865 probare
608 2787 863 2866 damna,
905 2804 1046 2868 quae
1090 2804 1309 2869 passus
1352 2788 1507 2867 est);
1553 2800 1837 2854 attamen
1904 2787 2094 2852 salvis
2158 2790 2257 2861 iis,
2316 2798 2456 2865 quae
2518 2791 2853 2862 speciatim

288 2868 835 2945 praaescribuntur
878 2869 945 2931 in
991 2870 1409 2945 commerciis,
1467 2870 1886 2948 fidejussione
1930 2876 1997 2931 et
2038 2871 2364 2931 societate.
2431 2863 2577 2926 Haec
2640 2871 2854 2931 autem

293 2946 530 3010 solutio
567 2965 695 3010 non
739 2949 1029 3025 debetur,
1073 2951 1195 3012 nisi
1241 2966 1274 3012 a
1319 2948 1424 3012 die
1461 2949 1792 3029 judicialis
1836 2948 2188 3029 petitionis,
2238 2948 2361 3009 nisi
2419 2943 2522 3005 lex
2568 2942 2858 3005 declaret

290 3042 517 3091 usuras
563 3029 906 3092 decurrere
951 3029 1139 3108 pleno
1177 3047 1341 3110 Jure.
1390 3029 1582 3092 Porro
1628 3047 1811 3094 casus
1855 3032 1920 3091 in
1965 3030 2193 3108 quibus
2237 3043 2317 3089 ex
2381 3022 2625 3102 legibus
2686 3023 2854 3084 civi·

294 3105 481 3185 libuS,
526 3125 735 3171 usnrae
779 3110 1093 3173 debentur
1140 3112 1274 3190 ipso
1312 3127 1459 3190 Jure
1502 3119 1682 3174 sunt:
1732 3110 1796 3187 1)
1838 3125 2081 3172 summa
2125 3106 2376 3170 residua
2421 3104 2632 3166 debita
2678 3118 2711 3165 a
2761 3110 2861 3164 tu·

293 3194 452 3262 tore,
495 3190 855 3253 rationibus
901 3191 1200 3267 redditis;
1237 3190 1304 3270 2)
1348 3190 1462 3254 dos
1505 3208 1537 3252 a
1582 3191 1708 3265 die,
1743 3206 1866 3270 quo
1912 3188 2034 3251 ruit
2075 3205 2107 3250 a
2154 3185 2675 3268 promittentibus
2710 3198 2860 3244 con·

292 3269 546 3331 stituta:
594 3271 745 3337 item
789 3270 903 3333 dos
949 3272 1342 3334 restituenda
1385 3288 1417 3334 a
1465 3271 1569 3333 die
1602 3271 1795 3334 soluti
1839 3271 2269 3342 matrimonii;
2312 3267 2377 3344 3)
2420 3280 2665 3328 summa
2716 3278 2861 3349 pro-

290 3348 486 3411 missa
532 3367 564 3412 a
610 3354 779 3412 socio
824 3352 1146 3426 societati3
1193 3353 1348 3415 item
1392 3366 1634 3414 summa
1680 3367 1869 3430 quam
1912 3348 2104 3412 solvit
2150 3346 2524 3425 fidejussor3
2565 3346 2632 3424 4)
2675 3350 2857 3436 ‘anti-

292 3427 647 3508 cipationes
690 3446 724 3493 a
771 3432 1167 3495 mandatario
1213 3432 1430 3507 factae3
1466 3432 1533 3511 5)
1578 3430 1856 3510 legatum
1910 3446 1944 3493 a
1997 3438 2199 3491 morte
2263 3427 2692 3517 testatoris-st
2732 3422 2862 3484 fru-

292 3509 557 3583 ctificet,
606 3509 704 3573 vel
750 3511 982 3576 sactum
1025 3514 1108 3574 sit
1173 3512 1362 3576 titulo
1427 3511 1913 3584 alimentorum;
1975 3510 2041 3589 6)
2104 3510 2355 3589 quoties
2435 3507 2693 3569 vendita
2759 3516 2866 3565 res

296 3586 545 3652 fructus
591 3591 906 3671 producit,
950 3594 1026 3654 ab
1072 3595 1208 3673 ipso
1252 3593 1354 3655 die
1391 3592 1792 3655 ‘venditionis
1836 3592 2023 3672 pleno
2060 3590 2208 3669 jure
2287 3587 2603 3651 debentur
2657 3596 2869 3647 usurae

296 3669 512 3812 (vulgo
537 3672 899 3813 bugini).
923 3673 1054 3735 Art.
1088 3672 1275 3748 12233
1303 3707 1381 3719 --
1415 3673 1477 3736 C.
1506 3671 1578 3736 G.
1605 3672 1792 3748 11:393
1815 3705 1894 3719 -
1917 3672 1981 3735 G.
2007 3670 2075 3733 P.
2122 3669 2304 3743 11123
2339 3702 2417 3713 -
2451 3666 2514 3730 C.
2559 3666 2641 3730 M.
2674 3661 2866 3734 11893

371 3828 526 3904 Qnae
569 3831 777 3894 civilis
835 3831 997 3912 legis
1023 3831 1593 3895 determinationes
1629 3832 1988 3912 generatim
2028 3826 2348 3910 loquendo
2385 3826 2594 3889 locum
2626 3821 2867 3910 habent

291 3910 692 3990 probabilius
734 3913 928 3975 etiam
954 3914 1021 3974 in
1058 3913 1446 3975 conscientia
1478 3912 1669 3991 (quin
1700 3911 2091 3987 attendatur,
2127 3926 2207 3973 an
2244 3907 2370 3971 tale
2402 3921 2623 3968 revera
2664 3902 2869 3964 fuerit

295 3990 652 4073 damnum),
695 4003 766 4054 ut
807 3994 898 4054 sic
943 3993 1113 4056 inter
1159 4000 1249 4054 tot
1292 3993 1665 4055 evenientes
1709 4009 1893 4055 casus
1951 3991 2263 4054 habeatnr
2303 3993 2476 4049 certa
2516 3982 2761 4063 regula,
2802 3984 2872 4038 et

300 4072 603 4134 omnibus
647 4081 1022 4135 occurratur
1065 4071 1497 4136 anxietatibus
1540 4089 1618 4135 ex
1663 4082 1844 4152 parte
1893 4070 2232 4135 creditoris
2291 4076 2355 4130 et
2410 4063 2744 4126 fraudibus
2788 4072 2871 4119 ex

295 4161 487 4293 parte
533 4152 860 4215 debitoris.
890 4153 967 4215 Et
1002 4161 1209 4232 potest
1244 4167 1582 4215 occurrere
1611 4168 1793 4215 casus
1824 4157 1892 4214 in
1927 4168 2051 4232 quo
2081 4151 2277 4212 liceat
2307 4145 2619 4209 excedere
2659 4150 2871 4234 texam

321 4233 501 4311 egis,
546 4248 604 4294 v.
659 4251 718 4312 g.
760 4235 812 4296 si
858 4232 1111 4296 debitor
1156 4232 1596 4295 fraudulenter
1640 4232 1890 4295 solvere
1929 4238 2159 4294 renuat
2202 4223 2765 4316 temporeoebno,
2807 4224 2874 4280 et

300 4311 457 4375 inde
501 4313 784 4376 creditor
826 4314 1033 4393 maJus
1076 4321 1142 4376 et
1185 4321 1427 4378 certum
1475 4314 1752 4392 patiatur
1796 4312 2136 4384 damnum3
2191 4319 2341 4372 tunc
2404 4319 2576 4367 enim
2636 4320 2688 4365 si
2738 4313 2867 4365 non

304 4390 518 4454 civilis
562 4392 689 4469 lex,
730 4403 906 4456 certe
949 4394 1203 4457 ratione
1234 4393 1645 4455 conscientias
1682 4392 1942 4454 debitor
1984 4391 2063 4454 de
2110 4390 2219 4451 tali
2264 4387 2499 4455 damno
2548 4392 2821 4447 tenetur.

379 4469 443 4534 Si
490 4489 648 4535 vero
696 4474 961 4537 materia
1006 4481 1376 4537 contractus
1419 4488 1549 4535 non
1593 4473 1677 4535 sit
1721 4472 2010 4551 pecunia,
2073 4469 2182 4532 sed
2227 4467 2383 4557 alia·
2416 4480 2538 4540 res,
2602 4473 2751 4528 tunc
2818 4465 2879 4528 si*

301 4556 740 4631 compensatio
782 4555 867 4617 sit
910 4568 940 4615 a
980 4556 1257 4633 partium
1300 4552 1727 4615 conventione
1773 4551 2222 4624 determinata,
2270 4549 2390 4627 ipsi
2432 4545 2725 4638 standum
2757 4554 2875 4609 est.

300 4630 498 4699 Secns
529 4633 999 4713 compensanda
1034 4643 1205 4710 sunt,
1235 4635 1711 4696 interveniente
1741 4631 1908 4708 dolo,
1937 4636 2145 4694 omnia
2173 4629 2426 4701 damna,
2458 4640 2599 4705 qnae
2624 4625 2874 4689 directe

306 4722 666 4793 sequnntur
707 4730 788 4776 ex
829 4722 1196 4776 contractus
1241 4714 1692 4777 inexecutione
1728 4712 1827 4775 vel
1863 4714 2053 4775 vitio:
2085 4710 2232 4773 dolo
2268 4716 2479 4771 autem
2510 4721 2635 4768 non
2673 4707 2878 4767 inter-

301 4796 628 4871 veniente,
669 4795 1142 4873 compensanda
1187 4804 1339 4858 sunt
1383 4803 1631 4857 tantum
1661 4791 1894 4856 damna
1937 4808 2079 4872 quae
2123 4793 2394 4871 praevisa
2423 4793 2594 4863 sunt,
2631 4793 2740 4848 aut
2773 4797 2886 4865 po·
