3292 5167
437 286 579 353 476
1181 307 1296 352 ua.
1344 306 1408 351 11.
1456 306 1671 352 raacr.
1718 302 1827 351 vn.
1876 306 2028 352 msr.
2080 306 2142 351 ιι.
2191 306 2325 352 cap.
2377 302 2421 352 1.

526 408 822 489 Corporis
862 409 1028 473 bona
1065 407 1397 471 violantur
1428 425 1540 487 per
1583 407 2032 484 homicidium,
2058 408 2536 472 mutilationem
2573 407 2706 491 (vel
2739 408 2911 473 aliud
2960 410 3054 473 si·

437 489 675 570 mile);
719 491 873 553 item
917 505 1032 569 per
1076 499 1371 569 stuprum
1414 498 1479 552 et
1522 487 1938 552 adulterium.
1973 488 2073 552 Sit
2114 505 2305 571 ergo:

711 806 1050 873 An‘rtcotus
1097 803 1146 869 1.
1176 839 1267 851 —-
1294 805 1384 901 De
1429 802 1759 870 homicidio
1806 817 1863 871 et
1905 805 2297 873 mutilatione
2340 806 2776 873 membrorum.

535 1033 750 1101 (394.
801 1038 874 1116 Q.
928 1038 984 1103 l.
1041 1036 1204 1116 Quid
1248 1048 1333 1103 est
1381 1036 1805 1119 homicidium,
1854 1037 2194 1123 quotuplex
2239 1047 2296 1103 et
2338 1038 2523 1121 quale
2562 1042 2926 1123 peccatum?

536 1145 608 1211 R.
656 1140 754 1209 Ad
805 1144 880 1209 1:
930 1141 1374 1211 nomicidium
1422 1142 1547 1228 (sic
1594 1142 1846 1211 dictum
1880 1143 1962 1211 ab
2001 1143 2270 1210 hbnziuis
2301 1143 2491 1229 ccede)
2528 1141 2786 1211 definiri
2820 1148 3051 1229 potest

387 1292 394 1299 -
445 1249 722 1316 violema
767 1249 987 1315 occisio
1034 1248 1304 1315 hominis
1346 1250 1520 1334 facta
1563 1250 1640 1316 ab
1689 1250 1954 1317 homine.
2006 1252 2166 1331 Quae
2217 1249 2393 1318 enim
2441 1249 2514 1317 fit
2561 1267 2595 1316 a
2643 1250 2821 1333 fera,
2896 1266 3052 1336 pro-

452 1355 599 1443 prie
647 1354 1082 1423 homicidium
1133 1374 1265 1423 non
1314 1354 1575 1438 dicitur,
1625 1355 1746 1425 sed
1786 1358 2119 1445 pauperies
2166 1357 2232 1424 in
2275 1357 2425 1443 jure
2456 1358 2864 1444 appellatur.

542 1466 617 1532 R.
666 1463 762 1531 Ad
812 1466 895 1530 2:
948 1462 1394 1535 Homicidium
1443 1463 1621 1533 aliud
1670 1472 1772 1533 est
1820 1465 2102 1549 casuale,
2144 1464 2323 1533 aliud
2357 1465 2822 1547 voluntarium,
2861 1464 3045 1533 aliud

447 1570 914 1656 qualificatum,
965 1570 1141 1637 aliud
1191 1569 1492 1655 simplex.
1528 1573 1792 1639 casuale
1840 1572 2163 1656 contingit
2214 1579 2458 1659 praeter
2495 1572 2785 1640 hominis
2825 1573 3039 1641 inten-

451 1677 726 1745 tionem.
780 1677 1215 1746 Voluutarium
1261 1677 1587 1764 contingit
1634 1697 1715 1749 ex
1762 1680 1904 1766 ipsa
1954 1679 2240 1748 bominis
2290 1680 2680 1760 intentione,
2716 1688 2781 1747 et
2819 1679 3041 1765 dupli·

446 1784 618 1853 citer
671 1785 1110 1854 voluntarium
1170 1803 1319 1854 esse
1369 1793 1632 1871 potest:
1697 1786 1939 1871 directe,
1990 1805 2140 1855 cum
2190 1785 2339 1872 quis
2388 1786 2537 1854 data
2586 1805 2790 1873 opera
2837 1785 3043 1856 alium

453 1892 822 1974 interimit3
877 1902 943 1961 et
989 1893 1304 1975 indirecte,
1357 1911 1506 1961 cum
1552 1894 1701 1979 quis
1758 1893 2006 1963 directe
2078 1894 2341 1981 quidem
2415 1895 2686 1981 alterius
2757 1903 3042 1964 mortem

449 2017 584 2067 non
637 1999 771 2066 vult
827 2017 948 2067 nec
999 1998 1321 2080 intendit3
1396 1998 1514 2068 sed
1562 1999 1749 2086 ponit
1799 2018 1895 2083 ea,
1947 2020 2026 2069 ex
2076 2001 2319 2087 quibus
2392 2008 2614 2088 potest
2680 2000 3056 2087 praevidere

454 2113 742 2175 mortem
802 2105 1075 2175 alterius
1139 2114 1548 2176 secuturum.
1616 2108 2054 2194 Qualificatum
2117 2116 2218 2176 est
2286 2107 2466 2194 quo‘d
2529 2108 2853 2194 speciales
2922 2107 3051 2176 cir·

454 2213 884 2282 cumstantias
912 2214 1108 2283 habet
1140 2213 1469 2282 adnexas:
1505 2214 1634 2281 tale
1674 2222 1775 2281 est
1802 2233 1883 2282 ex
1920 2200 2245 2283 moderno
2272 2214 2423 2301 jnre
2454 2216 2832 2301 vevwficium,
2868 2210 3051 2300 quod

451 2338 603 2389 cum
652 2322 1041 2389 substantiis
1091 2321 1443 2403 veneficis;
1493 2322 1997 2407 infanticidium,
2059 2320 2239 2408 quod
2287 2328 2519 2390 contra
2568 2321 2888 2390 infantem
2937 2338 3047 2389 re-

447 2446 603 2496 cens
655 2434 880 2496 natum
901 2453 918 2510 3
984 2429 1428 2507 assassinium,
1491 2427 1673 2513 quod
1720 2428 1822 2497 vel
1872 2427 2271 2515 proditorie,
2335 2426 2403 2496 id
2471 2436 2573 2496 est
2637 2429 2762 2495 sub
2825 2427 3055 2515 specie

447 2536 778 2619 amicitiae,
827 2536 925 2603 vel
980 2535 1201 2604 habita
1253 2534 1865 2620 praemeditatione,
1915 2535 2015 2604 vel
2067 2535 2388 2605 insidiose
2422 2541 2866 2623 perpetratur.
2916 2535 3052 2605 Sed

446 2645 730 2712 maxime
779 2644 957 2710 venit
1008 2642 1226 2710 caedes
1269 2653 1620 2730 pareutum,
1670 2644 1971 2730 conjuffls
2016 2644 2327 2731 principis
2373 2660 2447 2711 ac
2486 2661 2772 2731 personae
2818 2644 3051 2730 sacrm,

449 2768 601 2837 quae
653 2749 1059 2835 singularem
1113 2750 1672 2836 qualificationem
1721 2759 1786 2819 et
1829 2750 2244 2819 atrocitatem
2314 2750 2586 2818 involvit
2654 2768 2729 2819 ac
2788 2753 3055 2837 gravius

449 2858 745 2945 punitur.
791 2858 982 2939 Quod
1046 2876 1247 2943 porro
1297 2856 1480 2925 bisce
1526 2858 2043 2928 circumstantiis
2094 2877 2228 2926 non
2271 2865 2372 2928 est
2420 2859 2756 2940 vestitum,
2806 2859 3057 2928 dicitur

448 2964 850 3031 homicidium
896 2965 1188 3050 simplem.

537 3072 610 3138 R.
652 3070 751 3138 Ad
799 3073 878 3138 3:
926 3071 1175 3158 injusta
1226 3071 1513 3140 bominis
1563 3070 1812 3140 occisio
1848 3071 2046 3139 vetita
2095 3079 2196 3139 est
2245 3072 2480 3157 quinto
2529 3071 2839 3157 Decalogi
2882 3090 3051 3158 prae-

452 3185 689 3264 cepto:
737 3200 866 3247 uon
911 3179 1164 3247 occides.
1209 3181 1325 3248 Est
1373 3188 1595 3248 autem
1644 3186 1990 3264 peccatum
2041 3180 2503 3264 gravissimum
2554 3181 2623 3246 in
2668 3183 2887 3264 Deum,
2936 3179 3055 3266 qui

452 3286 638 3353 solus
686 3294 788 3354 est
835 3289 1069 3356 mortis
1120 3295 1185 3355 et
1225 3288 1375 3355 vitae
1426 3288 1778 3370 dominus;
1826 3288 1894 3356 in
1931 3289 2395 3375 rempublicam,
2471 3307 2623 3363 cum
2672 3305 2790 3355 sua
2864 3295 3055 3375 parte

450 3391 790 3479 privetur:
839 3393 908 3459 in
947 3394 1241 3477 cccisum,
1290 3413 1442 3463 cum
1489 3397 1547 3464 ei
1595 3395 1850 3464 bonum
1900 3394 2226 3462 adimatur
2258 3394 2629 3480 temporale
2663 3395 3053 3478 maximum,

454 3497 881 3584 irreparabile
929 3519 1003 3569 ac
1047 3501 1329 3569 aliorum
1377 3503 1710 3571 bonorum
1758 3500 2281 3571 fundamentum.
2332 3502 2497 3570 Hinc
2531 3509 2652 3585 est,
2691 3501 2871 3587 quod
2899 3503 3057 3588 jure

455 3607 636 3676 omni
686 3606 979 3692 punitur.

531 3769 685 3832 Jure
726 3768 1024 3831 canonico
1066 3766 1200 3845 lata,
1237 3778 1335 3831 est
1401 3767 1887 3846 irregularitas:
1929 3777 1996 3831 et
2053 3772 2120 3830 in
2165 3768 2543 3831 mandantes
2601 3769 2802 3831 occidi
2875 3767 3055 3830 chri·

454 3853 732 3916 stianum
771 3851 1345 3913 excommunicatio
1382 3851 1519 3928 ipso
1552 3848 1720 3911 facto
1754 3850 2189 3924 incurrenda;
2221 3850 2374 3911 item
2416 3848 2737 3928 depositio
2762 3847 2842 3912 ab
2872 3848 3054 3911 omni

455 3933 793 4012 dignitate,
855 3930 1063 3993 officio
1121 3939 1186 3992 et
1227 3929 1548 3992 Beneficio
1600 3929 1646 3989 ¹.
1695 3927 1846 4003 Quae
1916 3938 2130 3993 tamen
2201 3945 2408 4009 poenae
2477 3929 2875 4008 probabilius
2921 3944 3057 3990 non

454 4015 881 4077 incurrantur
925 4011 1003 4075 ab
1049 4012 1204 4091 ipsis
1247 4009 1690 4085 mandatariis,
1725 4010 1871 4089 quia
1920 4009 2024 4071 lex
2101 4010 2385 4090 loquitur
2444 4017 2694 4073 tantum
2760 4009 2839 4071 de
2882 4023 3060 4071 man·

455 4090 779 4169 dantibus,
820 4103 885 4154 et
926 4110 1036 4155 eos
1080 4090 1554 4155 occultantibus
1596 4106 1670 4152 ac
1715 4088 2218 4153 defendentibus
2261 4089 2318 4154 ².
2357 4089 2515 4152 Jure
2571 4090 2914 4152 dioecesano
2956 4096 3065 4151 est

454 4331 687 4392 datoreS,
722 4333 818 4395 ipsi
854 4344 913 4383 se
946 4329 1087 4393 apud
1120 4340 1248 4381 suos
1281 4327 1583 4391 interiores,
1614 4330 1827 4393 arrepta
1868 4330 2170 4390 occasione,
2219 4328 2286 4379 ad
2337 4339 2598 4381 nauseam
2655 4327 2920 4401 attollunt.
2971 4327 3059 4379 Ob

453 4404 617 4458 quam
659 4405 784 4445 vera
815 4397 896 4445 est
927 4392 1222 4445 sententia:
1256 4404 1360 4442 uon
1393 4394 1559 4453 uocet,
1593 4393 1638 4442 si
1670 4391 1905 4442 omnibus
1937 4396 1983 4443 te
2015 4403 2272 4454 supponas
2284 4405 2310 4451 ‚·
2342 4395 2488 4443 uocet
2519 4395 2696 4444 autem
2735 4390 3058 4452 plurimum,

453 4457 500 4508 si
531 4457 611 4506 vet
639 4459 732 4507 uni
767 4461 811 4507 te
838 4459 1149 4518 proeponas!
1189 4453 1426 4519 KempiS,
1461 4455 1532 4505 De
1564 4454 1760 4504 Imitat.
1782 4452 2005 4526 parisii,
2040 4453 2076 4503 l.
2110 4466 2146 4513 1,
2183 4464 2229 4504 c.
2265 4456 2314 4507 7.

520 4519 544 4559 ⁸
577 4520 630 4570 C.
662 4521 766 4570 Pro
797 4518 1055 4591 humanis,
1088 4516 1152 4567 de
1179 4517 1346 4576 hom„
1379 4517 1432 4566 ln
1466 4518 1512 4567 6.
1544 4540 1628 4590 7--
1650 4515 1705 4589 vs.
1738 4515 1970 4589 Lignori,
2007 4516 2141 4590 Opus
2176 4516 2331 4575 Mor„
2367 4516 2402 4568 l.
2428 4528 2507 4579 111,
2542 4527 2597 4567 n.
2625 4516 2751 4579 3633
2785 4540 2848 4552 -
2872 4516 3064 4567 Ferra-

452 4576 2262 4714 1¹⁸¹⁹1{mAaffifft‘i'iffl-”iogfffzffissu1323&ssssdecssffsgi‘gullz'affl}
2285 4582 2640 4715 {omicidium
2675 4650 2707 4690 a
2741 4637 2931 4711 majori
2966 4648 3061 4689 an-

451 4707 541 4760 nis
573 4707 636 4759 20
666 4706 737 4778 sit
766 4704 1147 4775 commissum,
1176 4702 1257 4754 vel
1287 4705 1462 4755 atroce
1493 4703 1546 4754 ld
1580 4705 1661 4776 est
1692 4713 1814 4753 cum
1850 4704 2264 4776 circumstantiis
2297 4703 2732 4769 aggravantibu8‚
2764 4713 2798 4754 a
2833 4700 3064 4752 minori.

461 4767 523 4822 V.
554 4768 756 4828 Alasia,
798 4766 1203 4826 commentam,
1237 4764 1274 4815 t.
1309 4776 1327 4816 1
1368 4765 1440 4816 De
1473 4765 1814 4817 calendatica
1847 4768 2190 4818 immunitate.
