3292 5167
553 316 680 383 106
1236 336 1350 380 uo.
1400 336 1461 380 ιι.
1510 336 1721 380 τιιΑοτ.
1772 330 1826 378 V.
1875 330 2031 379 nisi».
2081 334 2144 378 ιι.
2197 334 2326 379 car.
2382 334 2446 379 ιι.

552 439 934 526 temporalia
984 437 1200 529 dandal
1245 446 1399 506 sunt
1462 436 1648 522 juxta
1720 436 1880 503 illud
1952 436 2231 504 Christi:
2283 438 2483 522 qratia
2529 439 2864 524 accepistis,
2916 439 3108 523 pratis

550 548 706 615 date.
753 546 819 614 Si
870 564 1081 629 secuS,
1130 540 1563 615 simoniacum
1611 552 1731 612 est.

637 656 801 723 Item
847 653 1125 721 simonia
1173 658 1294 733 est,
1342 651 1394 719 si
1445 650 1639 719 detur
1686 650 1877 718 alicui
1927 650 2329 719 Beneficium
2403 651 2924 720 ecclesiasticum
2968 668 3107 730 cum

550 769 763 847 pacto,
811 768 887 828 ut
933 761 1165 828 subeat
1213 758 1480 845 aliquod
1529 776 1769 827 novum
1819 777 2009 840 onuS,
2084 758 2236 826 licet
2283 757 2642 844 spirituale,
2693 757 2871 842 quod
2943 759 3114 843 prius

533 867 673 953 'ipsi
723 864 1171 934 ecclesiastico
1220 863 1549 933 Beneficio
1600 864 1925 931 adnexum
1975 882 2105 937 non
2151 871 2321 931 erat:
2400 871 2555 949 puta
2603 883 2772 931 onus
2821 863 3111 945 docendi,

551 973 845 1054 canendi,
893 971 1138 1058 pluries
1210 969 1603 1052 celebrandi,
1664 979 1778 1039 aut
1838 970 2098 1039 diverso
2172 971 2318 1038 loco
2369 972 2449 1038 ab
2519 988 2620 1051 eo,
2698 970 2781 1037 de
2841 987 2973 1055 quo
3021 969 3115 1037 lo-

551 1077 845 1167 quuntur
899 1077 1221 1147 Beneficii
1287 1077 1548 1146 tabulae.
1597 1078 1785 1147 Ratio
1831 1077 2152 1164 est,·quia
2213 1095 2292 1145 ex
2360 1081 2518 1145 Jure
2562 1077 2882 1146 canonico
2930 1092 3117 1144 omne

553 1192 815 1272 pactum
883 1184 950 1253 in
1022 1183 1367 1253 Beneficiis
1434 1185 1899 1252 ecclesiasticis
1971 1184 2466 1269 superadditum
2537 1184 2632 1252 uti
2689 1183 3116 1251 simoniacum

554 1294 862 1361 habetur.·
897 1293 1035 1361 lmo
1085 1290 1190 1358 vel
1233 1289 1371 1376 ipsa
1407 1291 1808 1376 permutatio
1857 1290 2241 1376 spiritualis,
2276 1307 2425 1376 quae
2470 1290 2535 1358 in
2570 1290 2713 1357 aliis
2765 1290 2965 1358 rebus
2996 1289 3120 1374 spi-

553 1399 899 1466 ritualibus
949 1397 1236 1484 permitti
1299 1403 1518 1481 potest
1565 1396 1690 1482 (sic
1739 1397 1914 1465 licita
1963 1404 2141 1466 esset
2190 1392 2443 1482 pactio:
2490 1416 2658 1464 nunc
2726 1398 2970 1482 applico
3008 1413 3119 1482 pro

549 1516 607 1572 te
651 1505 928 1586 Missam,
976 1513 1045 1570 ut
1088 1523 1269 1569 mane
1312 1503 1583 1590 applices
1620 1522 1742 1589 pro
1788 1524 1923 1583 me;
1970 1504 2127 1571 item
2175 1502 2229 1571 si
2279 1502 2551 1571 calicem
2603 1520 2720 1588 pro
2772 1502 2996 1583 calice,
3029 1518 3120 1569 ΓΘ·

553 1610 788 1696 liquias
837 1627 955 1696 pro
1006 1608 1301 1694 reliquiis
1340 1607 1599 1693 dones),
1648 1609 1792 1676 haec
1842 1600 2109 1693 inquam
2160 1610 2590 1677 commutatio
2642 1611 2705 1676 in
2757 1626 2831 1675 re
2877 1607 3123 1675 henefi-

554 1718 748 1784 ciaria
797 1717 992 1784 vetita
1040 1723 1141 1784 est
1184 1716 1501 1784 canonico
1549 1719 1743 1784 Jure:
1796 1716 1968 1783 unde
2014 1717 2157 1784 sine
2211 1716 2470 1785 licentia
2522 1715 2938 1782 non‘liceret
2972 1714 3119 1781 mihi

554 1830 931 1910 permutare
976 1822 1496 1890 ecclesiasticum
1544 1822 1950 1891 Beneficium
2000 1822 2181 1908 quod
2228 1840 2351 1907 ego
2402 1820 2735 1908 possideO,
2806 1838 2960 1889 cum
3004 1822 3125 1888 Be-

555 1931 790 2001 neficio
839 1931 1285 1999 ecclesiastico
1336 1930 1514 2015 quod
1561 1931 1727 2000 alter
1775 1930 2069 2015 possidet
2119 1928 2172 1999 ¹.
2224 1933 2532 1999 Ceterum
2566 1931 2620 1998 si
2671 1931 2752 1997 ab
2800 1930 3124 2015 Episcopo

554 2056 683 2106 una
730 2055 879 2105 cum
929 2036 1230 2122 Capitulo
1279 2037 1687 2106 cathedralis
1735 2037 2067 2106 Beneficio
2108 2037 2561 2106 ecclesiastico
2616 2038 2871 2104 vacanti
2923 2036 3126 2121 impo-

555 2152 748 2212 natur
795 2162 1034 2211 novum
1067 2143 1334 2229 aliquod
1384 2163 1552 2212 onus
1586 2144 1960 2227 honestum,
2008 2161 2064 2212 v,
2102 2162 2159 2229 g.
2205 2143 2482 2212 infirmis
2531 2142 2912 2226 assistendi,
2967 2143 3129 2211 bene

556 2252 921 2321 sustinetur
965 2251 1034 2318 iu
1073 2252 1224 2339 jure
1272 2246 1325 2319 ².
2286 2280 2296 2289 ·
2346 2254 2357 2285 ³

730 2360 790 2424 2.
843 2361 1077 2425 Munus
1120 2377 1164 2424 a
1212 2357 1466 2444 linqua.-
1538 2358 1664 2427 hoc
1712 2359 1979 2427 nomine
2027 2357 2489 2442 intelliguntur
2550 2357 2802 2439 laudes,
2866 2357 3129 2434 favoreS,

559 2462 1185 2546 commendationes,
1237 2482 1487 2550 preceS,
1537 2465 1890 2551 etc.;qui'a
1941 2465 2083 2532 haec
2117 2483 2387 2551 quoque
2435 2464 2653 2532 solent
2707 2464 2766 2530 in
2803 2462 3127 2531 communi

559 2572 898 2639 hominum
946 2591 1145 2641 sensu
1196 2573 1646 2657 temporaliter
1679 2568 2011 2641 aestimari.
2061 2574 2170 2642 Sic
2222 2582 2399 2642 esset
2446 2590 2685 2640 munus
2734 2588 2769 2635 a
2817 2570 3036 2654 lingua
3070 2570 3131 2634 in

557 2679 912 2765 Episcopo,
961 2679 1014 2746 si
1064 2678 1582 2748 ecclesiasticum
1644 2680 2048 2748 Beneficium
2118 2679 2218 2750 vel
2268 2680 2668 2749 vicariatum
2718 2677 2911 2745 alicui
2977 2694 3132 2745 con-

558 2789 776 2869 ferret,
827 2795 898 2854 ut
945 2787 1024 2855 ab
1073 2805 1152 2854 eo
1202 2787 1505 2857 laudibus
1554 2797 1930 2871 exornetur,
1980 2790 2078 2858 vel
2131 2808 2213 2861 ne
2285 2789 2464 2857 illius
2535 2788 2761 2857 odium
2810 2784 3130 2861 incurrat;

560 2896 711 2980 quia
759 2894 1022 2960 laudum
1071 2896 1473 2978 comparatio
1508 2913 1582 2963 ac
1623 2895 1848 2964 vitatio
1885 2897 2032 2963 mali
2084 2895 2264 2981 quod
2304 2896 2595 2976 timetur,
2643 2903 2743 2962 est
2778 2889 3134 2978 temporale

559 3012 624 3071 et
670 3003 882 3089 pretio
931 3002 1339 3070 aestimabile.
1413 3003 1527 3071 Vel
1575 3004 1772 3071 etiam
1840 3005 1895 3071 si
1959 3003 2162 3072 dicat:
2208 3023 2338 3071 non
2382 3005 2700 3089 conferam
2744 3003 2856 3068 tibi
2912 3001 3135 3085 Benefi-

559 3109 742 3190 cium,
790 3108 915 3173 nisi
959 3108 1106 3174 talis
1149 3129 1244 3174 me
1289 3121 1502 3195 roqet:
1551 3110 1881 3179 conferret
1928 3111 2102 3179 enim
2152 3117 2372 3178 motus
2423 3110 2643 3177 favore
2679 3109 2989 3189 humanO,
3028 3105 3131 3190 qui
3168 3116 3172 3121 ·

570 3214 977 3283 aestimabilis
1026 3221 1146 3283 est.
1189 3216 1393 3284 Secus
1442 3224 1637 3300 esset,
1688 3217 1741 3284 si
1790 3217 2180 3302 simpliciter
2228 3218 2560 3285 conferret
2607 3214 3013 3283 Beneficium
3061 3212 3134 3276 acl

567 3341 797 3409 preces
869 3320 1159 3405 alterius,
1209 3322 1325 3392 sed
1387 3324 1567 3393 nullo
1641 3325 1863 3393 habito
1914 3333 2223 3411 respectu
2293 3324 2374 3391 ad
2422 3325 2711 3392 favorem
2784 3324 3134 3389 humanum

561 3428 1067 3512 acquirendum
1117 3437 1271 3498 tunc
1319 3431 1492 3499 enim
1542 3431 1718 3499 nulla
1788 3432 2213 3500 interveniret
2263 3430 2549 3500 venditio
2622 3431 2713 3498 rei
2780 3427 3137 3515 spiritualis

565 3552 681 3620 pro
734 3535 1094 3620 temporali.
1161 3536 1279 3603 Hic
1338 3536 1713 3605 audiendus
1772 3538 1831 3605 d.
1883 3539 2201 3607 Thomas:
2254 3534 2512 3619 Quando
2558 3539 2713 3623 fiunt
2766 3557 2986 3624 preces
3028 3553 3139 3621 pro

563 3642 839 3727 indique,
887 3643 981 3709 vel
1024 3642 1102 3707 ab
1138 3643 1346 3726 aliquo
1388 3656 1628 3730 potente
1672 3647 1780 3729 qui
1843 3647 2190 3732 periculum
2257 3644 2693 3725 comminatur,
2757 3661 2897 3727 quae
2937 3659 3142 3728 preces

563 3757 833 3816 armatae
873 3748 1181 3830 dicuntur,
1221 3750 1542 3835 manifeste
1585 3752 1856 3817 simonia
1899 3753 2320 3833 committitur,
2356 3752 2412 3818 si
2451 3761 2709 3837 propter
2754 3751 2868 3815 hoc
2912 3748 3141 3833 Benefi-

562 3856 725 3922 cium
770 3854 1242 3921 ecclesiasticum
1288 3854 1482 3923 detur.
1529 3858 1595 3924 Si
1637 3869 1846 3945 tamen
1884 3877 2003 3944 pro
2060 3859 2247 3944 diano
2283 3861 2457 3944 fiant,
2505 3858 2803 3943 quoniam
2845 3857 2932 3922 ad
2966 3855 3139 3941 judi-

562 3963 727 4029 cium
771 3962 1091 4029 hominum
1126 3963 1442 4049 probabile
1486 3976 1593 4044 est,
1643 3965 1806 4050 quod
1859 3966 2016 4032 dans
2064 3967 2263 4052 maqis
2306 3978 2627 4051 moveatur
2661 3965 2893 4031 intuitu
2937 3962 3142 4049 aiqui-

562 4070 710 4135 tatis
745 4088 1031 4156 personoe
1073 4088 1263 4154 quam
1304 4072 1519 4156 favore
1556 4091 1833 4157 precum,
1899 4085 1953 4140 et
2000 4073 2134 4140 ideo
2178 4094 2305 4140 non
2349 4069 2676 4160 reputatur
2719 4071 3033 4147 simonia;
3088 4069 3142 4133 si

564 4187 770 4241 tamen
797 4177 1233 4263 principaliter
1274 4191 1594 4244 moveatur
1634 4180 1852 4264 favore
1892 4199 2146 4266 precum
2190 4181 2285 4246 vel
2328 4181 2550 4246 timore
2595 4177 2899 4263 royantis,
2948 4194 3141 4262 quan-

565 4294 696 4347 tum
735 4280 819 4346 ad
863 4284 1148 4369 divinum·
1177 4284 1506 4369 Judicium,
1553 4285 1888 4352 simoniam
1934 4284 2255 4353 committit
2321 4298 2378 4352 et
2413 4298 2672 4372 roqatus
2718 4296 2773 4351 et
2813 4301 3048 4369 rogans
3089 4280 3145 4347 si

565 4390 677 4455 hoe
720 4389 1018 4471 intendat,
1066 4392 1194 4458 sive
1232 4392 1463 4478 aliquis
1499 4412 1619 4479 pro
1666 4414 1730 4459 se
1774 4405 1945 4478 roqet
1989 4394 2117 4460 sive
2157 4413 2275 4480 pro
2310 4395 2439 4460 alio
2475 4390 2526 4460 ⁸.

625 4580 651 4621 ‘¹
682 4583 763 4633 Ex
797 4592 838 4655 ⁰.-
875 4582 1038 4656 Quam
1065 4586 1152 4646 pio
1186 4598 1243 4647 ιι,
1279 4598 1423 4638 caus.
1459 4590 1505 4646 l,
1535 4598 1589 4698 3.
1622 4592 1672 4640 2.
1703 4615 1769 4626 —
1800 4590 2028 4661 Lignori.
2070 4589 2205 4652 Opus
2231 4590 2382 4651 Mon,
2416 4590 2453 4642 l.
2490 4602 2571 4650 nr,
2605 4601 2661 4639 n.
2695 4592 2776 4661 ⁷?-

626 4644 651 4684 2
683 4645 740 4717 Q.
775 4644 1120 4717 Styneticatum
1152 4648 1211 4697 de
1241 4651 1397 4709 proeb.
1431 4676 1496 4688 —
1579 4687 1590 4698 .
1629 4650 1684 4699 L.
1723 4654 1979 4713 Ferraris;
2018 4653 2074 4703 V.
2112 4655 2340 4710 Pactum,
2376 4663 2425 4702 a.
2476 4657 2523 4705 2.
2572 4676 2637 4687 -
2690 4649 2936 4706 Alcanor,
3001 4646 3139 4695 Cum·

561 4709 807 4771 pendium
838 4709 982 4756 Jurts
1013 4708 1349 4771 ecclesiastici,
1381 4711 1408 4774 3
1439 4715 1518 4770 75,
1590 4722 1669 4773 ag.
1703 4713 1812 4771 244,
1848 4711 1935 4761 ubi
1970 4714 2120 4775 plura
2152 4714 2216 4763 ad
2253 4726 2382 4764 rem.

628 4770 652 4808 ⁸
684 4774 733 4829 2,
763 4773 812 4828 2,
845 4782 899 4833 q.
936 4772 1043 4831 too,
1077 4783 1126 4819 a.
1162 4774 1208 4821 5.
1241 4796 1305 4809 -
1340 4792 1358 4815 ι
1395 4774 1447 4824 8.
1472 4723 1688 4823 Auguso
1723 4782 1813 4835 per
1846 4774 1861 4823 i
1911 4775 2130 4827 Benefizi
2164 4787 2271 4826 non
2327 4774 2515 4827 voleva
2545 4773 2777 4839 impegnt
2833 4774 2899 4825 ne
2949 4768 3147 4822 media·
