3292 5167
1373 275 1451 321 οε
1497 271 1636 321 rint:
2152 224 2157 229 Ι
2655 259 2778 327 621

199 375 329 439 fide
372 386 578 451 actum
614 387 729 443 est.
775 385 914 457 post
958 376 1198 441 tactum
1242 380 1628 458 supponitur
1672 385 1846 441 recte
1882 377 2147 455 tactum,
2190 380 2603 462 quoadusque
2637 398 2781 444 con·

204 462 470 520 trarium
518 475 645 521 non
693 460 777 519 sit
820 467 1084 521 certum.
1131 457 1485 539 Propositio
1550 466 1761 522 autem
1831 457 2127 524 damnata
2203 463 2484 542 loquitur
2528 479 2653 525 non
2702 463 2781 526 de

199 537 456 613 collato,
500 540 608 602 sed
657 538 736 600 de
779 536 1191 613 Sacramento
1236 538 1652 613 conterende,
1701 534 1767 602 e't
1810 538 1999 602 de=eo
2044 541 2149 621 qui
2198 540 2444 604 laborat
2480 546 2781 620 ignoran-

201 619 287 680 tia
334 620 524 681 etiam
566 618 890 697 culpabili.
946 619 1068 680 Alii
1126 619 1350 682 volunt
1407 614 1887 682 Confessionem
1937 636 2079 683 esse
2134 623 2585 701 repetendam3
2634 639 2783 686 nam

199 699 511 778 obligatio
556 710 731 762 certa
780 697 1216 761 Confessiouis
1262 716 1389 762 non
1436 700 1867 780 adimpletur,
1914 702 2034 761 nisi
2084 717 2198 781 per
2241 712 2478 766 certam
2526 704 2780 766 satisfa-

199 782 500 854 ctionem,
546 780 689 843 ideo
738 797 847 859 per
891 779 1371 843 confessionem
1419 789 1595 853 certo
1643 781 1938 843 validam.
2484 852 2493 859 ᾖ

282 859 515 923 Verum
567 879 680 923 nos
725 862 1032 923 dicimus:
1064 863 1421 940 generatim
1470 861 1731 940 quidem
1779 878 1996 924 verum
2030 871 2284 923 estnon
2317 879 2457 925 esse
2499 873 2787 942 repeten-

199 938 351 1002 dum
400 958 576 1021 opus,
621 943 718 1005 cui
770 942 928 1003 bona
976 940 1120 1013 nde,
1156 949 1222 1003 et
1254 959 1331 1003 ex
1368 943 1704 1004 sufficienti
1747 942 1997 1003 ratione
2033 941 2428 1005 satisfactum
2464 952 2600 1017 est;
2635 944 2784 1022 quia

200 1036 423 1084 revera
471 1025 850 1101 supponitur
884 1031 1056 1085 recte
1093 1020 1346 1096 factum,
1387 1037 1501 1083 nec
1535 1022 1943 1101 praesumitur
1975 1022 2141 1085 velle
2186 1023 2512 1101 legislator
2550 1027 2779 1086 iterum

199 1100 506 1179 obligare
538 1119 686 1164 cum
727 1110 903 1164 tanto
951 1103 1370 1164 incommod0.
1414 1103 1527 1165 Hic
1587 1113 1796 1164 tamen
1865 1119 1991 1165 non
2061 1115 2326 1183 apparet
2394 1104 2786 1167 sufficienter

196 1183 596 1245 satisfactum
644 1198 782 1245 esse
826 1182 903 1243 ab
970 1183 1308 1259 ignorante
1373 1199 1442 1245 ea
1508 1191 1857 1262 mysteria,
1906 1183 2126 1245 saltem
2200 1185 2250 1245 si
2323 1186 2787 1263 ignorabantur

169 1265 406 1340 „quoad
441 1263 862 1325 substantiale
902 1260 1156 1324 illorum
1191 1263 1252 1337 ¹3
1284 1279 1424 1325 cum
1458 1262 1689 1325 dubius
1724 1271 1808 1326 stt
1845 1261 2023 1326 valor
2054 1265 2478 1339 sacramenti,
2510 1282 2585 1327 eo
2616 1265 2783 1343 quod

199 1342 265 1404 in
315 1345 750 1406 controversia
797 1347 881 1405 sit
924 1351 1137 1406 utrum
1185 1342 1343 1405 tides
1388 1342 1466 1406 de
1514 1342 1640 1404 illis
1686 1346 2014 1423 mysteriis
2059 1346 2421 1407 necessaria
2457 1346 2542 1407 sit
2573 1362 2784 1406 neces·

197 1424 390 1485 sitate
434 1424 624 1486 medii
674 1424 749 1485 ad
790 1424 1312 1502 justificationem
1381 1424 1838 1499 obtinendam3
1890 1441 2087 1503 quare
2130 1426 2291 1487 bona
2342 1426 2499 1486 tides
2562 1427 2788 1504 nequit

195 1504 404 1565 valeri
459 1502 855 1567 Sacramenti
891 1502 1241 1583 suffragare
1285 1513 1347 1566 et
1391 1503 1846 1583 obligationem
1893 1516 2131 1567 certam
2203 1506 2603 1583 extinguere.
2661 1505 2780 1568 Sed

198 1586 413 1661 potior
460 1588 621 1648 ratio
667 1594 782 1660 est,
827 1588 970 1662 quia
1018 1585 1363 1647 absurdum
1411 1585 1683 1652 videtur,
1724 1585 1904 1665 ·quod
1958 1588 2277 1663 poenitens
2325 1585 2784 1648 Poenitentiam

195 1666 591 1743 recipiendo,
638 1666 740 1726 ubi
788 1663 1136 1737 Salvatoris
1182 1667 1405 1728 merita
1454 1669 2032 1741 communicantur,
2065 1683 2192 1728 non
2227 1665 2459 1732 debeat
2507 1667 2636 1727 illis
2680 1683 2786 1729 ex·

197 1745 459 1824 pliciter
503 1746 772 1808 credere
816 1754 879 1808 et
920 1761 1096 1808 suam
1146 1746 1334 1809 fidem
1380 1763 1703 1810 exercere.

284 1913 501 1977 00²·
550 1920 622 1999 Q.
672 1920 731 1984 3.
786 1920 1088 1998 Qaoenam
1131 1917 1216 1983 ad
1257 1918 1434 2003 fidem
1477 1919 1851 2004 pertinentia
1907 1920 1983 1984 ab
2030 1918 2261 1986 adultis
2333 1917 2583 1985 scienda
2636 1908 2785 1983 'sum

191 2024 269 2090 de
314 2025 668 2092 necessitate
711 2025 1057 2111 praecepti?

290 2134 359 2199 R.
414 2132 702 2214 Quilibet
751 2131 1012 2215 fidelis,
1063 2138 1132 2198 ut
1179 2132 1376 2198 vitam
1429 2130 1729 2199 instituat
1778 2132 2221 2215 christianam,
2274 2151 2422 2200 cum
2473 2132 2549 2198 ad
2592 2150 2787 2199 usum

195 2238 476 2306 rationis
529 2239 954 2324 pervenerit,
1005 2245 1254 2324 praeter
1302 2256 1374 2305 ea
1426 2256 1574 2324 quae
1625 2238 1797 2307 scire
1846 2238 2043 2306 debet
2110 2240 2500 2306 necessitate
2551 2238 2786 2320 medii,

195 2353 465 2413 tenetur
537 2347 931 2432 necessitate
1004 2345 1319 2430 praecepti
1375 2353 1439 2413 et
1488 2346 1611 2414 sub
1686 2345 1947 2414 mortali
2016 2345 2283 2429 credere
2334 2346 2645 2432 explicite
2714 2365 2789 2415 ac

196 2454 373 2521 scire
441 2458 665 2522 'crasso
715 2454 946 2522 saltem
997 2454 1214 2533 modo,
1288 2454 1664 2521 summatim
1716 2462 1779 2521 et
1828 2455 2045 2543 quoad
2118 2452 2551 2522 substantiam
2582 2509 2597 2537 ,
2664 2455 2785 2523 nisi

195 2561 594 2630 invincibilis
637 2562 1002 2647 ignorantia
1037 2568 1347 2629 excuset:
1386 2564 1449 2646 l)
1478 2562 1830 2648 Symbolum
1862 2562 2334 2649 Apostolorum.-
2376 2561 2553 2646 quod
2588 2561 2788 2647 exigit

196 2667 302 2735 vel
378 2668 512 2753 ipsa
565 2669 888 2754 professio
941 2668 1338 2751 christiana,
1399 2668 1548 2753 quia
1624 2667 1684 2734 in
1752 2686 1831 2735 eo
1892 2667 2362 2754 compendiose
2412 2669 2790 2736 continetur

171 2775 519 2861 ‘quidquid
573 2777 652 2844 de
703 2779 873 2859 Dec,
927 2776 1006 2844 de
1057 2776 1319 2844 Christo
1371 2783 1436 2843 et
1484 2774 1564 2843 de
1619 2775 1911 2843 Ecclesia
1974 2783 2074 2843 est
2125 2773 2459 2860 praecipue
2506 2774 2781 2842 creden-

196 2882 398 2949 dum:
452 2884 796 2951 confirmat
847 2884 1064 2969 praxis
1113 2882 1406 2952 fidelium
1443 2889 1507 2951 et
1546 2883 1964 2950 Catechismus
2012 2885 2376 2960 Romanus;
2423 2884 2490 2967 2)
2544 2883 2787 2950 Oratio-

147 3020 160 3029 -
192 3009 340 3055 nem
369 2991 796 3070 Dominicam;
829 2991 972 3059 haec
998 2991 1170 3059 enim
1200 3008 1233 3057 a
1267 2990 1528 3058 Christo
1559 2999 1887 3076 praecepta
1924 2998 2044 3072 est,
2094 2991 2522 3074 continetque
2569 2989 2787 3057 omnia

199 3115 234 3162 a
288 3098 425 3165 Deo
478 3099 776 3183 petenda.
829 3098 1089 3167 Addunt
1139 3098 1584 3165 Salutationem
1632 3097 1992 3183 Anaeticam
2044 3117 2121 3165 ex
2172 3117 2295 3165 usu
2334 3096 2642 3176 fidelium,
2670 3095 2787 3163 sed

198 3204 327 3272 sub
376 3204 496 3272 levi
546 3220 623 3273 ex
675 3203 1008 3273 communi
1059 3204 1426 3285 sententia3
1493 3204 1559 3289 3)
1608 3207 1923 3311 Prgecepta
1974 3204 2267 3290 Decaloqi
2335 3212 2398 3271 et
2462 3204 2786 3271 Ecclesioe:

198 3317 274 3378 ut
324 3312 497 3383 enim
548 3312 803 3398 singula
856 3313 1334 3393 observentur,
1386 3310 1642 3396 singula
1694 3311 2150 3397 cognoscenda
2200 3319 2394 3394 sunt3
2451 3312 2518 3396 li)
2568 3313 2789 3377 Sacra-

194 3428 406 3484 menta
468 3420 747 3488 maxime
796 3419 1200 3501 necessaria,
1255 3425 1325 3486 ut
1373 3424 1528 3485 sunt
1575 3420 1929 3504 Baptisma‘,
1981 3419 2386 3486 Eiicbaristia
2451 3426 2516 3486 et
2564 3418 2787 3486 Poeni·

193 3523 444 3611 tentia3
491 3525 742 3611 reliqua
793 3545 942 3594 cum
992 3525 1141 3612 quis
1190 3525 1528 3610 suspicere
1579 3523 1749 3606 velit,
1803 3531 1875 3592 ut
1923 3543 1996 3593 ea
2047 3526 2167 3593 rite
2217 3524 2589 3615 suscipiat.

289 3630 628 3700 Diximus:
683 3635 739 3700 1.
791 3635 1018 3699 Crasso
1062 3633 1280 3698 saltem
1327 3632 1539 3713 moda,
1588 3631 1967 3713 summatim,
2018 3643 2070 3698 et
2128 3632 2333 3719 quoad
2378 3632 2790 3698 substantiam

198 3756 282 3805 ex
332 3736 392 3804 d.
449 3739 683 3807 Carolo
734 3741 800 3820 '3
850 3755 981 3805 non
1033 3739 1208 3805 enim
1275 3755 1507 3805 omnes
1578 3744 1891 3806 tenentur
1952 3736 2075 3806 sub
2147 3737 2407 3805 mortali
2475 3736 2788 3822 praedicta
2842 3814 2849 3821 ,

195 3844 372 3911 scire
420 3845 837 3928 memoriter,
881 3851 992 3911 aut
1041 3862 1121 3912 eo
1172 3843 1403 3912 ordine
1453 3851 1517 3912 et
1563 3844 1823 3926 verbiS,
1886 3844 2129 3929 quibus
2197 3853 2660 3930 proponuntur
2722 3842 2788 3909 in

198 3950 640 4019 catechismo.
691 3951 822 4020 Sed
870 3950 1087 4036 quoad
1137 3952 1562 4036 Symbolum,
1614 3960 1947 4037 praecepta
1997 3951 2303 4037 Decalogi
2356 3959 2421 4019 et
2471 3950 2786 4017 Ecclesiae

195 4079 276 4129 ac
324 4062 745 4129 Sacramenta
795 4059 1079 4142 sufficit,
1122 4060 1176 4127 si
1229 4060 1377 4146 quis
1427 4066 1696 4144 rogatus
1746 4059 1825 4147 de
1873 4060 2149 4145 singulis
2198 4059 2603 4127 sufficienter
2650 4076 2783 4126 res-

211 4167 520 4255 pondeat.
574 4168 804 4250 Quoad
869 4167 1245 4236 Orationem
1307 4167 1721 4236 Dominicam
1761 4166 2021 4249 sufficit,
2072 4166 2128 4234 si
2161 4167 2324 4236 sciat
2365 4165 2582 4234 omnia
2616 4166 2788 4234 bona

261 4398 277 4430 ¹
314 4395 656 4447 Substantiate
688 4396 921 4458 mysterii
953 4398 1092 4449 esset
1121 4394 1274 4457 juxta
1307 4397 1541 4459 aliquos,
1575 4396 1618 4447 si
1675 4397 1819 4460 quis,
1877 4408 1926 4447 v.
1981 4394 2053 4460 gP,
2111 4382 2321 4459 ignei-at
2376 4398 2540 4447 Deum
2591 4393 2787 4446 factum

189 4460 360 4512 fuisse
389 4459 694 4524 liomiuem;
726 4460 1049 4516 accidentale,
1089 4470 1212 4509 vero
1249 4460 1504 4521 mysterii,
1540 4457 1581 4509 si
1617 4457 1747 4509 illud
1785 4458 1941 4510 sciret
1973 4458 2210 4521 quidem,
2247 4459 2338 4510 sed
2370 4458 2615 4515 nesciret,
2639 4456 2786 4521 quod

189 4524 291 4586 qul
325 4524 487 4572 bomo
513 4521 684 4577 tactus
715 4522 829 4583 tuit,
860 4521 1098 4574 secunda
1135 4522 1408 4573 Trinitatis
1443 4532 1674 4583 persona
1727 4524 1823 4572 est.
1854 4546 1918 4558 —
1975 4520 2030 4571 V.
2084 4522 2316 4585 Lignori,
2367 4521 2530 4572 Homo
2587 4520 2785 4584 Apost„

198 4585 744 4697 ‘mariage'uisufficuo
774 4646 936 4698 solari
973 4649 1144 4709 polest
1174 4643 1533 4697 confessarios
1561 4630 1726 4696 'nimis
1758 4645 1949 4696 anxios
1981 4646 2083 4695 bac
2113 4645 2179 4697 de
2212 4658 2286 4699 re.

259 4709 284 4748 ²
315 4709 469 4760 lustr.
501 4709 569 4759 ad
604 4708 960 4770 Conseaaamos.
991 4733 1057 4747 —
1099 4710 1151 4760 V.
1190 4707 1419 4772 Lignori,
1456 4706 1593 4768 opus
1625 4708 1784 4769 Hor„
1820 4708 1854 4757 l.
1894 4719 1948 4769 n,
1986 4719 2040 4759 n.
2074 4709 2121 4757 3.
