3292 5167
1180 254 1259 300 nrt
1307 252 1761 301 commortuos
2643 230 2766 299 321

150 353 203 415 si
254 351 381 416 des
425 363 747 418 stamnum
794 371 908 434 pro
953 365 1428 435 argent03‘non
1474 358 1645 420 enim
1688 350 1934 436 Justu'm
1980 354 2264 435 pretium
2307 352 2616 420 solveres,
2661 356 2778 420 Ne·

149 450 281 513 qne
327 436 576 511 obstat,
607 435 775 515 quod
824 438 939 497 tihi
1003 435 1202 499 fuerit
1270 439 1543 511 tradita;
1588 454 1716 499 non
1764 439 1938 506 enim
1976 439 2149 516 ,quia
2195 445 2264 499 tu
2328 437 2407 500 ab
2482 438 2629 500 aliis
2673 437 2776 501 de·

146 524 385 594 ceptus
432 515 635 590 fuisti,
671 515 785 579 tibi
836 515 986 579 licet
1029 518 1328 597 decipere
1372 519 1552 581 alios.
1597 518 1662 581 Si
1712 535 1862 580 vero
1908 519 2176 595 pecunia
2225 516 2380 580 falsa
2429 520 2512 580 sit
2554 518 2768 597 quoad

149 595 438 658 formam
487 605 736 659 tantum
798 598 1228 659 extrinsecam
1275 599 1765 675 accidentalem,
1833 615 1961 659 non
2036 605 2132 660 est
2197 608 2416 660 contra
2457 600 2774 677 J'ustitiam

147 678 688 740 commutativam
732 692 849 756 per
895 692 963 740 se
1010 677 1328 757 loquendo
1374 695 1513 741 eam
1559 679 1949 757 expendere.
2010 675 2379 741 Cavendum
2447 688 2655 741 tamen
2705 680 2773 741 in

24 750 32 757 ’
145 761 333 819 omni
384 774 536 820 casu
584 774 664 820 ne
708 758 853 836 quis
897 773 965 820 se
996 759 1096 821 vel
1143 759 1304 822 alios
1371 775 1511 822 eam
1555 760 1984 839 expendendo
2050 760 2227 837 gravi
2303 757 2538 822 damno
2592 776 2777 839 expo·

149 849 303 909 nat;
352 855 497 900 cum
543 848 625 899 ex
669 837 810 916 lege
856 838 1029 900 civili
1080 851 1365 902 monetas
1413 839 1778 917 falsificare,
1823 839 2101 904 alterare
2133 838 2232 902 vel
2277 838 2473 902 falsas
2527 857 2775 921 expen-

146 917 308 980 dere
380 920 466 980 sit
508 919 625 980 sub
672 919 968 981 maximis
1013 923 1219 1000 poenis
1262 923 1533 984 vetitum
1567 921 1615 984 ¹.
2071 959 2078 967 ·

246 1055 471 1125 436.
524 1059 595 1137 Q.
638 1058 718 1124 ·6.
769 1055 935 1137 Quid
978 1068 1069 1124 est
1111 1059 1477 1139 transactio,
1531 1059 1894 1145 quotuplex,
1947 1070 2003 1125 et
2048 1056 2201 1142 quid
2244 1038 2318 1123 de
2362 1063 2483 1123 ea?

244 1164 329 1231 R.
382 1162 768 1233 Transactiu
817 1170 919 1231 est
965 1175 1337 1247 contractu-3,
1385 1185 1505 1249 quo
1548 1179 1765 1250 partes
1823 1164 2268 1243 ‹mmmmm-s,
2338 1163 2604 1247 sinqulae
2663 1163 2780 1229 ali-

159 1271 311 1356 quid
361 1271 647 1354 cedendo,
687 1271 1102 1357 promittendo
1150 1273 1247 1339 vel
1298 1272 1643 1355 retinendO,
1679 1275 1864 1358 finem
1899 1273 2226 1358 imponunt
2266 1271 2362 1337 liti
2395 1271 2608 1352 alicui,
2643 1290 2781 1356 quae

162 1380 253 1445 vel
274 1380 424 1464 jam
454 1379 628 1445 intra
656 1379 826 1465 ipsas
859 1380 1126 1466 incoepta
1161 1381 1263 1463 sit,
1296 1381 1392 1446 vel
1426 1400 1565 1466 quoe
1586 1379 2014 1467 proevideatur
2041 1379 2387 1445 nascitura.
2432 1377 2526 1444 Ad
2562 1387 2779 1445 trans-

166 1487 517 1554 actionem
579 1472 661 1553 de
715 1487 1110 1554 necessitate
1143 1488 1507 1575 requiritur
1552 1494 1739 1556 aetus
1782 1486 2111 1573 publicuS,
2149 1485 2250 1553 vel
2292 1483 2615 1571 scriptura
2652 1485 2780 1573 pri·

163 1601 313 1658 vata
369 1611 520 1677 quae
572 1602 791 1659 tamen
842 1590 1271 1662 inscribenda
1310 1603 1431 1676 est,
1481 1603 1546 1662 et
1596 1593 1745 1661 ideo
1799 1593 1981 1679 prius
2017 1591 2552 1674 authenticanda,
2587 1593 2642 1659 si
2681 1609 2784 1660 re-

165 1699 407 1786 spiciat
456 1699 825 1768 immobilia
874 1702 972 1769 vel
1020 1703 1143 1768 alia
1188 1703 1361 1770 bona
1392 1703 1679 1788 autjura
1715 1702 2105 1787 hypothecae
2149 1700 2410 1786 capacia
2445 1704 2497 1768 ².
2541 1705 2782 1769 Trans-

165 1809 342 1879 actio
401 1804 534 1876 no'n
585 1810 857 1896 respicit
929 1809 1051 1879 nisi
1107 1810 1253 1878 lites
1325 1828 1473 1896 quae
1526 1809 1918 1878 nominatim
1975 1808 2325 1876 declaratae
2377 1807 2663 1889 fuerunt,
2716 1814 2781 1876 et

167 1924 432 1984 tantum
481 1917 546 1983 in
598 1935 675 2005 ea
730 1926 915 2002 parte
964 1918 1028 1984 in
1082 1936 1209 2003 qua
1259 1917 1527 1985 fuerunt
1584 1924 1829 1985 notatae
1883 1917 1934 1983 ⁸.
1992 1917 2113 1996 Qui
2161 1916 2479 2000 transegit
2537 1915 2601 1982 in
2653 1932 2783 1982 una

172 2032 400 2109 parte,
451 2042 604 2110 quae
658 2043 833 2092 nunc
882 2034 983 2093 est
1013 2026 1111 2092 sui
1141 2026 1334 2110 juris,
1382 2043 1515 2093 non
1565 2032 1881 2092 censetur
1928 2023 2341 2106 transegisse
2375 2022 2438 2089 in
2474 2023 2595 2088 alia
2632 2041 2781 2107 quae

172 2138 403 2217 postea
475 2150 594 2199 sua
645 2131 716 2198 fit
764 2127 814 2200 ⁴.
863 2135 960 2201 Ex
1009 2133 1152 2217 lege
1200 2138 1420 2200 autem
1469 2131 1683 2200 civili:
1732 2132 1796 2198 Si
1819 2129 1948 2218 pud
1981 2130 2126 2216 fare
2163 2129 2564 2196 transozione
2597 2149 2786 2217 sopra

170 2222 503 2305 un'az'ione
548 2240 726 2307 civile
770 2241 879 2307 che
927 2260 1249 2326 provenqa
1293 2239 1376 2305 da
1443 2232 1551 2306 uu
1592 2252 1785 2305 reato,
1860 2241 1992 2304 La·
2026 2238 2430 2304 transozione
2472 2257 2600 2303 non
2645 2237 2678 2302 ἑ
2722 2236 2786 2302 ἀί

172 2348 437 2411 ostacolo
477 2347 545 2411 al
586 2345 1039 2432 procedimento
1080 2366 1195 2432 per
1236 2358 1424 2432 parte
1469 2347 1567 2412 del
1605 2345 1890 2431 pubblico
1936 2343 2260 2409 ministero
2341 2344 2489 2427 (art.
2562 2345 2782 2427 1766).

173 2453 345 2519 Nelle
390 2452 792 2541 transozioni
835 2453 894 2518 si
929 2451 1060 2539 pud
1105 2454 1408 2539 stipulare
1454 2472 1585 2519 una
1623 2473 1792 2539 pena
1837 2463 2051 2518 contro
2099 2452 2355 2518 chinon
2390 2452 2443 2517 le
2487 2450 2783 2537 adempie.

177 2560 402 2639 Questa
440 2578 608 2645 pena
653 2559 811 2625 tiene
860 2560 1039 2645 luoqo
1086 2559 1151 2625 di
1196 2579 1516 2645 compenso
1558 2560 1661 2646 pei
1708 2558 1904 2625 danai
1973 2558 2289 2644 caqionoti
2353 2557 2460 2622 dal
2501 2556 2745 2623 ricardo
2758 2582 2781 2636 ,-

171 2667 366 2749 sermo
415 2667 689 2731 tutcavia
736 2666 1015 2751 l'obbliyo
1063 2667 1130 2732 di
1176 2667 1523 2756 adempiere
1571 2668 1632 2732 la
1688 2667 2097 2733 transazione
2142 2666 2289 2749 (art.
2343 2666 2562 2749 1767).

262 2756 470 2821 Nemo
522 2762 744 2839 potest
792 2754 1002 2821 valide
1053 2755 1439 2840 transigere,
1489 2755 1618 2822 nisi
1672 2754 1912 2822 habeat
1960 2754 2337 2821 facultatem
2382 2751 2781 2838 disponendi

173 2859 252 2928 de
302 2862 526 2942 rebuS,
581 2880 730 2947 quae
780 2862 903 2929 sub
965 2863 1412 2930 transactione
1479 2861 1758 2928 cadunt:
1828 2860 2004 2928 unde
2074 2868 2333 2928 tutores
2415 2858 2784 2942 transigere

172 2976 514 3053 nequeunt
563 2986 765 3052 super
814 2969 1005 3035 bonis
1070 2969 1443 3049 minorum,
1514 2969 1638 3035 nisi
1712 2967 2151 3035 interveniant
2232 2966 2533 3035 formulae
2592 2964 2782 3051 juris.

176 3074 451 3154 Quando
503 3075 862 3143 transactio
915 3076 1338 3159 permittitur,
1391 3075 1566 3143 illius
1618 3092 1851 3161 magna
1909 3074 2002 3142 vis
2053 3081 2199 3155 est3
2260 3092 2429 3155 nam,
2465 3092 2537 3141 ca
2579 3071 2783 3141 semel

174 3179 481 3262 admissa,
561 3180 787 3266 nequit
862 3181 1147 3268 amplius
1216 3181 1583 3268 impugnari
1652 3199 1868 3267 neque
1935 3199 2131 3248 causa
2211 3179 2504 3248 laesionis
2568 3197 2784 3265 neque

174 3282 543 3370 ignorantia
576 3286 765 3373 juris,
806 3286 927 3355 etsi
965 3307 1120 3355 casu
1162 3288 1578 3356 inveniantur
1611 3286 2031 3367 documenta,
2078 3292 2143 3354 et
2211 3285 2474 3372 quidem
2524 3292 2785 3353 constet

178 3410 313 3460 rem
365 3392 570 3461 fuisse
620 3401 801 3461 certo
852 3394 1048 3461 unius
1100 3395 1302 3480 partis
1359 3412 1508 3480 quae
1558 3394 2030 3479 transegit..Et
2081 3392 2133 3458 si
2202 3410 2394 3460 error
2431 3392 2785 3476 contigerit

179 3501 239 3568 in
292 3501 567 3583 calculo,
618 3520 807 3569 error
855 3501 1227 3588 corrigitur,
1278 3501 1396 3569 sed
1448 3501 1808 3570 transactio
1860 3500 2194 3569 subsistit.
2232 3500 2654 3569 Rescinditur
2691 3507 2784 3568 ta-

179 3627 351 3692 men,
402 3610 455 3677 si
508 3627 696 3677 error
743 3608 829 3677 sit
879 3609 979 3677 vel
1031 3610 1092 3677 in
1147 3628 1448 3696 persona,
1505 3608 1604 3678 vel
1658 3610 1721 3677 in
1765 3610 2028 3695 obJecto
2080 3616 2545 3692 controvers0‚
2594 3608 2692 3677 vel
2728 3608 2781 3675 si

184 3715 614 3784 intervenerit
663 3714 854 3785 dolus
921 3724 1031 3784 aut
1080 3718 1175 3784 vis
1192 3744 1210 3799 3
1261 3717 1420 3786 item
1468 3716 1647 3785 nulla
1698 3724 1819 3801 est,
1872 3716 1926 3786 si
1974 3715 2244 3787 fundata
2323 3717 2518 3784 fuerit
2581 3734 2785 3802 super

181 3824 335 3892 falsa
399 3823 819 3892 documenta.
867 3808 926 3892 Ε
960 3825 1304 3912 perimenti
1351 3827 1529 3891 matta
1578 3824 1785 3909 (addit
1836 3824 2088 3912 Codex)
2141 3827 2202 3892 la
2256 3825 2659 3891 transazione
2716 3822 2782 3887 di

180 3950 307 3999 una
353 3934 456 3999 lite
498 3933 606 3998 che
648 3934 809 4017 fosse
852 3934 1032 4019 finita
1079 3952 1194 3998 con
1241 3944 1538 3999 sentenza
1574 3946 1841 4021 passam
1887 3934 1961 4001 in
2009 3934 2345 4019 findit-aco,
2395 3928 2557 3997 della
2596 3928 2780 4015 quale

241 4127 262 4166 1
300 4127 417 4178 cod.
444 4138 609 4190 poen„
644 4129 744 4177 art.
778 4126 871 4178 ate
905 4130 957 4179 et
988 4138 1136 4190 seqq.

240 4190 264 4230 ²
296 4191 405 4242 Art.
443 4190 601 4250 176⁴&
637 4214 698 4226 —
753 4190 805 4240 G.
840 4191 903 4240 A.
957 4191 1106 4252 1389;
1159 4213 1223 4226 -
1260 4189 1314 4242 C.
1354 4190 1414 4241 G.
1448 4190 1615 4276 204253
1666 4215 1730 4227 —
1765 4189 1820 4241 C.
1857 4189 1907 4240 S.
1947 4189 2096 4250 {9¹63
2153 4210 2206 4223 -
2244 4186 2297 4236 G.
2336 4182 2392 4231 P.
2430 4182 2580 4245 {8673
2626 4207 2690 4220 —
2722 4182 2776 4236 C.

186 4251 250 4301 Η.
286 4254 439 4313 1838;
474 4274 539 4288 --
572 4251 627 4301 C.
670 4253 722 4301 T.
748 4253 863 4303 929.
2707 4285 2715 4296 .

241 4316 262 4354 ⁸
297 4334 313 4355 ·
352 4317 455 4365 Per
484 4316 737 4375 esernpio:
773 4314 825 4365 Si
860 4315 888 4365 e
923 4314 1183 4364 transatto
1216 4314 1299 4365 sul
1332 4313 1513 4364 diritto
1546 4311 1599 4362 di
1661 4312 1938 4376 passaggio
1972 4311 2040 4361 da
2072 4322 2146 4361 un
2178 4308 2341 4364 fondo
2386 4308 2628 4368 ail’altro,
2672 4320 2701 4359 e
2734 4309 2778 4359 si

183 4376 421 4428 rinunzio
471 4388 503 4427 3
555 4379 687 4427 tutte
719 4376 766 4427 le
808 4376 1013 4449 regioni
1045 4375 1107 4425 ed
1144 4377 1346 4437 azioni,
1384 4386 1472 4425 ma
1506 4374 1608 4426 tale
1638 4376 1882 4442 rinunzia
1916 4385 2022 4423 non
2067 4373 2289 4424 sarebbe
2336 4386 2369 4425 o
2408 4370 2610 4425 erativa
2643 4372 2780 4423 sulla

180 4441 452 4501 questione
486 4440 586 4489 che
619 4440 674 4489 in
711 4440 899 4502 ipotesi
932 4439 1243 4489 sussistesse
1278 4448 1370 4501 per
1405 4438 1556 4488 titolo
1591 4436 1643 4487 di
1672 4437 1937 4487 stillicidio
1971 4435 2050 4485 fra
2085 4436 2099 4484 i
2134 4435 2236 4486 due
2266 4436 2354 4487 ion
2398 4437 2431 4486 1.
2471 4456 2487 4475 -

238 4500 259 4541 ⁴
300 4523 317 4544 ·
359 4505 460 4554 Per
490 4503 735 4563 esempio:
772 4500 897 4564 Cajo
930 4514 958 4551 e
1008 4501 1153 4551 Tizio
1202 4511 1336 4550 sono
1370 4499 1615 4550 creditori
1667 4510 1823 4549 verse
1872 4497 2081 4547 Andrea
2128 4496 2181 4547 di
2216 4498 2310 4548 lire
2360 4499 2525 4560 4,000,
2576 4509 2604 4548 e
2636 4497 2777 4560 dopo

217 4576 461 4617 romossa
492 4566 546 4614 la
582 4562 689 4622 lite,
724 4563 850 4625 Calo
884 4563 1113 4627 transige
1148 4575 1241 4626 per
1272 4564 1321 4611 13
1364 4572 1463 4612 sua
1497 4562 1644 4623 parte
1679 4562 1733 4611 in
1767 4562 1863 4610 lire
1914 4561 2085 4620 1‚ooo;
2121 4570 2210 4610 ma
2248 4561 2402 4617 ‚leio
2438 4560 2693 4610 continua
2729 4561 2778 4609 13

199 4624 280 4679 i’te.
318 4629 485 4679 Morte
541 4626 688 4676 Tiziu
740 4625 957 4675 di‘venta
1003 4626 1159 4676 erede
1209 4625 1369 4685 Cajo;
1423 4625 1548 4686 cajo
1594 4635 1700 4673 non
1736 4622 1855 4674 sara
1893 4623 2162 4673 vinculato
2195 4633 2353 4675 verso
2399 4622 2608 4674 Andrea
2637 4621 2777 4671 dalla

175 4691 508 4742 transazione
542 4692 639 4739 cue
672 4687 753 4750 gia
788 4698 958 4737 aveva
990 4684 1117 4738 fatto
1150 4688 1202 4737 in
1238 4686 1487 4749 riguardo
1522 4687 1627 4737 3113
1661 4697 1762 4738 sua
1799 4688 1944 4748 parte
1976 4684 2027 4736 di
2062 4684 2278 4738 credit0.
2327 4708 2345 4730 ι
