3292 5167
1244 240 1321 285 na
1367 191 1709 286 anania-na
1960 188 1969 197 .
2640 215 2775 283 679
2808 299 2812 307 Ι

176 360 335 425 nos3
383 344 526 429 ipse
572 342 748 411 enim
796 350 1015 412 manet
1061 343 1146 449 in*
1177 343 1368 415 nobis
1420 362 1537 429 per
1600 342 1992 412 charitatem
2055 358 2252 428 quam
2316 339 2381 409 in
2454 338 2769 411 cordibus

176 450 422 518 nostris
473 449 778 534 infundit,
823 457 889 520 et
938 469 1060 520 nos
1110 469 1455 521 manemus
1512 451 1577 519 in
1629 468 1712 520 eo
1763 449 1843 518 de
1908 450 2052 536 ejus
2119 449 2435 520 charitate
2501 448 2769 535 partici-

174 557 415 647 pando,
464 565 662 645 prout
695 555 952 655 *dicitur
1000 577 1264 629 manere
1312 559 1378 628 in
1437 559 1580 629 sole
1630 558 1742 645 qui
1794 559 1857 626 in
1908 557 2158 626 lumine
2205 558 2414 643 ipsius
2462 566 2584 626 est.

351 668 413 735 4.
463 666 759 734 Charitas
809 667 1065 753 perficit
1113 685 1344 736 omnes
1395 667 1673 736 virtutes
1712 667 1901 754 juxta
1940 656 2105 734 illud
2152 665 2491 752 Apostoli:
2540 665 2606 733 Si
2652 666 2769 731 ha-

174 771 358 839 buero
403 792 644 839 omnem
686 773 870 859 fidem
901 775 992 841 ita
1025 787 1090 841 ut
1123 788 1358 841 montes
1389 775 1795 860 transferam,
1839 772 2224 861 charitatem
2257 784 2464 840 autem
2493 791 2620 839 non
2652 773 2772 837 ha·-

174 878 380 963 buero,
442 881 607 948 nihil
642 881 795 948 mihi
834 881 1099 969 prodest.
1147 883 1429 951 Iterum:
1485 884 1680 969 Super
1725 882 1937 949 omnia
1981 893 2187 948 autem
2232 881 2362 947 haec
2407 881 2771 949 charitatem

176 985 404 1068 habete,
453 987 616 1074 quod
660 1001 748 1057 est
793 991 1109 1059 vinculum
1155 989 1547 1078 perfectionis
1586 990 1608 1032 ¹
1665 990 1816 1081 (ild).

144 1087 150 1093 “
353 1093 428 1171 b)
480 1095 823 1163 Necessitas
868 1113 1022 1164 vero
1071 1095 1408 1164 charitatis
1457 1102 1633 1162 tanta
1668 1102 1790 1177 est,
1830 1102 1902 1162 ut
1941 1095 2085 1162 sine
2130 1093 2273 1180 ipsa
2307 1092 2485 1160 salus
2520 1102 2767 1160 aeterna

173 1197 479 1268 obtinere
528 1219 659 1268 non
711 1201 960 1287 possit:
1007 1220 1164 1270 sane
1200 1219 1394 1270 nemo
1430 1201 1721 1269 salvatur
1761 1200 1904 1268 sine
1954 1184 2161 1285 gratia
2195 1198 2668 1281 sanctificante,
2704 1204 2773 1266 et

171 1304 321 1375 haec
367 1325 402 1374 a
452 1307 767 1378 charitate
815 1328 946 1377 non
999 1317 1218 1396 potest
1266 1309 1578 1396 separari.
1629 1309 1794 1377 Hinc
1828 1307 2025 1376 illud:
2062 1308 2170 1394 qui
2215 1306 2606 1391 nondiliqit,
2637 1327 2774 1374 vna-³

170 1427 276 1483 net
299 1415 366 1482 in
390 1429 583 1483 morte
617 1414 661 1475 ⁵.
718 1419 1014 1498 Quatuor
1060 1425 1280 1485 autem
1327 1424 1482 1486 sunt
1516 1416 1865 1503 diligenda,
1902 1424 1973 1485 ut
2008 1425 2232 1485 monet
2260 1415 2671 1503 Augustinus
2699 1418 2756 1480 ⁶:

171 1542 382 1593 unum
427 1523 604 1609 quod
654 1531 757 1593 est
789 1543 1004 1611 supra
1053 1540 1193 1608 nos,
1244 1525 1495 1594 scilicet
1531 1530 1734 1611 Deusg
1767 1524 2071 1606 altemm‚
2110 1523 2290 1610 quod
2335 1546 2447 1592 nos
2495 1542 2767 1591 sumus:

169 1630 473 1713 tertium,
526 1630 704 1717 quod
743 1632 927 1718 juxta
963 1650 1085 1713 nos
1133 1640 1255 1715 est,
1291 1619 1543 1701 scilicet
1590 1634 1968 1718 proximus;
2016 1639 2362 1718 quartum,
2396 1631 2590 1718 -quod
2662 1632 2764 1698 in-

169 1734 270 1804 fra
320 1755 441 1805 nos
489 1745 631 1820 est,
684 1737 995 1806 nimirum
1044 1758 1265 1825 corpus
1319 1739 1672 1826 proprium.
1721 1739 2017 1807 Primum
2063 1737 2363 1829 diligitur
2432 1746 2503 1806 ut
2569 1755 2769 1807 cansa

168 1844 638 1926 beatitudinis;
687 1844 1053 1914 secundum
1078 1852 1173 1913 -ut
1222 1846 1596 1932 subJectum
1633 1845 2004 1927 felicitatis;
2041 1845 2307 1915 tertium
2343 1855 2415 1915 ut
2450 1864 2769 1915 commer-

172 1951 352 2022 cium
400 1953 610 2021 beatae
661 1953 1031 2044 societatis3
1067 1960 1377 2039 quartum
1411 1962 1483 2021 ut
1518 1953 1939 2040 participium
1978 1961 2042 2022 et
2077 1955 2376 2023 extensio
2410 1954 2776 2023 beatitatis.

513 2238 666 2309 Aur.
713 2240 762 2307 Ι.
809 2275 898 2287 -
943 2242 1033 2307 De
1077 2240 1402 2306 charitati-s·
1445 2240 1798 2306 necessitate
1842 2238 2035 2306 relate
2082 2236 2167 2305 ad
2210 2241 2428 2306 Deum.

266 2509 481 2575 962.
535 2479 622 2585 Q.
660 2507 718 2573 l.
763 2506 864 2573 An
907 2505 989 2572 sit
1032 2504 1295 2592 speciale
1335 2466 1716 2592 proeceptum
1761 2503 2093 2609 charitatis
2138 2524 2288 2590 erya
2333 2507 2530 2591 Deum
2554 2510 2586 2569 9

267 2615 335 2680 R.
384 2614 598 2693 Extat¹
627 2611 926 2698 profecto
976 2630 1191 2698 grave,
1227 2618 1426 2698 atque
1459 2611 1749 2698 speciale
1783 2619 2200 2699 praeceptum
2238 2610 2587 2716 ¹charitatis⁸
2616 2627 2769 2697 erga

165 2722 419 2791 Deum:
471 2721 602 2788 imo
654 2722 779 2789 hoc
828 2728 929 2790 est
979 2710 1345 2791 maximum
1387 2728 1451 2790 et
1516 2721 1802 2807 primum
1866 2721 2286 2791 mandatum:
2336 2723 2572 2807 Diliqes
2638 2723 2767 2788 Do·
2881 2718 2888 2729 '

166 2829 419 2896 mittum
462 2831 661 2896 Deum
704 2839 882 2897 tuum
911 2849 994 2896 eoe
1037 2841 1159 2896 toto
1205 2828 1385 2897 corde
1428 2841 1553 2912 tuo,
1601 2841 1656 2896 et
1706 2830 1775 2896 in
1819 2840 1948 2896 tota
1993 2830 2211 2897 anima
2249 2841 2378 2912 tua,
2428 2841 2484 2896 et
2530 2830 2599 2894 in
2642 2840 2772 2894 tota

166 2948 374 3003 mente
418 2947 569 3003 tua.-
620 2938 732 3004 hoe
777 2949 864 3003 est
907 2938 1263 3006 maa-imum
1307 2949 1363 3004 et
1401 2935 1683 3025 primum
1717 2939 2084 3007 mandatum
2130 2941 2183 3005 ⁰.
2234 2941 2313 3006 Et
2360 2956 2414 3005 s.
2463 2936 2773 3023 Augusti-

164 3060 302 3111 nus
349 3042 687 3128 inquiebat
733 3042 814 3110 ad
859 3043 1215 3113 Dominum
1263 3064 1494 3113 suum:
1546 3045 1708 3126 Quid
1751 3045 1861 3112 tibi
1904 3065 2045 3112 sam
2108 3045 2253 3131 ipse,
2302 3057 2369 3113 at
2430 3047 2639 3113 amari
2692 3049 2770 3112 Te

151 3150 387 3237 jubeas
433 3169 474 3216 a
518 3170 651 3217 me:
699 3162 753 3217 et
798 3150 925 3217 nisi
965 3151 1201 3237 faciam
1247 3152 1545 3219 iraseasis
1592 3152 1749 3218 mihi
1766 3205 1783 3233 ‚
1832 3164 1887 3217 et
1934 3151 2192 3218 mineris
2239 3152 2514 3237 inqentes
2582 3151 2767 3217 mise-

164 3257 353 3325 rias?
389 3276 676 3344 parvane
719 3260 859 3344 ipsa
902 3278 1001 3326 res
1047 3270 1153 3340 est,
1205 3259 1261 3326 si
1291 3280 1419 3327 non
1462 3280 1667 3326 amem
1720 3265 1799 3328 Te
1845 3256 1873 3301 ²
1895 3265 1926 3326 P

265 3363 449 3433 Idem
487 3363 836 3434 deducitur
867 3385 947 3435 ex
982 3367 1191 3453 prima
1225 3367 1686 3453 propositione
1724 3366 2028 3435 damnata
2077 3368 2157 3436 ab
2205 3366 2576 3455 Alexandro
2616 3368 2727 3436 Vll
2750 3389 2773 3433 τ

162 3474 377 3543 Homo
409 3475 582 3541 nullo
629 3494 909 3561 unquam
946 3477 1089 3543 vitoe
1133 3495 1265 3542 sace
1318 3488 1586 3563 tempore
1631 3487 1874 3543 tenetur
1918 3477 2133 3545 elicere
2176 3488 2392 3543 actum
2433 3476 2593 3563 fidei,
2641 3476 2771 3562 spei

163 3594 228 3648 et
277 3581 599 3648 charitatis
646 3601 727 3648 ea:
773 3581 835 3647 vi
859 3594 1312 3669 praeceptorum
1344 3582 1703 3650 divinorum
1735 3581 1820 3648 ad
1850 3602 1955 3649 eas
1992 3583 2251 3650 virtutes
2274 3582 2720 3670 pertinentium
2744 3607 2769 3660 ,τ

174 3696 330 3758 tum
378 3689 575 3757 etiam
623 3708 703 3757 ex
752 3689 875 3759 alia
938 3689 1397 3777 propositione
1446 3689 1819 3777 proscripta
1869 3690 1948 3759 ab
1997 3690 2367 3759 Alexandro
2404 3691 2579 3758 VIII:
2622 3689 2771 3772 Suf-

160 3797 320 3885 ficit,
351 3808 434 3863 ut
479 3808 653 3863 actus
711 3796 973 3863 moralis
1033 3796 1241 3864 tendat
1303 3797 1371 3864 in
1428 3797 1615 3883 finem
1685 3796 1974 3864 ultimum
2042 3797 2540 3884 interpretative:
2609 3795 2771 3861 hunc

163 3905 355 3972 homo
402 3922 528 3970 non
572 3915 811 3971 tenetur
855 3923 1073 3972 amare
1118 3923 1311 3990 neque
1368 3904 1439 3970 in
1508 3905 1841 3992 principie,
1909 3923 2101 3990 neque
2168 3903 2237 3971 in
2302 3903 2563 3970 decursu
2634 3902 2771 3968 eitae

240 4131 262 4170 ¹
297 4144 333 4193 ι,
367 4134 488 4184 Cor.
523 4144 637 4192 xiii,
672 4132 726 4181 et
756 4131 959 4183 Coloss.
995 4143 1071 4181 ιιι.
1103 4154 1170 4168 -·
1209 4131 1265 4184 V.
1302 4132 1628 4191 Contenson,
1668 4130 1836 4180 Theoi.
1892 4131 2088 4193 cordis,
2140 4130 2358 4182 Dissert.
2418 4141 2494 4191 vl,
2543 4130 2768 4192 Append.

167 4193 588 4247 Commendatio
609 4196 662 4244 et
697 4193 867 4255 elogia
889 4193 1182 4245 charitatis.

243 4256 268 4297 ²
300 4269 336 4319 ι,
371 4254 559 4308 loann.
592 4269 670 4307 111.
707 4256 965 4316 Quamvis
999 4255 1232 4306 charitas
1267 4266 1300 4306 a
1330 4254 1498 4319 gratia
1530 4265 1640 4303 non
1674 4254 1850 4304 valeat
1880 4254 2138 4317 separari,
2174 4254 2293 4305 vult
2323 4256 2500 4306 tamen
2535 4253 2771 4318 Sylvius,

169 4329 353 4371 unam
381 4319 590 4371 realiter
622 4318 872 4381 distingui
909 4318 976 4370 ab
1010 4318 1152 4380 alla3
1192 4319 1322 4381 quia
1351 4317 1607 4367 charitate
1647 4314 1916 4379 diligimus
1967 4316 2152 4379 Deum,
2207 4317 2375 4378 gratia
2425 4315 2692 4379 diligimur
2739 4328 2772 4367 a

163 4383 309 4434 Deo.
343 4383 455 4432 Hoc
485 4382 639 4444 negat
668 4382 847 4434 Esttus
882 4381 1209 4433 contendens
1244 4379 1601 4432 diversitatem
1632 4390 1751 4429 esse
1788 4380 1995 4429 tantum
2024 4377 2323 4439 virtualem,
2351 4389 2540 4442 nempe
2567 4380 2770 4430 ratione

165 4443 514 4496 diversorum
545 4443 843 4497 officiorum
1139 4480 1146 4486 -

242 4504 266 4543 ⁸
302 4508 355 4559 t..
389 4519 403 4555 ι
444 4507 504 4557 de
536 4506 707 4568 Dect„
741 4518 784 4557 c.
820 4509 898 4558 29.
1393 4562 1396 4565 Ἴ

242 4566 264 4606 ⁴
305 4568 485 4621 Matth.
521 4579 653 4620 xxu.
687 4594 750 4606 -—
787 4570 844 4618 V.
879 4567 1114 4631 Lignori,
1152 4566 1473 4637 opusssor„
1503 4566 1545 4616 l.
1587 4576 1644 4626 11,
1680 4577 1733 4616 n.
1768 4566 1845 4616 22.

250 4628 272 4667 ὅ
305 4632 361 4681 1..
397 4641 434 4692 1,
471 4630 711 4693 confess„
747 4641 791 4680 c.
828 4635 876 4682 ὅ.
909 4655 972 4669 -
1014 4632 1069 4681 V.
1107 4628 1340 4692 Liguon,
1378 4628 1658 4691 Ritlessioni
1689 4626 1854 4678 divote
1885 4639 2042 4689 sopra
2074 4629 2260 4680 diversi
2286 4631 2441 4692 panti
2490 4629 2541 4679 cti
2584 4629 2769 4690 spirito

164 4703 209 4745 a
241 4706 342 4753 pro
376 4692 503 4744 delle
535 4696 707 4743 anime
740 4695 828 4744 che
856 4692 1156 4744 desidet-ano
1189 4691 1521 4743 d’avanzarsi
1547 4691 1629 4741 nel
1661 4688 1830 4741 divino
1863 4702 2057 4742 amore.
