3292 5167
358 260 369 267 —
412 224 549 290 264
1170 244 1283 287 ue.
1333 244 1395 287 ιι.
1445 243 1655 288 τιιΑοτ.
1705 239 1784 286 vl.
1833 236 1980 286 oiss.
2031 238 2118 285 ιιι.

423 365 554 432 que
602 352 785 414 actus
834 360 1034 412 merae
1084 343 1410 412 facultatis
1446 351 1558 411 aut
1594 342 1913 429 simplicis
1950 341 2318 409 tolerantiae
2369 347 2650 427 possunt
2684 359 2836 409 esse
2871 342 3038 408 fuu-

423 453 803 520 damentum
855 449 1404 535 praescriptionis,
1454 452 1656 518 Actus
1706 470 1894 517 merae
1951 449 2272 534 [aestuatis
2323 448 2412 518 illi
2463 455 2618 515 sunt
2672 466 2851 534 quos
2895 446 3029 514 eli·

425 557 637 627 ciendi
686 557 784 623 vol
836 575 964 623 non
1017 556 1321 624 eliciendi
1372 563 1771 641 potestatem
1821 556 2141 624 habemus
2215 572 2247 620 a
2324 563 2585 636 natura3
2637 556 2762 623 hoc
2814 572 3030 638 porro

423 667 582 733 nihil
633 664 887 732 confert
935 663 1015 730 ad
1066 663 1666 747 praescriptionem:
1720 663 1815 730 sic
1855 680 1936 730 ex
1984 680 2063 729 eo
2112 661 2292 746 quod
2341 679 2459 746 per
2489 663 2576 728 30
2622 679 2834 729 annos
2881 676 3029 726 non

424 772 883 842 aedificaverim
934 771 995 838 in
1048 770 1248 837 fundo
1300 788 1477 851 meo‚f
1507 770 1759 840 vicinus
1810 754 2039 855 nequit
2073 751 2394 854 impedire
2429 769 2586 853 quin
2623 769 2822 835 hodie
2857 765 3030 835 aedt-

424 880 635 949 ficem.
684 881 884 946 Actus
933 879 1236 963 simplicis
1281 879 1641 950 tolffl'amioe,
1677 877 1718 944 ii
1768 884 1927 944 sunt
1968 876 2077 962 qui
2134 876 2300 943 fiunt
2347 897 2426 943 ex
2464 877 2662 944 tacito
2701 876 2798 944 vel
2841 893 3032 961 prae-

423 992 691 1071 sumpto
743 1004 1068 1053 consensu
1122 984 1403 1064 domini3
1456 984 1650 1054 titulo
1701 1002 1902 1069 porro
1951 983 2282 1065 amicitiae,
2332 989 2442 1050 aut
2493 983 2748 1052 viciniae
2809 980 3032 1048 multa

426 1094 794 1162 tolerantur
835 1099 945 1160 aut
997 1092 1492 1177 permittuntur,
1543 1091 1703 1176 quin
1757 1109 1832 1159 ex
1886 1092 1964 1159 iis
2014 1090 2280 1176 aliquod
2323 1092 2434 1176 Jus
2482 1091 2884 1176 acquiratur.

603 1205 663 1268 5.
720 1206 978 1287 Tempus
1022 1221 1065 1266 a
1111 1201 1235 1285 leye
1281 1200 1637 1286 definitum.-
1689 1208 1951 1285 tempus
2025 1206 2450 1285 computatur
2495 1199 2562 1266 in
2630 1198 2817 1280 dieS,
2881 1216 3029 1264 non

424 1310 489 1378 in
543 1310 770 1377 horas:
825 1317 888 1376 et
939 1309 991 1375 si
1041 1307 1152 1373 fiat
1202 1308 1607 1393 computatio
1662 1307 1723 1404 in
1776 1325 2058 1388 menseS,
2112 1307 2174 1374 hi
2225 1314 2380 1374 sunt
2429 1307 2694 1391 triginta
2735 1306 3042 1387 dierum,

426 1423 492 1485 et
543 1414 954 1500 praescriptio
1003 1414 1377 1499 completur
1422 1414 1651 1482 ultima
1702 1414 1806 1482 die
1855 1414 2181 1499 completa
2217 1417 2265 1481 ¹.

513 1520 713 1586 3711.
764 1524 835 1601 Q.
886 1522 944 1587 3.
999 1521 1172 1601 Quod
1215 1521 1509 1606 temporis
1551 1521 1898 1605 requiritur
1941 1521 2025 1586 acl
2061 1519 2638 1607 praescribendum?

514 1630 584 1695 R.
639 1631 707 1695 ιε
759 1628 986 1711 Spatio
1044 1628 1307 1712 triginta
1372 1646 1697 1694 annorum
1745 1631 1890 1710 (seu
1946 1646 2063 1711 per
2110 1627 2482 1712 generalem
2550 1624 3030 1711 praescriptio-

428 1735 607 1820 nem)
656 1752 885 1802 omnes
935 1735 1229 1802 actiones
1267 1736 1787 1819 praescribuntur
1819 1735 1956 1802 sive
1990 1735 2199 1803 reales
2234 1734 2371 1803 sive
2409 1733 2815 1820 personam,
2853 1732 3034 1818 quin

430 1842 640 1928 possit
689 1842 933 1926 opponi
985 1842 1150 1908 mala
1200 1841 1363 1909 fides
1412 1848 1522 1909 aut
1561 1841 1734 1908 tituli
1784 1841 2100 1909 defectus
2137 1843 2282 1909 Duo
2320 1848 2536 1908 tamen
2571 1848 2758 1908 notat
2808 1839 3042 1908 civilis

426 1947 570 2016 lex:
618 1949 680 2032 l)
713 1950 773 2014 Il
817 1949 1080 2016 debitore
1128 1950 1191 2015 di
1244 1970 1373 2016 una
1415 1950 1664 2015 rendita
1710 1951 1762 2016 o'
1792 1949 1857 2015 di
1901 1970 2033 2016 una
2075 1951 2468 2036 prestazione
2498 1969 2720 2015 annua
2750 1949 3038 2033 qualem-

428 2072 561 2139 que,
589 2055 675 2119 ‘la
720 2055 899 2139 quale
944 2054 1131 2122 debba
1175 2056 1405 2123 durare
1430 2054 1545 2141 piic
1591 2056 1656 2121 cli
1700 2058 1883 2124 trem'
1908 2057 2083 2138 anni,
2133 2055 2276 2122 deve
2321 2075 2363 2121 a
2407 2056 2701 2122 richiesta
2750 2056 2848 2121 del
2894 2073 3044 2120 cre-

430 2160 625 2227 dicore
669 2161 1223 2247 son-ministrarqli
1268 2183 1308 2230 a
1348 2164 1604 2249 proprie
1648 2184 1820 2250 spese
1863 2185 1952 2231 zm
1997 2163 2354 2229 documento
2421 2181 2624 2230 nuovo
2671 2163 2829 2248 dopo
2875 2179 3044 2227 ven·

428 2267 473 2333 ι’
499 2278 621 2333 otto
664 2268 821 2334 anni
866 2268 1039 2334 dalla
1083 2268 1229 2334 data
1276 2269 1638 2336 dell’ulcimo
1670 2270 2027 2336 documento
2062 2271 2209 2354 (art.
2244 2272 2445 2356 2136)
2483 2269 2540 2350 ²;
2576 2273 2644 2350 2)
2678 2270 2778 2335 chi
2807 2268 3038 2352 acqui-

428 2382 528 2438 sta
571 2373 638 2439 in
680 2374 882 2440 buona
924 2374 1057 2460 fede
1102 2393 1190 2440 un
1233 2375 1540 2442 immobile
1586 2396 1621 2442 o
1668 2391 1764 2442 un·
1791 2376 2003 2442 diritto
2049 2368 2215 2443 reale
2243 2396 2433 2464 sopra
2470 2397 2564 2443 tm
2590 2375 2924 2455 immobile,
2957 2375 3034 2438 iu

429 2479 615 2563 forza
658 2479 722 2546 di
767 2500 854 2548 un
915 2482 1085 2550 titolo
1139 2483 1244 2549 che
1313 2482 1410 2549 sia
1477 2494 1636 2549 stato
1699 2484 2098 2550 debitamente
2164 2486 2478 2551 trascritto
2524 2504 2555 2548 e
2599 2485 2707 2548 che
2752 2502 2883 2548 uon
2928 2483 3042 2546 sia

429 2587 604 2653 nullo
646 2607 759 2672 per
803 2588 1014 2675 diseno
1046 2591 1110 2656 di
1142 2592 1369 2675 forma,
1416 2611 1513 2656 ne·
1545 2591 1776 2676 compie
1822 2592 1888 2655 in
1933 2610 2045 2656 suo
2090 2590 2306 2675 favore
2354 2591 2417 2655 la
2453 2590 2882 2676 prescrizione
2931 2592 3042 2656 col

430 2693 678 2763 decurso
723 2696 788 2763 di
831 2698 987 2765 dieci
1030 2701 1187 2767 anni
1216 2701 1386 2767 dalla
1419 2701 1567 2767 data
1601 2701 1762 2768 della
1806 2700 2215 2768 trascn'zione
2263 2698 2409 2785 (art.
2462 2701 2663 2785 2137)
2700 2707 2750 2766 ⁹.

432 2941 602 2993 terina
636 2946 917 3016 [pe-Medici
952 2949 1003 3000 la
1038 2949 1272 3012 signoria
1304 2948 1357 2998 di
1390 2947 1677 3007 clermont,
1714 2947 2065 3010 quantunque
2096 2944 2167 2996 da
2200 2944 2353 2997 molti
2389 2943 2552 2996 secoli
2609 2941 2905 3007 posseduta
2940 2941 3043 2993 dai

433 3006 658 3077 Vescpvt
690 3008 743 3059 di
778 3012 955 3073 quella
988 3012 1131 3064 ciue.
1165 3015 1267 3064 Era
1300 3012 1526 3073 provato
1559 3008 1645 3059 dal
1681 3009 1830 3061 titolo
1864 3009 2150 3068 origrnario
2183 3007 2266 3060 del
2303 3018 2571 3078 possesso,
2605 3009 2700 3079 che
2734 3006 2917 3077 quella
2972 3007 3046 3056 si·

433 3077 620 3181 ffiona
650 3081 741 3120 era
774 3076 910 3124 stata
945 3074 1069 3126 data
1103 3076 1156 3124 in
1189 3073 1428 3125 custodia
1464 3072 1529 3121 ad
1566 3084 1637 3122 un
1673 3083 1901 3121 vescovo
1935 3073 1987 3121 di
2022 3072 2293 3122 clermont
2325 3070 2394 3119 da
2429 3071 2695 3119 Gtovannl
2753 3067 2807 3116 dr
2857 3067 3042 3117 Bour-

506 3140 560 3190 n,
595 3133 691 3183 che
725 3139 1136 3197 rappresentava
1167 3137 1222 3187 la
1253 3136 1450 3198 regina.
1486 3137 1722 3194 Ferrer0,
1763 3135 2000 3185 Trauaeo
2032 3134 2161 3185 delle
2181 3133 2538 3195 presel-tzion&
2580 3132 2800 3182 Torin0.

447 3252 458 3263 ‚
560 3194 669 3244 Huc
700 3202 900 3258 spectat
928 3199 1057 3252 illud
1096 3199 1214 3250 Cod.
1251 3200 1351 3250 art.
1386 3201 1540 3250 2113:
1574 3197 1802 3249 Nessuno
1843 3195 1945 3258 pub
1989 3200 2305 3259 prescrivere
2352 3198 2532 3245 contro
2583 3195 2857 3256 ilproprio
2881 3194 3044 3244 titolo

438 3265 493 3326 ιιι
524 3260 695 3314 questo
727 3271 874 3312 senso
908 3263 994 3313 che
1023 3274 1239 3313 nessuno
1268 3260 1371 3324 pao
1403 3262 1643 3322 canoiare
1675 3261 1920 3322 riquardo
1955 3272 1989 3309 a
2019 3261 2073 3309 se
2103 3259 2373 3309 aeclesiam
2403 3258 2458 3308 la
2486 3268 2642 3307 causa
2673 3259 2734 3306 ed
2766 3259 2804 3306 it
2829 3256 3043 3316 prinei-

427 3325 517 3377 pto
548 3318 629 3390 det
656 3332 747 3370 suo
774 3334 1019 3384 possesso.
1073 3327 1136 3377 Et
1186 3327 1305 3388 post
1352 3321 1535 3375 babet:
1589 3323 1837 3373 ciaet-uno
1882 3321 1985 3382 puo
2030 3325 2342 3382 prescrivere
2390 3324 2569 3369 contro
2619 3321 2660 3370 il
2707 3319 2931 3382 proprio
2966 3323 3038 3366 tc-

436 3379 542 3450 εοζο
574 3392 628 3452 ιιι
660 3390 831 3444 questo
864 3399 1008 3436 senso
1041 3389 1128 3438 che
1159 3389 1204 3437 si
1269 3385 1373 3449 pao
1421 3386 1553 3436 colla
1597 3384 1938 3445 prescrizione
1969 3387 2260 3446 conseyuire
2293 3385 2346 3433 la
2396 3381 2703 3434 liberazione
2750 3381 2898 3430 dalla
2945 3383 3044 3429 ob·

436 3439 736 3512 blaeqozaeone.
791 3448 890 3499 Per
940 3451 1193 3513 esempio,
1247 3450 1322 3500 mi
1375 3459 1509 3499 sono
1564 3446 1832 3510 obbligato
1887 3459 1978 3509 per
2035 3447 2302 3498 iscrittura
2356 3455 2388 3494 a
2444 3445 2662 3507 pagarvi
2706 3445 2852 3503 1,(100
2887 3442 3044 3492 fran-

437 3502 548 3564 ch13
584 3507 829 3578 omettete
860 3508 913 3559 di
947 3510 1313 3563 domandarne
1349 3510 1381 3560 ll
1419 3516 1761 3573 pagamento;
1799 3520 1906 3559 non
1942 3509 2096 3559 adem
2139 3512 2189 3559 io
2224 3507 2328 3558 alla
2363 3507 2470 3556 mia
2517 3504 2886 3567 obbligazioue
2938 3516 3050 3567 per

437 3565 501 3618 20
532 3577 687 3630 annu
722 3581 857 3620 sono
889 3571 1131 3635 liberato,
1165 3575 1235 3626 ho
1270 3575 1543 3637 prescritto
1576 3575 1764 3624 contro
1799 3572 1831 3622 il
1869 3571 1977 3622 mio
2011 3572 2104 3622 tito
2127 3582 2177 3623 o.
2220 3590 2239 3612 ·
2278 3570 2395 3622 cod.
2428 3571 2580 3631 spico.

432 3627 669 3743 Πῖἐὲιῶ.
702 3634 849 3745 2t1333
882 3631 951 3670 .-:
980 3635 1034 3685 C.
1070 3639 1130 3686 A.
1170 3638 1320 3700 ¹472;
1349 3663 1414 3675 —
1447 3637 1500 3688 C.
1537 3636 1596 3686 G.
1630 3639 1788 3696 22263
1843 3658 1907 3670 -
1950 3633 2004 3685 C.
2040 3634 2090 3684 S.
2125 3635 2278 3698 21323
2324 3658 2388 3670 —
2438 3631 2494 3683 C.
2541 3632 2598 3680 P.
2654 3631 2818 3694 2339;
2859 3653 2929 3666 —
2987 3633 3048 3682 C.

497 3753 523 3826 J
562 3772 579 3795 ι
618 3756 718 3807 Per
747 3707 962 3820 exagio
984 3773 1005 3807 .·
1040 3759 1356 3813 costituisco
1390 3773 1421 3811 a
1458 3761 1602 3812 Tizio
1636 3772 1744 3810 una
1775 3757 1982 3810 rendita
2016 3758 2267 3819 perpetua
2299 3757 2351 3808 di
2386 3756 2481 3807 lire
2531 3753 2672 3806 mille
2723 3764 2910 3805 annue
2970 3753 3048 3804 da

435 3814 512 3888 lut
546 3816 827 3870 riceveudo
860 3832 933 3872 un
968 3821 1191 3885 capitale
1223 3823 1275 3874 di
1309 3825 1488 3880 20,000
1516 3824 1636 3883 lire3
1675 3823 1849 3872 ricevo
1882 3821 2261 3870 annualmente
2292 3820 2340 3871 le
2372 3821 2619 3882 quitanze
2649 3815 2718 3886 (la
2755 3817 2909 3866 Timo
2930 3827 3049 3867 cre-

438 3875 637 3951 dito-re·
673 3893 731 3934 se
763 3884 934 3945 questi
971 3884 1109 3947 dopo
1143 3885 1379 3937 ventotto
1413 3887 1537 3936 anni
1574 3897 1682 3935 non
1720 3887 1931 3947 potesse
1960 3883 2160 3944 esigere
2193 3893 2265 3932 un
2300 3889 2480 3932 nuovo
2515 3880 2685 3937 titolo,
2722 3881 2806 3929 cui
2841 3878 3040 3928 m’lm·

439 3941 616 4002 pedrre
656 3943 719 3995 be
751 3945 802 3995 di
836 3947 1162 4007 sopprlmere
1193 3947 1240 3999 le
1272 3950 1517 4011 quitanze
1550 3948 1647 3999 che
1682 3956 1816 3998 sono
1848 3945 1905 3995 iu
1941 3947 2048 3994 mia
2081 3956 2260 4004 mano,
2296 3954 2324 3993 e
2371 3942 2423 3993 dl
2474 3942 2586 3993 dire
2614 3942 2711 3991 che
2797 3940 3052 3992 eudemo

436 4003 738 4076 trent’annt,
775 4019 881 4058 non
914 4008 1120 4060 avendo
1153 4009 1207 4060 lo
1240 4009 1369 4063 fatto
1402 4013 1561 4062 alcun
1597 4008 1928 4073 pagamento,
1966 4007 2001 4057 il
2028 4007 2137 4059 mio
2158 4005 2335 4058 debito
2358 4006 2386 4056 e
2410 4004 2724 4068 preseritto‘r
2800 4003 3020 4064 uest’ar

438 4065 598 4116 ticolo
633 4071 661 4118 e
695 4070 913 4134 dunque
948 4083 979 4121 a
1014 4072 1175 4123 tutela
1208 4072 1290 4124 del
1325 4072 1545 4124 credito.
2411 4095 2418 4104 ·
2859 4127 2867 4137 .

533 4188 543 4199 ,
570 4147 590 4171 »
629 4131 705 4181 Ad
741 4134 956 4184 ovviare
990 4145 1021 4184 a
1053 4135 1239 4197 questo
1274 4135 1523 4198 pericolo,
1558 4135 1600 4185 si
1629 4146 1735 4196 puo
1758 4131 2086 4183 domandare
2102 4131 2150 4181 al
2177 4128 2411 4180 debitore
2431 4139 2540 4180 una
2562 4128 3050 4189 contro-quitanza

438 4199 581 4240 ossia
616 4191 1009 4264 dichiarazioue
1040 4197 1092 4247 di
1126 4208 1297 4248 essere
1331 4200 1469 4250 stato
1502 4197 1830 4261 quitanzato,
1868 4205 2074 4258 oppure
2104 4204 2212 4244 una
2262 4192 2450 4243 lettera
2502 4191 2556 4241 in
2607 4189 2692 4242 cui
2727 4189 2968 4262 dicniari
3003 4190 3048 4239 il

438 4261 539 4301 suo
573 4252 783 4306 debito·
821 4258 987 4310 allora
1018 4260 1064 4309 si
1096 4259 1168 4310 ha
1200 4261 1255 4310 in
1289 4272 1448 4310 mano
1481 4272 1554 4310 un
1587 4258 1912 4310 documento
1965 4268 2059 4320 per
2106 4255 2486 4315 interrompere
2533 4252 2589 4302 la
2652 4253 3052 4314 presel-mione.

437 4313 572 4364 Pero
605 4325 663 4366 se
696 4318 729 4366 il
765 4294 925 4370 fondo
958 4322 1220 4384 ipotecato
1250 4323 1390 4374 fosse
1419 4325 1633 4385 passato
1669 4319 1735 4371 ad
1771 4331 1844 4371 un
1880 4320 2042 4380 terzo,
2078 4315 2302 4370 sarebbe
2334 4316 2386 4366 dl
2433 4313 2694 4365 necessita
2744 4314 2796 4363 la
2846 4313 3047 4364 rinno·

328 4437 341 4452 ·
437 4376 659 4427 vazione
693 4378 775 4429 del
803 4379 1124 4434 documento
1157 4385 1461 4446 autentico;
1496 4395 1552 4434 se
1586 4395 1676 4444 no,
1713 4382 1756 4432 sl
1793 4382 2023 4436 avr-ebbe
2056 4378 2207 4431 bensi
2241 4379 2472 4429 l’azione
2507 4377 2783 4440 personale
2839 4379 3049 4426 contra

438 4436 520 4488 del
592 4441 727 4489 rimo
759 4441 1010 4504 debitore,
1048 4457 1135 4496 ma
1167 4459 1277 4498 non
1312 4450 1367 4498 la
1398 4449 1537 4499 reale
1569 4448 1758 4498 contro
1790 4443 1911 4508 quel
1944 4444 2107 4502 terzo,
2128 4453 2157 4493 e
2185 4441 2352 4492 anche
2391 4438 2725 4491 rinnovando
2770 4437 2802 4486 1‘
2823 4438 3050 4498 ipoteca

434 4500 866 4616 abiegoeofflff
919 4505 1228 4620 basterebbe
1281 4521 1371 4572 per
1421 4519 1666 4573 rompere
1704 4508 1755 4558 la
1789 4508 2162 4618 prescrizione,
2195 4515 2228 4554 a
2261 4502 2483 4554 termine
2516 4501 2743 4551 dell’art.
2783 4502 2915 4552 2127
2953 4499 3046 4551 del

504 4623 526 4664 ⁸
565 4642 584 4667 ι
624 4625 697 4678 La
730 4578 1071 4681 trason-{aione
1104 4643 1136 4682 o
1169 4632 1450 4683 iscrizione
1481 4634 1512 4682 e
1544 4633 1582 4682 tl
1616 4642 1793 4683 mezzo
1824 4641 1930 4681 con
1964 4630 2047 4682 cul
2082 4632 2126 4679 si
2163 4625 2401 4678 rendono
2439 4625 2671 4688 pubblici
2708 4623 2889 4674 alcuni
2938 4625 3047 4674 atti

440 4685 665 4739 indicati
694 4686 837 4740 dalla
868 4690 1012 4754 legge
1042 4701 1071 4741 e
1098 4693 1141 4743 st
1177 4694 1388 4747 effettua
1421 4694 1687 4746 mediante
1720 4695 1772 4744 la
1803 4693 1959 4756 copia
1991 4692 2225 4744 letterale
2258 4688 2495 4741 dell’atto
2528 4697 2688 4752 sopra
2705 4697 2779 4737 uu
2797 4685 3052 4748 registro
