3292 5167
1185 311 1642 359 ‚innovationes
2436 272 2443 281 ⁹
2582 288 2709 353 ¹75

149 413 288 510 quod
330 412 389 476 id
434 404 867 476 abominabile
907 419 1007 476 est
1045 427 1262 476 coram
1305 413 1574 476 Domino
1630 412 1811 491 juxta
1870 410 2035 475 iilud
2094 411 2275 475 Dent.
2317 426 2514 475 xviii:
2578 408 2703 475 Nec

153 494 481 559 inveniatur
519 493 589 554 in
635 499 695 556 te
737 494 848 573 qui
888 493 1120 556 lustret
1154 494 1357 573 filium
1395 511 1577 556 snum
1619 502 1738 556 aut
1775 492 1992 572 filiam,
2036 493 2272 555 ducens
2314 509 2426 571 per
2454 492 2657 572 ionem
2681 512 2708 564 ,·

157 583 243 640 out
274 576 378 654 qui
416 574 654 636 ariolos
698 575 1066 650 suscitetur,
1110 581 1173 636 et
1211 572 1495 638 observet
1534 578 1778 637 somnia
1819 581 2009 653 atque
2063 574 2388 652 auam-im
2451 590 2565 635 nee
2623 574 2714 636 sit

161 656 449 733 ulmeus,
489 671 604 716 nec
649 656 1038 730 incantator,
1079 670 1190 716 neo
1234 656 1343 733 qai
1409 654 1709 734 pythones
1752 653 2063 726 consulat,
2106 669 2220 714 nec
2261 654 2527 728 divinos,
2594 658 2713 715 aut

164 744 358 818 querat
393 752 434 796 a
479 736 752 797 mortuis
784 736 1131 798 veritatem.
1185 733 1411 798 Omnia
1451 736 1619 797 enim
1662 732 1787 796 hoec
1828 732 2242 797 abominatur
2286 732 2602 809 Dominus,
2648 739 2714 796 et

166 824 366 898 propter
408 816 776 878 istiusmodi
817 815 1056 878 scelera
1097 813 1330 878 dolebit
1369 832 1468 877 eos
1515 815 1601 879 in·
1626 816 1901 879 introitu
1944 822 2066 876 tuo.

1187 1018 1310 1100 (R)
1353 1020 1503 1102 paq.
1548 1020 1645 1083 87.
1868 966 1885 989 ”
2536 1002 2577 1031 ‘

210 1207 393 1268 250.
437 1208 1004 1270 Humerorum
1046 1206 1270 1270 ratio
1312 1228 1418 1273 nn
1459 1208 2102 1290 superstitiosas
2148 1225 2274 1273 non
2308 1224 2561 1288 semper
2590 1224 2707 1270 nn-

162 1306 420 1350 merum
461 1291 640 1350 ratio
685 1298 777 1353 uti
821 1307 893 1351 su
942 1292 1264 1352 orstitiosa
1312 1291 1602 1355 habenda
1651 1302 1786 1363 est;
1829 1293 1937 1354 sed
1999 1292 2255 1371 quando
2304 1304 2575 1352 numero
2638 1298 2711 1350 ut

161 1369 239 1432 tali
277 1378 392 1431 tota
439 1370 793 1432 exhibetur
839 1371 876 1431 fl
927 1386 1024 1443 es;
1068 1386 1212 1432 cum
1258 1386 1480 1434 revera
1528 1374 1699 1433 inter
1743 1388 2019 1452 causam,
2070 1381 2137 1433 et
2180 1372 2480 1433 effectum
2531 1368 2708 1431 nulia

160 1461 273 1513 tunc
311 1450 643 1528 proportio
688 1452 791 1512 sit.
837 1449 957 1512 Sed
997 1451 1188 1512 aliter
1231 1459 1348 1525 est,
1391 1454 1442 1513 si
1492 1452 1634 1513 ideo
1683 1468 1990 1514 numerus
2038 1460 2405 1531 usurpetur,
2447 1451 2596 1529 quia
2631 1448 2710 1511 ab

158 1529 390 1593 Ecclesia
454 1540 560 1592 est
604 1533 1023 1609 praescriptus
1084 1530 1162 1593 ad
1210 1530 1651 1609 indulgentias
1693 1533 2202 1612 consequendae,
2247 1532 2327 1594 ad
2396 1536 2712 1611 poeniten-

159 1613 273 1673 tiam
314 1610 654 1687 agendam,
704 1611 783 1672 ad
828 1610 1068 1673 cultum
1118 1611 1420 1689 religiose
1466 1614 1920 1688 exercendum,
1980 1621 2049 1674 ut
2095 1621 2267 1692 patet
2309 1628 2389 1673 ex
2433 1612 2712 1690 proposi—

158 1693 295 1753 tione
332 1691 407 1753 64
452 1693 813 1771 proscripta
839 1690 1036 1753 'Bulla
1082 1692 1417 1754 Auctorem
1457 1694 1619 1770 fidei.
1668 1692 1818 1755 Item
1865 1702 1963 1754 est
2004 1695 2057 1754 si
2134 1708 2440 1755 numerus
2489 1694 2711 1770 mysti-

157 1788 262 1834 cam
301 1771 842 1851 sigmficationem
881 1771 1185 1844 includat,
1217 1771 1321 1834 vel
1352 1774 1414 1833 in
1452 1773 1724 1835 alterius
1760 1777 1853 1837 rei
1890 1774 2329 1851 cognitionem
2368 1788 2482 1833 nos
2519 1771 2712 1833 faciat

157 1853 574 1924 venireatunc
621 1851 1031 1915 laudabiliter
1076 1868 1488 1916 numerorum
1523 1857 1685 1919 ratio
1730 1856 2144 1927 observatum
2180 1854 2575 1915 nam.firmat
2610 1866 2713 1913 ve-

159 1934 363 1995 ritatem
407 1949 480 1994 ac
536 1934 716 2011 quasi
766 1944 1001 1995 tessera
1037 1942 1103 1995 et
1149 1930 1458 2012 professio
1505 1935 1651 1996 iidei
1701 1947 1938 1997 nostrae
1983 1943 2126 1997 est:
2167 1934 2335 2012 quod
2386 1942 2452 1994 et
2492 1930 2709 1994 Eccle—

174 2017 242 2074 tia
276 2012 672 2074 commendat
734 2022 797 2074 et
831 2011 1158 2091 Scriptura
1208 2023 1501 2091 usurpat3
1545 2032 1742 2093 quare
1807 2015 1968 2077 saiso
2038 2031 2155 2076 nos
2223 2015 2710 2093 superstitionis

166 2103 402 2155 accusant
444 2092 916 2155 Protestantes.
961 2094 1063 2156 Sic
1108 2111 1286 2155 sacer
1330 2104 1427 2155 est
1471 2111 1778 2159 numerus
1823 2097 2172 2169 ternarius,
2216 2098 2360 2175 quia
2411 2103 2540 2157 tres
2572 2092 2710 2154 Tri-

170 2175 343 2234 nitatis
375 2173 702 2235 Personas
748 2173 968 2249 refert,
1012 2184 1143 2237 tres
1187 2174 1326 2236 dies
1362 2176 1713 2252 sepulturae
1759 2174 2027 2250 Christi,
2077 2185 2206 2237 tres
2243 2191 2445 2237 annos
2478 2173 2710 2252 praedi-

174 2255 383 2315 cationis
423 2254 636 2316 iliius.
704 2251 897 2317 Sacer
938 2262 1038 2317 est
1102 2271 1408 2317 numerus
1471 2257 1839 2334 quinarius,
1915 2263 1979 2318 in
2050 2257 2361 2318 honorem
2427 2256 2712 2334 quinque

171 2334 432 2413 plagarum
479 2333 881 2409 Salvatoris3
953 2352 1257 2397 numerus
1300 2338 1715 2417 septenarius,
1759 2339 1905 2417 quia
1974 2338 2039 2398 in
2109 2346 2389 2398 mentem
2455 2341 2714 2399 revocat

167 2431 250 2476 sex
283 2415 400 2476 dies
441 2416 803 2477 creationis
846 2424 912 2478 et
951 2418 1294 2501 septimum
1338 2431 1462 2495 quo
1509 2433 1576 2479 re
1627 2419 1830 2480 uievit
1861 2418 2201 2479 Dominus:
2232 2415 2610 2480 novenarius
2643 2415 2710 2475 in

171 2495 422 2557 honorem
466 2511 706 2557 novem
752 2499 1094 2569 mensium,
1144 2497 1374 2575 quibus
1420 2494 1541 2559 fuit
1633 2499 1872 2560 hristus
1943 2499 2007 2557 in
2058 2506 2245 2559 utero
2293 2497 2546 2559 matris:
2593 2495 2710 2555 tri·

168 2578 397 2653 yesimus,
438 2579 592 2655 quia
645 2575 848 2638 refert
894 2578 1155 2656 triginta
1201 2593 1405 2639 annos
1450 2580 1596 2640 vitae
1643 2579 1909 2658 privatae
1949 2576 2402 2654 Redemptoris
2466 2577 2710 2637 nostri:

169 2657 737 2734 moesimnstertius,
780 2656 925 2736 quia
973 2660 1301 2719 memoriae
1344 2657 1594 2720 reducit
1639 2668 1840 2721 totum
1875 2658 2050 2720 iilius
2089 2657 2380 2720 mortalis
2421 2659 2567 2727 vitae
2608 2670 2710 2731 pe-

173 2737 406 2811 riodum3
447 2738 998 2818 quadrupesimus,
1040 2745 1106 2798 et
1147 2748 1242 2800 est
1287 2740 1351 2800 in
1399 2740 1641 2803 honore
1710 2742 1812 2802 hic
1884 2754 2223 2813 numerus,
2288 2753 2475 2817 quem
2544 2737 2711 2797 Deus

168 2817 534 2895 quadraginta
586 2817 844 2879 dierum
880 2818 1131 2897 Jejunio
1176 2819 1522 2894 decoravit,
1567 2836 1681 2897 per
1724 2836 1911 2901 quem
1959 2820 2180 2881 divina
2230 2818 2330 2880 lex
2378 2819 2441 2878 in
2487 2817 2709 2878 orbem

173 2904 434 2961 terrarum
483 2899 774 2972 invexit;
808 2909 872 2960 et
915 2898 1089 2961 Elias
1129 2899 1208 2962 40
1252 2899 1501 2961 dierum
1543 2900 1793 2979 jejunio
1841 2902 2036 2963 Deum
2132 2915 2406 2973 uaerens,
2450 2897 2590 2975 ejus
2619 2897 2711 2957 vi-

168 2978 359 3039 sionem
400 2988 790 3040 consecutus
830 2989 946 3054 est,
989 2989 1113 3042 etc.
1152 3013 1232 3025 —-
1287 2978 1346 3040 V.
1395 2979 1685 3051 Bouvier,
1734 2981 1815 3042 De
1858 2997 2024 3044 vana
2056 2997 2089 3042 o
2134 2997 2292 3043 serv.
2321 3011 2401 3025 —
2429 2976 2711 3053 Bergier,

167 3055 661 3201 fixionarig7ecc.
716 3057 788 3122 V.
833 3059 1089 3143 Novene.
1133 3094 1212 3105 —
1254 3057 1528 3141 Stapf,§
1594 3061 1731 3124 174.
1794 3094 1874 3108 --
1940 3060 2221 3139 Lignori‚
2295 3059 2461 3137 Opus
2532 3056 2739 3145 Mor,

187 3154 309 3212 ‚ni,
345 3156 402 3200 n.
529 3185 547 3200 .
1329 3199 1335 3207 .

222 3215 358 3291 Quid
397 3219 714 3301 (quaeres)
756 3218 829 3293 de
871 3219 981 3281 illo
1024 3221 1130 3299 qui
1158 3220 1467 3282 rationem
1496 3219 1685 3283 habet
1712 3237 2111 3284 numerorum
2139 3237 2289 3301 qnos
2325 3218 2710 3280 somniavit?

221 3295 276 3359 lt
330 3298 461 3361 Non
550 3299 728 3360 illico
791 3298 870 3361 de
932 3302 1111 3378 gravi
1180 3311 1435 3378 peccato
1498 3301 1935 3374 damnandus3
2001 3303 2117 3362 boc
2162 3317 2291 3362 non
2337 3301 2514 3363 aliud
2567 3313 2709 3360 esse

171 3378 398 3453 videtur,
446 3396 641 3458 quam
688 3378 784 3441 vel
831 3380 1010 3442 rudis
1052 3380 1453 3459 simplicitaS,
1502 3381 1601 3443 vel
1654 3384 1868 3444 tenuis
1914 3383 2267 3455 credentia,
2326 3380 2429 3442 vel
2498 3381 2711 3441 inanis

167 3458 404 3535 quaedam
443 3460 708 3539 jocatio.
753 3458 928 3532 Quod
966 3461 1191 3523 dicunt
1234 3460 1562 3523 ordinarie
1607 3478 1874 3525 currere
1921 3465 2115 3523 etiam
2164 3461 2243 3523 de
2280 3460 2433 3537 iilis,
2477 3463 2582 3541 qui
2629 3460 2708 3522 ad

169 3552 417 3605 numeros
461 3542 890 3603 inveniendos
935 3540 1116 3602 libris
1162 3551 1428 3603 utuntur
1472 3540 1893 3621 (tabennesis,
1926 3553 1994 3604 ut
2031 3544 2246 3620 ajunt;
2276 3542 2374 3603 vei
2415 3558 2494 3603 ex
2531 3550 2709 3601 certo

167 3630 352 3682 eventu
392 3638 499 3684 eos
569 3620 939 3699 confingere
982 3620 1278 3695 student3
1320 3633 1386 3684 et
1457 3625 1608 3684 inde
1654 3625 2063 3685 sortitionem
2113 3633 2364 3686 tentant
2430 3621 2708 3685 iudendo

167 3694 242 3771 (ai
265 3701 449 3782 totto).
487 3703 788 3764 Attamen
833 3700 912 3763 ab
959 3703 1077 3763 hoo
1121 3702 1518 3765 desuadendi
1565 3713 1741 3780 sunt,
1787 3720 1867 3766 ne
1913 3703 2077 3782 quod
2118 3706 2391 3782 primum
2434 3700 2709 3781 J‘ocando

173 3774 390 3857 faciunt,
428 3791 651 3864 postea
697 3798 774 3845 ex
820 3782 1140 3861 proposito
1183 3794 1395 3861 agant,
1429 3784 1755 3849 credendo
1799 3793 1862 3847 et
1925 3784 2272 3861 probando.

225 3859 300 3923 Ex
333 3866 732 3926 somniorum
777 3862 1085 3943 qualitate
1127 3866 1309 3942 argui
1356 3866 1542 3927 unice
1579 3876 1785 3944 potest
1823 3873 2025 3928 status
2055 3863 2472 3935 infirmitatis,
2520 3868 2585 3924 et
2612 3875 2714 3921 va·

172 3936 428 4006 letndinis
468 3947 854 4006 somniantis
915 3952 980 4004 et
1021 3942 1161 4022 ejus
1207 3946 1462 4007 vivendi
1510 3944 1870 4025 disciptina.
1930 3945 2062 4019 Quo
2092 3961 2287 4008 sensu
2316 3943 2585 4004 somniis
2619 3945 2711 4002 uti

175 4032 387 4093 potsunt
426 4023 662 4089 medici
708 4023 786 4086 ad
833 4022 1206 4103 applicanda
1273 4029 1725 4091 convenientia
1784 4027 2097 4099 remedia,
2175 4023 2552 4088 confessarii
2629 4021 2709 4083 ad

176 4102 554 4174 prohibendae
589 4113 799 4167 certas
845 4103 1172 4179 lectiones,
1216 4106 1698 4182 collocutiones,
1745 4105 2321 4187 frequentationes,
2361 4119 2440 4164 ex
2478 4101 2713 4181 quibus

178 4192 280 4241 nam
319 4200 352 4245 e
393 4187 602 4264 turpia
650 4195 1004 4248 nascuntur
1047 4188 1113 4249 in
1164 4189 1623 4265 imaginatione
1688 4192 1879 4250 etiam
1928 4188 2098 4248 inter
2141 4198 2459 4249 somnum.

400 4305 420 4323 .
467 4260 979 4326 Animanum
1021 4271 1346 4329 cantus.
1389 4268 1749 4340 volatus,
1792 4273 1952 4327 ete.
1980 4285 2004 4326 s
2048 4281 2128 4328 ex
2186 4265 2401 4327 avium
2446 4264 2716 4342 gemitu,

181 4337 360 4429 volatu,
401 4346 500 4406 vei
546 4346 922 4408 animalium
966 4356 1160 4409 cantu
1234 4363 1363 4408 non
1428 4356 1527 4409 est
1589 4349 2135 4425 superstitiosum·
2190 4342 2717 4422 conjecturaliter

180 4413 418 4507 divinare
461 4424 730 4504 pluvias,
772 4428 1112 4498 siccitateS,
1161 4436 1315 4499 etc.;
1358 4430 1528 4489 aeris
1570 4430 1746 4489 enim
1796 4429 2217 4488 mutationem
2256 4429 2421 4487 mire
2454 4440 2707 4503 presen-

184 4503 332 4591 uunt,
363 4521 435 4567 ac
475 4507 739 4584 gemitu,
786 4506 1023 4582 volatu,
1066 4517 1260 4570 cantu
1305 4508 1690 4585 significant.
1725 4507 1879 4569 Item
1910 4522 1990 4569 ex
2027 4522 2199 4569 mora
2239 4520 2576 4569 corvorum
2613 4503 2716 4566 vei
2773 4553 2781 4561 .

179 4589 405 4662 strigam
445 4594 823 4650 noctuarum
865 4586 1157 4666 (civette)
1199 4604 1391 4667 super
1436 4595 1672 4650 tectum
1745 4588 1989 4660 domus,
2057 4591 2119 4648 in
2193 4603 2314 4666 qua
2391 4583 2720 4649 decumbit

184 4673 434 4740 aegrotus,
472 4682 600 4728 non
644 4671 911 4730 omnino
952 4671 1397 4747 superstitiose
1441 4667 1789 4746 conjicitur
1836 4669 2281 4748 propinquitas
2330 4676 2585 4740 mortis,
2632 4663 2717 4725 ob

183 4752 364 4807 eorum
402 4748 835 4812 acutissimum
881 4747 1182 4813 olfactum
1227 4748 1303 4812 ad
1343 4749 1574 4813 odores
1617 4750 1965 4812 cadaveris.
2019 4747 2266 4829 Sporer.
