3292 5167
646 195 722 241 nn
769 193 1203 256 occuranone,
1252 193 1619 241 accessione:
1671 195 1749 240 m*
1797 196 2163 244 manmena
2581 180 2702 247 221

310 303 360 369 l.
392 301 515 367 Per
545 281 887 366 dominum
928 296 1113 365 fundi
1147 290 1538 382 intelligitur
1576 297 1689 383 qui
1728 298 1923 367 habet
1978 298 2347 368 dominium
2386 301 2713 374 directum

164 408 309 478 fundi
351 407 578 493 ipsius,
626 423 757 474 non
810 422 974 476 vero
1024 403 1137 491 qui
1186 404 1385 473 habet
1433 405 1596 475 utile
1659 413 1948 475 tantum:
1997 406 2174 476 unde
2222 409 2712 480 usufructuario

175 517 380 588 nullum
427 514 748 601 competit
789 514 899 600 jus
946 514 1013 581 in
1050 512 1457 598 thesaurum,
1509 512 1633 583 nisi
1684 513 1770 582 sit
1819 516 2126 585 inventor
2174 517 2221 585 ¹.

300 623 354 689 2.
404 623 737 691 Censetur
784 620 1118 724 invenisse
1164 622 1552 691 thesaurum
1605 621 1718 708 qui
1773 621 2027 707 primus
2095 641 2234 691 rem
2297 623 2533 693 viderit
2604 634 2713 694 aut

176 731 436 802 visibilem
486 728 869 812 reddiderit,
923 729 1049 819 etsi
1098 747 1242 798 eam
1279 748 1412 799 non
1453 730 2005 816 apprehenderit:
2042 730 2218 801 unde
2251 731 2303 800 si
2340 734 2572 801 artifex
2608 752 2719 803 co—

178 857 274 908 ram
308 837 572 906 domino
620 837 931 905 laborans
981 836 1374 906 thesaurum
1421 836 1620 919 videt,
1674 845 1739 906 et
1789 836 2101 907 dominus
2152 855 2306 907 eum
2378 848 2715 908 removeat

176 967 233 1016 ne
263 945 427 1012 illum
475 943 952 1030 apprehendat,
1003 943 1437 1013 nihilominus
1487 944 1724 1014 artifex
1764 945 1874 1032 jus
1955 946 2154 1016 habet
2226 944 2307 1013 ad
2376 946 2715 1016 dimidiam

173 1059 390 1140 partem.
439 1052 691 1137 Excipe
740 1051 795 1120 si
843 1052 1079 1121 artifex
1127 1051 1407 1139 praecise
1455 1069 1490 1119 a
1539 1051 1811 1120 domino
1856 1052 2224 1123 conductus
2264 1053 2385 1122 fuit
2420 1054 2499 1121 ad
2534 1071 2716 1140 quae-

172 1159 392 1228 rendum
441 1159 869 1228 thesaurum:
921 1166 1079 1228 tunc
1125 1178 1258 1229 non
1309 1158 1473 1247 ipse,
1524 1158 1640 1228 sed
1672 1160 1866 1229 illius
1917 1161 2286 1230 conductor
2333 1179 2454 1231 seu
2505 1163 2713 1231 domi-

170 1284 260 1335 nus
298 1264 467 1334 fundi
518 1266 915 1338 thesaurum
965 1266 1296 1335 invenisse
1345 1274 1677 1335 censetur.
1994 1283 2004 1296 ·

186 1419 196 1430 -
301 1376 355 1441 3.
403 1374 528 1455 Qui
584 1374 834 1444 invenit
881 1375 1269 1456 thesaurum
1319 1374 1382 1443 in
1431 1372 1636 1441 fundo
1688 1375 1905 1443 alieno
1956 1375 2153 1443 etiam
2204 1395 2381 1458 casu,
2450 1363 2717 1444 tenetur

168 1478 300 1550 illico
342 1480 404 1548 in
452 1481 870 1550 conscientia
936 1480 1285 1550 dimidium
1334 1480 1610 1549 reddere
1662 1480 1937 1549 domino
1988 1482 2169 1550 fundi
2222 1482 2454 1570 ipsius,
2526 1485 2712 1552 Ratio
2817 1559 2824 1570 ¹

171 1586 285 1673 qnia
326 1586 462 1654 haec
496 1588 715 1657 civilis
742 1588 912 1674 juris
947 1587 1301 1674 dispositio
1337 1597 1438 1656 est
1473 1588 1974 1656 determinativa
2026 1591 2481 1676 proprietatis:
2515 1592 2717 1677 idque

170 1691 247 1761 lex
286 1693 488 1780 potuit
538 1713 740 1780 agere
789 1696 1045 1764 ratione
1093 1696 1249 1765 boni
1303 1695 1699 1779 communiS,
1749 1704 1820 1763 ut
1871 1704 2098 1765 tenent
2133 1698 2268 1766 fere
2302 1716 2554 1768 omnes,
2592 1700 2712 1780 Qui

168 1819 285 1870 vero
324 1820 399 1870 ex
442 1802 778 1871 industria
827 1803 1218 1871 thesaurum
1268 1802 1514 1872 invenit
1562 1803 1625 1870 in
1683 1803 1898 1871 alieno
1943 1804 2166 1889 fundu,
2215 1810 2439 1875 utrum
2479 1806 2718 1875 debeat

166 1926 267 1976 non
307 1914 553 1976 tantum
607 1909 974 1993 dimidium,
1024 1909 1142 1977 sed
1191 1917 1405 1978 totum
1454 1910 1727 1978 domino
1772 1910 2048 1980 reddere
2097 1920 2250 1980 ante
2290 1912 2533 1997 judicis
2569 1933 2721 2005 sen—

168 2017 401 2096 tentiam,
436 2027 689 2103 negant
730 2017 1175 2086 communiter
1211 2036 1361 2085 cum
1397 2016 1638 2101 Gerdil,
1677 2020 2025 2103 Laymano,
2071 2020 2321 2102 Les-sin,
2358 2027 2482 2089 etc.
2503 2048 2521 2105 3
2563 2022 2715 2108 quia

174 2125 344 2209 quoad
380 2126 507 2195 hoc
563 2124 672 2194 lex
721 2133 823 2194 est
877 2125 1177 2210 poenalis,
1228 2143 1377 2211 quai
1432 2144 1561 2193 non
1613 2126 1872 2195 obtinet
1926 2133 2078 2196 ante
2118 2128 2537 2197 sententiam.

308 2236 357 2301 t.
395 2235 461 2302 Si
514 2235 876 2302 thesaurus
929 2234 1297 2301 inveniatur
1345 2234 1409 2301 in
1453 2232 1656 2302 fundo
1703 2235 2216 2317 communitatis,
2252 2236 2568 2304 Ecclesiae
2605 2245 2718 2304 aut

172 2337 415 2425 demanii,
462 2343 533 2410 in
591 2344 980 2411 thesaurum
1020 2343 1132 2428 Jus
1188 2342 1387 2432 habet
1437 2360 1564 2410 una
1614 2360 1766 2410 cum
1837 2342 2181 2411 inventore
2254 2345 2720 2430 communitaS,

171 2447 432 2533 Ecclesia,
484 2449 872 2519 demanium
889 2475 909 2532 3
961 2450 1114 2536 quia
1163 2450 1493 2519 habentur
1537 2450 1634 2517 uti
1686 2449 1966 2518 totidem
2022 2468 2324 2537 personae
2373 2451 2423 2520 ².

234 2553 412 2617 825-
461 2560 541 2638 Q.
594 2562 655 2624 5.
709 2560 903 2645 Cujus
945 2570 1090 2624 sunt
1141 2557 1302 2623 bona
1347 2556 1640 2623 derelicta
1685 2567 1741 2623 et
1788 2557 2132 2623 vacantia?

230 2664 287 2730 R.
329 2666 387 2731 t.
431 2668 619 2732 Bona
666 2665 1161 2732 derelictasunt
1208 2650 1380 2733 bona
1433 2682 1582 2750 quae
1632 2663 1942 2733 dominus
1977 2664 2120 2750 ipse
2168 2664 2381 2750 rejicit
2415 2666 2633 2732 animo
2685 2683 2718 2730 a

168 2785 221 2837 se
255 2771 582 2839 abdicandi
635 2789 870 2840 eorum
928 2771 1328 2853 dominium3
1379 2769 1552 2840 unde
1604 2771 1734 2840 huc
1786 2790 1916 2840 non
1969 2771 2236 2841 veniunt
2287 2790 2435 2858 quae
2501 2773 2716 2840 domi-

168 2893 262 2943 nus
300 2880 695 2948 necessitate
745 2886 1016 2948 coactus
1067 2878 1348 2965 projicit,
1395 2897 1452 2946 V.
1501 2897 1559 2965 g.
1609 2878 1677 2947 in
1726 2870 1915 2962 viam,
1967 2880 2120 2965 quia
2167 2880 2435 2949 incensa
2470 2888 2570 2949 est
2604 2880 2724 2949 do-

169 2998 302 3066 mus3
346 2986 406 3054 in
442 3005 633 3056 mare
676 3004 759 3055 ne
815 2986 1281 3071 submergatur
1327 2986 1527 3055 navis.
1577 2989 1761 3054 Bona
1810 2981 2124 3055 derelicta
2176 3006 2259 3056 ex
2331 2987 2477 3073 lege
2545 2988 2715 3076 civili

171 3087 210 3156 si
246 3093 517 3177 mobilia,
570 3100 727 3162 sunt
775 3092 969 3179 primi
1011 3093 1436 3180 occupantis3
1485 3093 1540 3161 si
1590 3093 1975 3175 immobilia,
2028 3093 2272 3162 cedunt
2322 3094 2488 3163 fisco
2535 3089 2584 3161 ³.

230 3200 289 3267 R.
323 3203 380 3269 2.
426 3205 615 3269 Bona
660 3202 954 3269 vacantia
1001 3207 1157 3269 sunt
1205 3218 1304 3283 ea,
1352 3217 1503 3287 quae
1554 3199 1704 3285 quis
1750 3199 2019 3287 reliquit
2065 3201 2148 3270 ab
2199 3200 2512 3271 intestato
2580 3195 2721 3271 mo-

172 3305 328 3389 riens,
352 3309 512 3396 quin
542 3309 781 3377 habeat
830 3314 1138 3396 parentes
1187 3307 1357 3376 intra
1405 3307 1736 3375 decimum
1787 3308 2381 3394 consanguinitatis
2423 3309 2717 3395 gradum.

171 3412 309 3496 llaec,
354 3415 530 3483 nulla
583 3417 757 3483 facta
806 3414 1236 3484 distinctione
1270 3414 1618 3482 mobilium
1669 3422 1732 3482 et
1766 3414 2235 3498 immobilium,
2271 3416 2602 3502 pertinent
2638 3418 2717 3484 ad

170 3520 378 3604 regium
424 3524 667 3591 fiscum
718 3521 767 3590 ⁴.
818 3521 1012 3604 Quod
1062 3541 1142 3590 ex
1190 3527 1377 3608 parte
1423 3520 1593 3590 valet
1641 3520 1840 3590 etiam
1891 3522 1971 3591 de
2021 3521 2213 3591 bonis
2250 3525 2615 3610 jacentibus.

232 3626 424 3690 m.
476 3634 552 3712 Q.
600 3633 665 3697 6.
718 3629 1032 3712 Quidnam
1077 3617 1402 3696 dicendum
1448 3626 1520 3694 de
1587 3627 1769 3696 rebus
1836 3628 2123 3712 inventis,
2192 3649 2331 3715 quoe
2400 3632 2722 3699 dominam

170 3731 331 3801 adhuc
371 3739 594 3805 habere
639 3749 967 3805 censentur
984 3743 1016 3802 ⁴?
1677 3825 1684 3832 ι

234 3842 294 3909 R.
324 3846 377 3911 l.
410 3845 480 3912 Si
532 3843 873 3929 diligentia
908 3841 1220 3924 adhibita,
1257 3858 1406 3927 quae
1449 3839 1541 3908 rei
1591 3840 1874 3910 inventae
1925 3843 2129 3913 valori
2180 3842 2723 3929 correspondeat,

175 3948 347 4018 statim
394 3952 734 4021 invenitur
780 3950 1113 4033 dominus,
1165 3967 1272 4018 res
1321 3949 1378 4016 ei
1432 3947 1768 4016 tradenda.
1796 3956 1927 4032 est;
1981 3969 2131 4019 cum
2182 3951 2419 4019 clamet
2469 3948 2548 4016 ad
2598 3948 2717 4017 do-

219 4262 368 4317 ¹cod.
402 4270 499 4322 art.
528 4272 640 4322 494.
673 4296 739 4309 —
770 4271 833 4322 nt
863 4270 897 4321 l.
932 4273 1018 4324 cit.
1056 4272 1241 4336 quoad
1276 4274 1411 4324 alios
1441 4274 1573 4326 Cod.

219 4324 358 4379 ’Δι’ῑ.
389 4333 507 4394 4253
544 4358 604 4369 -
641 4335 695 4385 C.
731 4335 794 4385 A.
828 4335 956 4396 399;
988 4362 1054 4374 —
1086 4338 1119 4385 Ι.
1155 4336 1240 4386 cit.
1274 4337 1418 4399 quod
1453 4338 1607 4388 ulios.
1643 4363 1707 4375 —
1740 4336 1971 4398 Liguori,
2012 4334 2101 4399 op.
2138 4336 2296 4396 Mor„
2332 4334 2367 4386 l.
2403 4341 2478 4396 vt,
2513 4347 2565 4386 n.
2607 4337 2718 4387 602.

218 4389 357 4442 ηπ.
389 4396 506 4457 71¹3
541 4420 606 4432 —
642 4397 698 4448 C.
733 4399 796 4446 Α.
831 4397 956 4456 38η
990 4424 1050 4436 -
1089 4398 1140 4448 C.
1179 4397 1237 4448 G.
1273 4401 1400 4460 7123
1433 4424 1498 4436 —
1532 4400 1584 4450 C.
1623 4400 1672 4450 S.
1705 4400 1833 4460 ¹63:33
1867 4423 1932 4435 —
1965 4399 2019 4450 C.
2056 4401 2109 4449 P.
2144 4401 2271 4459 5613
2304 4423 2369 4435 —
2403 4398 2455 4448 G.
2488 4398 2559 4450 Μ.
2606 4401 2723 4449 620.

216 4449 357 4504 ‘At-t.
387 4459 511 4520 75&
544 4482 609 4494 —
648 4460 703 4509 G.
730 4459 1270 4522 A.751et760;—c.
1307 4461 1366 4510 G.
1401 4464 1496 4513 755
1526 4464 1578 4511 et
1607 4464 1727 4521 768;
1760 4486 1823 4498 —
1857 4461 1911 4511 G.
1946 4462 1995 4511 S.
2031 4462 2125 4512 673
2146 4460 2505 4522 et684;—G.
2541 4461 2596 4510 P.
2626 4460 2721 4510 849

169 4514 333 4578 918583
362 4542 426 4554 —
457 4519 507 4570 C.
541 4519 615 4570 Μ.
650 4523 746 4572 926
780 4524 829 4571 et
866 4523 976 4575 926.
1023 4546 1087 4560 -
1121 4522 1172 4573 C.
1206 4523 1270 4571 Η.
1308 4523 1378 4572 De
1409 4526 1743 4578 successione.
1779 4524 1874 4575 art.
1909 4524 1972 4574 23
2002 4525 2055 4575 et
2084 4526 2162 4576 29.
2218 4523 2313 4574 Est
2341 4523 2492 4586 fiscus
2522 4534 2620 4572 vas
2654 4533 2719 4571 ex

166 4582 324 4632 nmen:
351 4578 470 4652 dein
501 4581 679 4634 dictus
712 4581 822 4655 ruit·
844 4582 1053 4637 loculus
1084 4583 1153 4635 ad
1186 4585 1472 4647 pecuniam
1504 4587 1859 4638 servandam:
1892 4585 2109 4638 demum
2145 4584 2417 4650 publicum
2470 4583 2718 4637 aerarium

169 4637 217 4684 et
237 4647 393 4693 omnis
422 4644 645 4706 pecunia
678 4645 904 4708 publica.
