3292 5167
1280 211 1358 258 nn
1405 210 1745 260 nmmum
1767 211 1773 218 ·
2699 198 2828 266 703

216 327 373 381 oum
422 311 775 397 Tournely.
812 309 996 382 Unde
1029 319 1190 382 tnnc
1225 314 1538 394 omnibus
1575 321 1732 383 sunt
1766 316 2159 401 praeferendi
2197 324 2506 405 parentes
2544 329 2838 408 propter

212 416 525 506 principii
574 417 1022 488 eminentiam:
1059 427 1125 488 et
1159 419 1425 506 quidem
1475 427 1667 508 pater
1701 422 2153 508 praeferendus
2191 431 2292 493 est
2335 428 2550 510 matri,
2588 435 2834 515 utpote

212 525 613 612 principium
664 521 997 608 nobilius;
1042 525 1191 596 dein
1240 528 1513 604 ,veniunt
1563 529 1828 615 conjux,
1880 529 2017 610 filii,
2070 537 2176 600 etc
2225 538 2274 598 ¹.
2681 559 2710 592 ι

238 678 243 686 -
301 638 511 701 989.
566 639 637 718 Q.
688 638 748 705 3.
802 638 1103 717 Quaenam
1148 639 1306 704 vitia
1350 640 1646 707 charitati
1693 646 2133 727 opponantur?
2486 694 2490 699 .

292 746 371 812 R.
447 743 680 811 Omnia
748 749 1019 830 peccata
1083 745 1388 812 mortalia
1463 753 1898 833 opponuntur
1975 744 2274 813 charitati
2361 747 2828 835 Theologicae,

215 852 462 939 quippe
514 870 663 938 quae
715 851 1014 938 ejusdem
1066 851 1361 921 habitum
1429 853 1494 920 in
1571 854 1783 921 anima
1859 869 2134 940 prorsus
2206 854 2620 940 extiaguunt.
2660 857 2829 926 ·Sed

214 960 593 1046 specialiter
640 966 704 1028 et
755 960 1005 1029 directe
1056 968 1350 1046 pugnant
1403 961 1718 1031 adversus
1765 979 1910 1041 eam
1961 980 2040 1029 ex
2103 961 2163 1028 d.
2245 961 2537 1029 Thoma:
2612 965 2829 1032 odium

213 1068 452 1136 Dei·et
500 1066 805 1155 proximi,
861 1066 1044 1153 quod
1092 1068 1464 1155 opponitur
1509 1069 1633 1155 ipsi
1687 1068 2026 1175 dilectioni
2053 1093 2072 1150 3
2122 1068 2383 1151 invidia,
2419 1087 2570 1155 quae
2606 1090 2828 1158 oppo-
2931 1104 2936 1112 ·

210 1175 393 1243 nitur
441 1174 677 1260 gaudio
729 1175 808 1243 de
857 1175 1052 1243 bono
1088 1177 1427 1262 proximi,-
1493 1177 1827 1259 discordia,
1902 1195 2051 1263 qnae
2127 1176 2490 1263 opponitur
2559 1173 2823 1248 effectui
2905 1199 2908 1202 ·
2999 1181 3014 1204 ³

206 1281 569 1365 charitatiS,
620 1283 729 1367 qui
781 1289 883 1350 est
934 1300 1106 1369 pax:
1154 1284 1491 1366 contentio,
1550 1301 1702 1371 quae
1754 1284 2117 1370 opponitur
2164 1286 2305 1370 paci
2372 1293 2693 1371 quantum
2730 1286 2826 1354 ad

213 1389 666 1472 locutionem3
714 1392 1007 1473 schisma,
1061 1391 1304 1473 bellam,
1352 1391 1508 1458 rixa
1559 1398 1624 1460 et
1671 1391 1906 1474 seditio,
1957 1410 2107 1479 quae
2173 1394 2850 1480 opponuntur-«paci

206 1505 569 1586 qnantum,
596 1495 675 1564 ad
724 1515 892 1583 opus
920 1523 938 1577 3
990 1504 1054 1564 et
1102 1496 1369 1568 demum
1415 1499 1805 1583 scandalum,
1855 1498 2034 1586 quod
2084 1500 2447 1585 opponitur
2513 1500 2820 1584 charitati

211 1612 535 1692 qnantum
583 1602 662 1669 ad
710 1602 1215 1671 beneficentiam
1272 1606 1324 1671 ².
1375 1597 1379 1601 ’

295 1706 643 1771 ndi-nnn
719 1709 955 1777 Odium
1028 1709 1398 1795 generatim
1466 1715 1807 1796 sumptum
1861 1722 1962 1793 ,est
2029 1724 2207 1778 actas
2251 1714 2476 1779 mentis
2522 1714 2820 1799 objectam

205 1817 469 1902 aliquod
497 1817 867 1910 aversantis.
903 1853 991 1865 -
1023 1817 1282 1905 Duplex
1317 1823 1443 1888 est:
1478 1817 1655 1884 aliud
1700 1819 2204 1901 abominationis,
2255 1836 2387 1905 quo
2438 1838 2821 1889 aversamur

150 1943 153 1946 ·
211 1922 502 2008 aliquem
540 1941 630 2018 hex
678 1923 1104 2011 displicentia
1156 1925 1300 2011 ejus
1351 1924 1762 2011 qualitatum,
1814 1926 1964 2011 quia
2014 1907 2169 1993 sunt
2218 1926 2405 1994 malae
2444 1934 2555 1995 aut
2598 1928 2813 1996 noxiae

215 2038 329 2098 aut
378 2031 649 2116 ingratae
700 2032 798 2100 vel
848 2033 914 2100 in
967 2050 1040 2101 se
1097 2031 1196 2100 vel
1246 2032 1441 2100 nobis
1474 2033 1576 2100 vel
1610 2031 1774 2102 aliis.
1823 2032 2014 2100 Aliud
2047 2033 2427 2116 inimicitiae,
2467 2052 2599 2121 quo
2639 2054 2820 2122 aver-

204 2155 435 2207 samur
483 2139 766 2226 aliquem
813 2158 894 2207 ex
942 2139 1360 2224 displicentia
1412 2140 1644 2225 ipsimi,
1696 2139 1892 2226 eique
1939 2140 2185 2208 malum
2233 2141 2563 2224 volumus,
2606 2149 2677 2209 ut
2711 2144 2810 2210 illi

216 2247 461 2316 malum
513 2256 633 2316 est.
686 2251 820 2315 Hac
867 2245 948 2315 de
995 2265 1067 2314 re
1114 2245 1438 2314 dicimus:
2441 2329 2450 2346 δ

373 2358 432 2422 1.
486 2354 725 2422 Odium
777 2353 897 2422 Dei
948 2354 1085 2446 sive
1133 2352 1496 2422 inimicitiae
1570 2353 1705 2421 sive
1777 2355 2288 2425 abominationis
2373 2364 2475 2425 est
2547 2372 2812 2440 semper

198 2462 665 2548 gravissimum
713 2468 1103 2548 peccatum,
1156 2461 1309 2547 quia
1358 2479 1629 2548 semper
1673 2460 2039 2547 opponitur
2103 2464 2340 2548 primo,
2414 2480 2674 2531 summo
2747 2469 2811 2530 et

100 2585 127 2662 ᾖ
195 2569 484 2637 maximo
533 2570 753 2638 bono:
808 2569 1039 2638 Odium
1074 2571 1219 2651 Dei,
1260 2569 1349 2636 ait
1395 2568 1777 2656 AngelicuS,
1826 2582 1914 2637 est
1953 2572 2294 2659 pessimam
2337 2584 2656 2659 peccatum
2689 2571 2807 2638 ho-

189 2677 386 2743 minis
395 2701 420 2755 ,·
467 2677 631 2743 inter
676 2676 809 2743 alia
852 2687 1106 2762 peccata
1151 2675 1413 2761 ‚aravius
1457 2676 1910 2763 pravissimum
1947 2688 2272 2764 peccatum
2321 2680 2374 2744 ὃ.

365 2785 427 2850 2.
479 2783 715 2850 Odium
766 2782 1072 2869 proximi,
1102 2782 1156 2849 si
1208 2781 1292 2849 sit
1342 2782 1858 2851 abominationis
1911 2784 2038 2852 erit
2079 2784 2412 2869 culpabile
2441 2801 2631 2866 casu,
2668 2800 2801 2869 quo

182 2891 331 2960 sine
401 2908 595 2960 causa
668 2890 1120 2976 concipiatur,
1192 2896 1348 2975 puta
1414 2891 1468 2960 si
1541 2891 1643 2958 cui
1718 2891 2061 2978 displiceat
2146 2892 2323 2980 quod
2373 2899 2806 2982 coerceantur

188 2999 389 3082 mali,
441 3017 523 3066 ne
594 2998 738 3066 aliis
790 3003 1092 3065 noceant.
1180 2996 1321 3064 Erit
1370 3016 1525 3065 vero
1583 2997 1912 3066 laudabile
1965 2999 2020 3068 si
2077 2998 2398 3085 procedat
2448 3009 2836 3067 examore-

191 3105 609 3174 rectitudinis
666 3106 852 3191 juxta
925 3102 1086 3171 illud
1115 3105 1626 3192 ,abominantur
1661 3106 1824 3191 justi
1867 3105 2075 3172 viram
2122 3107 2386 3193 impium
2431 3109 2500 3172 ⁴:
2554 3123 2824 3173 caven-

191 3212 352 3281 dum
402 3219 620 3280 tamen
688 3230 771 3280 ne
829 3212 1059 3280 odium
1107 3210 1188 3279 de
1239 3209 1589 3297 qualitate.
1627 3209 1857 3278 evadat
1907 3212 2140 3280 odium
2188 3214 2270 3281 de
2319 3231 2621 3299 persona.

364 3322 426 3388 3.
480 3321 547 3388 Si
599 3320 824 3390 odium
884 3318 1167 3405 proximi
1217 3319 1302 3386 sit
1351 3318 1717 3387 inimicitiae
1768 3319 1892 3386 erit
1941 3321 2225 3389 mortale
2260 3339 2338 3389 ex
2380 3339 2618 3406 genere
2653 3338 2798 3424 suo3

186 3443 341 3497 cum
392 3427 658 3497 directe
730 3428 1175 3497 contrarietur
1244 3425 1588 3508 charitati,
1665 3432 1730 3493 et
1793 3425 2074 3495 suscitet
2122 3427 2323 3495 rixas.
2377 3428 2541 3496 Hinc
2591 3426 2794 3495 illud:

198 3535 436 3618 Omnis,
488 3535 596 3620 qui
641 3534 769 3600 odit
810 3535 1078 3619 fratrem
1123 3551 1327 3614 suum,
1381 3531 1695 3599 homicida
1743 3544 1877 3610 est;
1922 3531 2133 3600 odium
2205 3534 2465 3601 suscitat
2509 3533 2697 3600 rimas
2744 3534 2791 3601 ⁵.

200 3642 431 3710 Potest
480 3648 700 3709 tamen
749 3639 891 3708 fieri
942 3639 1193 3706 veniale
1223 3658 1349 3705 non
1404 3645 1656 3706 tantum
1707 3657 1786 3707 ex
1837 3638 2382 3709 indeliberatione
2431 3647 2639 3723 actuS,
2674 3638 2793 3709 sed

181 3746 387 3814 etiam
437 3765 518 3824 ex
568 3747 833 3817 levitate
883 3745 1222 3813 materiae:
1272 3744 1405 3838 imo
1450 3743 1674 3812 odium
1726 3745 2238 3814 abominationis
2288 3765 2438 3814 raro
2474 3755 2574 3814 est
2607 3759 2790 3814 mor—

182 3857 334 3939 tale,
389 3855 542 3942 quia
594 3872 725 3923 non
778 3856 867 3921 ita
916 3853 1168 3921 directe
1214 3870 1294 3921 ac
1341 3851 1554 3921 vivide
1604 3872 1724 3939 per
1772 3852 1930 3920 illud
1980 3854 2363 3923 vulneratur
2396 3854 2681 3923 charitas
2736 3859 2788 3921 ⁶.

244 4085 266 4126 ¹
307 4086 361 4135 V.
396 4085 701 4150 angelicus,
734 4088 787 4145 2,
816 4087 867 4145 2,
949 4123 960 4134 .
991 4087 1074 4144 26,
1110 4095 1155 4136 a.
1193 4087 1243 4137 9.

239 4148 265 4188 ἱ
296 4151 349 4210 2,
383 4152 431 4208 2,
467 4160 516 4212 q.
550 4150 613 4198 34
642 4150 694 4198 et
724 4159 871 4211 seqq.
952 4160 980 4198 e
1010 4147 1268 4198 discordia
1300 4148 1352 4199 et
1381 4147 1704 4198 contentione
1736 4145 1857 4199 vide
1909 4145 2021 4198 Lib.
2055 4160 2093 4209 1,
2145 4159 2200 4199 n.
2254 4149 2376 4211 9373
2427 4146 2493 4198 de
2540 4147 2786 4212 seditione

175 4212 306 4264 item
342 4210 454 4261 Lib.
484 4222 523 4270 t,
560 4222 611 4260 n.
645 4211 740 4261 357
758 4221 774 4272 3
809 4215 875 4262 de
906 4210 1120 4270 invidia,
1153 4219 1210 4259 n.
1242 4213 1355 4261 816.

241 4274 264 4313 ⁸
296 4277 346 4334 Ξ,
380 4276 429 4333 2,
464 4283 516 4335 q.
551 4273 629 4332 34,
666 4282 714 4323 a.
752 4275 797 4323 1.
830 4298 895 4310 -
934 4271 990 4322 V.
1027 4272 1191 4335 staps,
1225 4273 1251 4335 ς
1282 4272 1392 4324 Ξὶι.
2260 4269 2288 4311 ⁴
2320 4271 2476 4323 Prov.
2512 4283 2661 4322 xxix.

241 4335 265 4376 ⁸
297 4350 333 4399 ι,
362 4335 438 4400 lo.
472 4346 563 4397 ¹¹¹3
598 4335 753 4385 Prov.
791 4346 845 4385 x.
882 4335 969 4385 Tri
1010 4334 1094 4385 lex
1127 4343 1316 4395 nempe
1347 4335 1429 4384 est
1459 4333 1847 4386 homicidium:
1881 4332 2111 4395 primum
2144 4334 2387 4396 corporis
2441 4334 2585 4398 quod
2647 4334 2785 4387 tollit

173 4397 345 4451 vitam
377 4396 747 4460 corporalem3
783 4407 950 4450 secun
991 4409 1079 4448 um
1114 4396 1289 4456 lamae,
1323 4396 1467 4459 quod
1503 4394 1640 4447 tollit
1672 4395 1841 4446 vitam
1877 4394 2118 4457 civilem,
2177 4396 2395 4448 tertium
2448 4389 2577 4459 odii,
2629 4395 2779 4462 quod

174 4461 315 4513 tollit
345 4460 511 4512 vitam
547 4459 765 4510 affectus
819 4470 913 4511 seu
949 4457 1169 4510 amoris.

240 4524 264 4563 ⁸
296 4525 417 4574 Haec
449 4521 589 4573 dicta
619 4522 727 4573 sint
758 4495 824 4573 de
856 4521 982 4572 odio
1017 4519 1203 4571 morali
1236 4530 1298 4571 ac
1330 4519 1603 4583 religios03
1639 4529 1749 4569 non
1780 4520 1958 4593 autem
1992 4518 2057 4571 de
2089 4520 2202 4571 odio
2216 4520 2447 4581 pontico,
2487 4523 2548 4573 ut
2569 4524 2779 4582 vocant,

173 4585 324 4648 quod
358 4585 542 4647 utique
574 4583 864 4645 legitimum
898 4587 997 4646 est,
1033 4583 1077 4635 si
1115 4593 1244 4634 vera
1276 4581 1416 4634 adsit
1449 4592 1648 4643 causa3
1685 4581 1788 4631 boc
1820 4593 1963 4632 enim
1997 4581 2182 4634 odium
2217 4593 2326 4633 non
2373 4583 2454 4634 est
2510 4583 2779 4635 aversatio

122 4677 133 4686 -
173 4657 440 4711 personae,
475 4645 567 4696 sed
601 4647 803 4709 proprii
829 4645 966 4708 juris
996 4644 1307 4698 vindicatio.
1343 4645 1410 4696 Et
1440 4644 1564 4696 licet
1596 4647 1651 4694 in
1685 4643 1897 4696 Christo
1924 4645 2050 4696 Iesu
2081 4644 2231 4696 nulla
2267 4643 2337 4695 sit
2386 4643 2661 4699 distinctio
2694 4644 2773 4697 in·
