3292 5167
1192 281 1207 294 ·
1237 276 1694 321 annom-arnonas
2681 259 2814 325 {87

211 365 501 454 ssnando:
538 382 851 439 sacrenon
892 376 966 440 de
1005 374 1185 453 Dieu,
1228 376 1339 456 sed
1386 393 1502 441 nec
1547 392 1805 441 sensum
1855 378 2272 458 intelligunt3
2340 378 2450 443 alii
2496 388 2812 446 sacrenon

218 453 443 533 absque
487 455 740 530 addito;
803 457 913 520 alii
963 462 1103 519 tron
1159 457 1228 521 di
1271 457 1424 520 Dio:
1488 473 1628 539 quae
1675 456 2034 522 locutiones
2078 476 2191 538 per
2255 476 2324 523 se
2372 461 2630 524 veniale
2677 478 2808 525 non

214 535 536 599 excedunt.
583 535 761 599 Idem
805 548 901 600 est
944 537 1024 598 de
1068 535 1198 600 illis
1244 541 1426 600 sacre
1465 555 1606 601 nom
1648 539 1720 602 de
1761 536 1943 614 Dieu,
1991 547 2173 604 sacre
2201 540 2404 614 Diem
2450 550 2603 605 sunt
2633 542 2811 606 enim

224 631 377 678 vanae
425 619 879 698 usurpationes
925 616 1214 681 Nominis
1260 619 1392 694 Dei,
1438 634 1646 699 neque
1727 619 1967 682 raviter
2009 620 2351 686 offendunt
2392 621 2613 684 fideles
2645 623 2806 699 (nisi
2911 613 2924 626 ’

216 705 411 758 essent
456 698 882 761 ecclesiastici
929 699 1036 778 qui
1082 715 1154 762 ea
1202 698 1619 780 proterrent).
1719 714 1790 762 ec
1835 699 2037 763 refert
2074 702 2242 782 quod
2290 701 2397 763 illa
2433 703 2627 766 verba
2668 719 2808 783 pro·

226 778 492 840 ferantur
535 797 617 841 ex
662 782 843 858 gravi
891 779 1007 853 ira,
1056 780 1203 860 quia
1260 781 1395 843 haec
1442 779 1688 843 directe
1733 795 1861 841 non
1907 780 2118 844 tendit
2163 782 2227 844 in
2297 782 2520 858 Deum,
2563 783 2674 848 sed
2739 786 2808 847 in

224 859 523 921 hominem
570 859 670 922 vel
719 859 1042 933 'umenta;
1086 860 1256 923 unde
1315 867 1507 924 erunt
1551 860 1848 923 mortalia
1914 862 2165 923 ratione
2214 864 2348 938 irai,
2414 879 2541 924 non
2593 871 2806 928 tamen

218 937 633 1018 blasphemiae.
743 947 966 1014 ons-set,
1013 938 1209 1021 Gury,
1247 940 1402 1015 l'oit,
1452 938 1755 1017 Sanehez,
1804 939 2169 1021 Roncaytia,
2214 943 2491 1023 Liquori,
2535 942 2800 1009 Tambu·

216 1019 342 1081 riui.
384 1018 547 1082 Item
594 1020 752 1101 Ody,
794 1021 850 1083 Il
892 1020 1191 1083 directore
1233 1019 1704 1101 dell'infanzia‚
1748 1038 1804 1101 p.
1857 1022 1941 1097 1⁸,
1991 1036 2041 1084 c.
2088 1039 2174 1100 w,
2216 1039 2271 1086 a.
2317 1024 2376 1101 3,
2424 1023 2458 1105 3
2503 1024 2559 1086 4.
2613 1095 2620 1102 ,

349 1099 410 1179 s)
455 1100 867 1179 Regulariter
912 1101 1305 1181 blasphemia
1364 1101 1556 1165 etiam
1614 1119 1757 1182 Joco
1825 1101 2069 1181 prolata
2135 1112 2232 1166 est
2295 1103 2608 1180 mortalis,
2674 1104 2803 1168 nisi

210 1181 367 1258 jocus
413 1181 678 1246 tolleret
720 1198 975 1244 omnem
1007 1183 1324 1244 rationem
1372 1184 1819 1245 irreverentiae
1854 1184 1917 1243 in
1959 1182 2180 1259 Deum,
2219 1192 2288 1247 ut
2332 1186 2382 1246 si
2431 1185 2573 1264 quis
2606 1199 2797 1249 causa

217 1260 323 1336 joci
366 1261 470 1323 vel
520 1264 848 1325 irrisionis
888 1262 1139 1341 jnraret
1183 1280 1295 1342 per
1333 1262 1527 1326 falsos
1574 1263 1773 1326 Deos:
1819 1262 1942 1324 hoc
1991 1271 2199 1327 tamen
2250 1281 2395 1327 raro
2441 1266 2679 1328 evenit.

286 1339 480 1403 277.
530 1340 942 1404 Remedia
1003 1342 1417 1405 adven-sus
1476 1339 2094 1424 blasphemias*
2154 1344 2433 1407 remedia
2501 1345 2805 1409 adversus

214 1424 632 1502 blasphemias
678 1423 918 1502 duplici
984 1433 1135 1487 sunt
1177 1425 1468 1503 generis:
1513 1425 1638 1487 alia
1687 1425 2041 1504 respiciunt
2076 1427 2443 1505 proeteritas
2479 1428 2799 1506 castigan-

210 1506 325 1581 das,
365 1504 487 1567 alia
540 1522 695 1568 vero
740 1504 999 1584 suturas
1044 1505 1514 1583 praecavendas.

273 1585 360 1650 Ad
398 1587 621 1664 prima
665 1583 829 1664 quod
880 1585 1129 1662 attinet,
1174 1595 1416 1664 praeter
1455 1594 1756 1648 consueta
1807 1598 2026 1651 contra
2073 1587 2230 1648 vitia
2278 1586 2521 1661 omnia,
2564 1602 2801 1666 nempe

212 1669 577 1742 orationem,
618 1665 961 1746 jejunium,
1008 1665 1506 1745 eleemosynam,
1566 1666 1815 1729 utiliter
1858 1685 1892 1731 3
1960 1666 2360 1730 confessario
2400 1667 2802 1746 injungetur,

216 1759 273 1812 ut
307 1747 790 1826 blasphemator
830 1748 1021 1808 toties
1065 1746 1140 1808 ad
1187 1747 1380 1825 pedes
1425 1747 1728 1809 Crucifixi
1775 1750 2165 1825 genuflectat
2208 1755 2272 1808 et
2316 1749 2571 1809 veniam
2617 1747 2797 1811 effla·

212 1832 369 1907 gitet,
408 1827 515 1890 vel
570 1829 759 1889 toties
804 1826 1082 1905 aliquam
1126 1827 1236 1889 Dei
1286 1825 1540 1890 laudem
1588 1835 1700 1889 aut
1742 1833 2100 1891 orationem
2134 1828 2384 1904 recitet,
2421 1830 2673 1906 quoties
2707 1828 2797 1892 la-

224 1926 344 1988 psus
382 1917 478 1970 est
534 1910 601 1969 in
650 1907 1119 1986 blasphemias3
1165 1910 1405 1970 etenim
1452 1923 1637 1987 poena
1678 1920 1968 1972 removet
2011 1925 2043 1971 a
2090 1907 2296 1986 culpa.

286 1989 474 2064 Quoad
553 1990 829 2052 secunda
892 1986 1101 2050 eidem
1146 1992 1578 2068 praecipiatur,
1622 1998 1687 2050 et
1713 1991 1883 2052 serio
1909 1991 2247 2067 recogitet:
2285 1987 2347 2068 1)
2374 1985 2686 2051 malitiam
2732 1993 2798 2053 et

230 2073 584 2145 gravitatem
655 2070 815 2145 vitii,
879 2068 1047 2147 quod
1115 2068 1350 2130 diaboli
1417 2080 1481 2130 et
1545 2070 1992 2133 damnatorum
2035 2071 2157 2130 ‘est
2201 2071 2552 2148 proprium,
2613 2069 2796 2147 juxta

240 2150 363 2214 illud
400 2151 474 2212 de
534 2150 816 2212 dracone
862 2147 1199 2210 infernali:
1243 2149 1513 2229 Aperuit
1553 2169 1617 2212 os
1662 2168 1843 2212 suum
1888 2151 1955 2213 in
2001 2148 2422 2230 blasphemias,
2479 2150 2560 2211 ad
2604 2149 2798 2213 Deum

230 2233 407 2310 (Apoo.
438 2231 648 2308 '1111);
691 2231 757 2309 2)
803 2245 942 2309 quae
987 2236 1051 2290 et
1094 2239 1326 2308 quanta
1394 2233 1716 2309 irrogetur
1781 2232 2208 2294 irreverentia
2256 2229 2686 2292 Sacramentis
2731 2242 2804 2295 et-

226 2310 496 2390 Sanguini
556 2310 815 2386 Christi,
860 2311 1114 2372 dicente
1159 2309 1651 2390 chrysostomo:
1698 2310 1903 2374 Tanta
1946 2319 2041 2374 est
2084 2311 2150 2373 in
2197 2309 2581 2390 blasphemia
2627 2311 2780 2374 irre·

222 2396 465 2456 verentia
506 2409 665 2472 erqo
701 2391 921 2467 Sacra,
950 2408 1133 2470 quam
1164 2392 1222 2453 si
1257 2390 1380 2453 hoec
1409 2394 1616 2454 omnia
1651 2392 1910 2469 pedibus
1935 2391 2496 2462 conculcarentur;
2529 2390 2594 2468 3)
2626 2389 2795 2471 quod

223 2472 687 2552 blasphemandi
737 2471 1129 2533 consuetudo
1175 2480 1272 2534 est
1335 2474 1535 2551 magis
1602 2483 1846 2534 certum
1893 2473 2367 2553 reprobationis
2433 2481 2497 2531 et
2556 2470 2794 2534 futurae

225 2554 601 2617 infelicitatis
647 2553 946 2631 signum;
988 2568 1135 2614 nam
1180 2553 1716 2631 quemadmodum
1769 2554 1884 2614 fllii
1930 2554 2040 2616 Dei
2090 2552 2327 2613 divinis
2367 2550 2663 2614 laudibus
2704 2569 2795 2615 as-

217 2637 353 2697 sueti
398 2651 507 2696 eos
554 2633 904 2696 addiscunt
946 2634 1237 2712 hymnos,
1282 2650 1550 2714 quorum
1599 2641 1918 2696 concentu
1963 2633 2459 2696 delectabuntur
2496 2633 2560 2692 in
2595 2631 2794 2708 coelo;

221 2718 287 2777 ita
325 2714 435 2776 filii
482 2713 733 2777 diaboli
784 2715 1152 2793 turpissima
1201 2713 1307 2776 illa
1354 2716 1601 2776 cantica
1646 2714 2010 2790 addiscunt,
2071 2729 2213 2793 qnae
2263 2710 2587 2775 maledicti
2654 2730 2792 2776 eru-

214 2794 451 2859 ctabunt
494 2795 950 2857 indesinenter
994 2795 1059 2855 in
1106 2793 1355 2856 inferis.
1400 2793 1692 2856 Pontifici
1764 2797 1826 2855 in
1886 2812 1960 2857 eo
2028 2796 2143 2857 toti
2198 2793 2485 2867 fuerunt,
2555 2803 2627 2855 ut
2673 2794 2795 2856 hoc

216 2874 540 2938 nefandum
593 2873 804 2938 scelus
848 2891 1108 2954 prorsus
1152 2867 1555 2953 ext'i'rpar'ent
1598 2892 1627 2935 a
1678 2876 2028 2938 christiana
2096 2883 2326 2952 gente3
2391 2874 2508 2934 hac
2574 2874 2654 2935 de
2721 2891 2793 2936 re

218 2956 339 3020 vide
376 2956 586 3019 Breve
632 2955 731 3017 Ad
767 2951 1119 3018 execrabile
1161 2954 1490 3018 Benedicti
1538 2954 1698 3017 xlv.
1742 2956 1819 3017 Et
1863 2955 2012 3020 Pius
2056 2954 2137 3018 IX
2198 2958 2569 3016 societatem
2615 2954 2793 3016 insti·

217 3037 319 3099 tuit
352 3049 578 3100 contra
626 3034 1074 3115 blasphemias.
1122 3069 1200 3081 -
1234 3035 1304 3098 V.
1335 3035 1424 3097 La
1470 3034 1846 3112 bestemmia,
1878 3046 2265 3099 avvertenze
2300 3033 2357 3098 al
2389 3033 2638 3113 popolo.
2675 3034 2787 3097 To·

217 3118 352 3193 rino,
394 3118 575 3182 1856.
620 3151 700 3162 —-
744 3115 1081 3192 Salvatori‚
1125 3115 1480 3178 Ista-azioni
1517 3120 1623 3196 pei
1666 3115 1897 3179 novelli
1939 3115 2300 3197 consessori,
2346 3115 2378 3196 g
2414 3114 2510 3176 24.

293 3222 314 3251 ι
350 3196 443 3260 Un
492 3200 669 3261 ricco
714 3198 1043 3260 marchese
1090 3196 1319 3261 caduto
1362 3197 1726 3274 ammalatO,
1768 3197 2063 3260 mandata
2103 3213 2136 3259 a
2169 3198 2494 3258 chiamare
2539 3210 2664 3257 333
2700 3210 2793 3257 re·

218 3276 411 3357 ligiosa
459 3295 578 3356 per
625 3278 682 3341 la
730 3280 987 3357 propria
1040 3293 1215 3352 cura,
1283 3292 1431 3339 ecco
1478 3277 1597 3341 che
1643 3277 1704 3340 al
1750 3279 1956 3356 primo
2002 3276 2384 3355 svilupparsi
2453 3273 2558 3336 del
2604 3274 2791 3353 male,

214 3357 283 3433 ei,
317 3357 523 3421 ch’era
597 3368 763 3421 stato
808 3359 1111 3434 militare,
1155 3359 1205 3419 si
1255 3366 1450 3420 mette
1496 3374 1529 3420 3
1575 3358 2028 3422 bestemmiare
2092 3374 2270 3420 come
2337 3371 2422 3419 un
2470 3356 2790 3436 demonio,

214 3436 349 3500 colla
393 3442 832 3519 presunzione
877 3440 996 3500 che
1042 3440 1140 3501 cio
1184 3440 1471 3517 giovasse
1517 3453 1549 3500 3
1597 3439 1876 3502 calmare
1924 3442 1939 3501 i
1989 3438 2128 3501 suoi
2175 3436 2656 3500 reumatismi....
2703 3436 2788 3500 La

216 3533 377 3582 soora
420 3520 737 3599 riprende
780 3520 1064 3583 animosa
1112 3519 1518 3582 l’ammalato.
1581 3545 1601 3572 ι
1647 3510 1791 3581 Che'
1823 3519 2030 3583 volete
2076 3517 2256 3593 tarci,
2321 3517 2529 3581 buona
2579 3535 2788 3594 soora,

218 3623 235 3646 ·
282 3600 558 3680 rispose3
600 3617 727 3662 non
759 3602 815 3662 ci
862 3591 1132 3663 bachte:
1181 3601 1283 3661 noi
1320 3600 1589 3663 militari
1628 3599 1827 3661 siamo‘
1859 3600 2195 3662 costumati
2233 3614 2263 3661 a
2295 3597 2796 3675 bestemmiare3

216 3702 237 3728 ι
282 3695 379 3743 ora
422 3682 460 3743 e
504 3689 740 3760 troppo
798 3680 966 3743 tardi
1011 3697 1126 3760 per
1191 3681 1626 3764 emendarmi;
1671 3679 2033 3743 d'altronde
2079 3682 2162 3742 mi
2230 3682 2266 3741 e
2314 3680 2412 3740 cio
2459 3678 2520 3741 di
2584 3677 2792 3740 sollie-

218 3781 237 3807 ·
279 3775 369 3821 vo.
409 3786 433 3816 ι
489 3795 573 3806 -
632 3787 655 3816 ι
697 3759 1051 3824 Sousatemi
1095 3777 1274 3823 come
1321 3760 1685 3842 v'aggrada,
1729 3761 1968 3841 replico
2003 3760 2058 3824 la
2106 3776 2337 3834 suora3
2381 3774 2479 3822 ma
2529 3774 2656 3820 non
2689 3759 2788 3819 vo’

220 3861 237 3889 ι
281 3840 381 3919 piu
423 3842 702 3904 sentirvi
748 3857 781 3903 3
828 3841 1313 3916 bestemmiare3
1373 3859 1409 3905 e
1452 3842 1516 3904 vi
1559 3850 1843 3921 protesto
1889 3843 2006 3905 che
2073 3839 2148 3903 ad
2217 3841 2364 3919 ogni
2410 3839 2789 3902 bestemmia

220 3943 237 3968 ·
281 3920 475 3984 andro
512 3938 547 3985 3
599 3922 811 3984 levare
872 3922 977 3984 dal
1024 3931 1236 3984 vostro
1282 3924 1538 4002 scrigno
1585 3925 1815 4001 cinque
1881 3921 2142 3984 franchi
2193 3925 2292 3999 pei
2339 3920 2578 3999 poveri.
2626 3941 2647 3971 ι
2705 3917 2789 3982 La

220 3995 436 4064 lezione
496 4002 565 4065 su
610 4003 1041 4082 profittevole,
1090 4019 1124 4064 e
1168 4001 1631 4082 l'impossibile
1677 4003 1958 4066 divenne
1996 4000 2507 4083 possibilissimo‚
2549 3998 2790 4076 perche

222 4077 283 4142 da
318 4081 534 4161 quello
582 4084 863 4146 instante
909 4085 975 4146 in
1022 4084 1122 4162 poi
1173 4082 1228 4146 la
1276 4085 1575 4163 religiosa
1621 4097 1749 4145 non
1797 4083 1908 4146 ndi
1955 4084 2064 4162 piu
2100 4082 2146 4145 il
2194 4079 2409 4143 nobile
2455 4080 2789 4142 marchese

218 4175 249 4217 a
280 4158 787 4226 bestemmiare...
833 4162 1080 4227 Purche
1126 4163 1384 4244 dunque
1430 4165 1906 4228 sinceramente
1953 4164 1994 4225 il
2056 4178 2134 4223 vo
2182 4161 2355 4236 liate,
2397 4160 2460 4221 vi
2531 4161 2788 4224 tornera

226 4235 386 4304 iacile
429 4242 477 4304 il
523 4246 956 4323 correggervi,
1019 4242 1482 4323 coll'imporvi,
1540 4262 1596 4324 p.
1641 4262 1720 4321 e.‚
1787 4260 1907 4307 333
1976 4245 2214 4324 piccoa
2277 4240 2612 4320 penitenza
2674 4257 2788 4321 per

226 4324 351 4397 ogni
394 4322 771 4387 bestemmia
821 4325 939 4388 che
981 4327 1044 4386 vi
1092 4325 1154 4387 fu
1204 4327 1339 4403 gira
1387 4325 1448 4387 di
1500 4326 1710 4401 bocca,
1753 4324 1849 4387 col
1896 4338 2167 4405 pensare
2212 4322 2467 4385 almeno
2497 4338 2531 4384 3
2566 4323 2781 4385 ritrat-

226 4397 376 4480 urla,
416 4417 453 4466 e
497 4402 641 4466 dire
683 4421 717 4469 a
763 4407 863 4467 voi
909 4405 1126 4469 stessi:
1214 4424 1245 4468 o
1288 4406 1557 4486 sallato,·
1601 4421 1837 4467 ovvero
1882 4403 1980 4469 col
2027 4405 2164 4467 fare
2193 4401 2420 4466 alcuna
2466 4417 2634 4480 cosa,
2668 4402 2789 4466 che

229 4477 379 4560 vatga
424 4499 457 4545 a
503 4483 915 4549 richiamarvi
962 4486 1021 4550 al
1069 4485 1326 4551 dovere.

285 4581 306 4613 ι
352 4559 445 4625 Un
490 4563 657 4628 altro
726 4567 1008 4646 esempio
1057 4569 1157 4646 pei
1204 4565 1571 4630 contadini:
1620 4564 1717 4628 Un
1771 4563 2176 4627 Missionario
2238 4560 2304 4626 di
2355 4562 2554 4626 molto
2600 4561 2787 4642 grido

219 4635 357 4704 dara
397 4641 484 4721 gli
530 4644 807 4712 Esercizi
845 4648 913 4708 in
958 4662 1079 4711 una
1127 4663 1499 4729 campagna,
1548 4644 1804 4726 quando
1851 4661 1937 4708 un
1982 4644 2180 4709 bravo
2225 4641 2614 4724 agricoltore
2651 4641 2718 4705 fu
2751 4658 2785 4704 3

225 4722 494 4804 trevario,
527 4742 640 4807 per
682 4725 1152 4808 manifestargli
1199 4727 1256 4791 la
1304 4744 1462 4809 gran
1509 4742 1672 4807 pena
1717 4726 1882 4791 ch'ei
1926 4721 2199 4807 provava
2233 4739 2360 4806 ‘per
2391 4739 2520 4786 non
2566 4736 2788 4785 essere
