3292 5167
1185 269 1643 353 sonos-armum
1991 267 2000 279 ’
2597 285 2714 352 191

173 409 263 474 sod
288 408 423 471 sine
458 405 722 470 alterins
751 404 1256 487 repromissione
1278 407 1312 469 ‘l
1359 406 1582 472 Plures
1610 413 1836 469 contra
1870 405 2087 485 plures
2116 405 2514 486 probabilius
2545 415 2724 471 tuen-

172 501 256 555 tur
292 504 413 550 non
448 504 589 550 esse
631 488 972 550 simoniam
1017 487 1562 564 confidentialem,
1619 489 1768 566 quia
1815 486 1998 552 deest
2062 489 2271 566 pactio
2326 504 2407 550 ex
2451 498 2724 568 utraque

238 576 319 633 rte
360 567 760 647 obligatoria.
803 567 1019 647 Neque
1064 568 1294 645 obstat,
1338 578 1409 632 ut
1443 567 1690 644 dicunt,
1735 566 1902 647 quod
1937 569 2002 629 in
2049 567 2230 631 Bulla
2280 568 2529 631 dicatur
2574 585 2724 633 con-

212 651 464 713 dentiam
495 650 913 711 simoniacam
943 664 1105 724 esse,
1134 649 1388 712 etiamsi
1421 649 1591 712 adsit
1619 649 1756 711 sola
1791 648 2169 710 dimittentis
2200 650 2501 722 intentio‚·
2544 650 2726 729 ajunt

182 730 227 795 id
255 730 368 792 dici
398 730 568 808 quia,
598 730 961 791 intentione
1017 729 1215 791 semel
1272 729 1706 804 manifestata,
1743 730 2161 807 praesumitur
2191 732 2454 792 simonia
2500 731 2725 793 adesse

181 814 225 874 in
258 810 379 872 soro
423 818 718 872 externo.
785 807 981 872 Secus
1025 817 1240 873 tamen
1297 810 1668 887 dicendum,
1714 810 2001 871 advertit
2045 808 2255 885 Croix,
2301 814 2351 872 si
2417 809 2528 873 ille
2572 814 2726 875 resi·

178 899 291 971 guet
325 890 658 952 declarans
699 887 890 964 velle,
934 896 1006 952 ut
1049 891 1335 954 solvatur
1353 895 1606 1030 lpensio
1651 907 1731 952 ex
1775 888 2113 965 fructibus,
2144 893 2289 969 quia
2337 891 2458 953 boc
2501 900 2598 954 est
2638 892 2718 952 si-

176 978 397 1052 gnanter
438 985 817 1049 expressum
860 972 928 1031 in
972 969 1172 1033 Bulla.
1215 1004 1296 1016 -
1397 1021 1410 1032 .
1457 971 1737 1049 Liguori‚
1809 970 1975 1049 Opus
2019 970 2200 1048 Mor„
2267 969 2308 1034 l.
2353 988 2450 1050 111,
2493 986 2601 1034 nn.
2645 972 2724 1035 85

174 1062 218 1114 et
246 1052 327 1114 86.
368 1084 446 1095 —
488 1051 815 1125 Ferraris3
862 1050 932 1113 V.
979 1049 1280 1127 Simonia,
1332 1061 1451 1116 art.
1496 1054 1552 1114 2.

224 1130 559 1194 Notandum
625 1139 862 1205 autem,
910 1130 1078 1210 quod
1124 1131 1309 1195 valde
1354 1130 1687 1213 probabile
1739 1139 1835 1194 est
1900 1146 2033 1192 non
2097 1147 2237 1194 esse
2301 1131 2622 1209 illicitum,
2666 1133 2723 1195 si

172 1213 476 1289 resignans,
542 1212 740 1274 etiam
827 1213 892 1273 in
958 1210 1183 1274 eadem
1249 1214 1752 1288 renuntiatione,
1818 1210 2101 1273 declaret
2155 1211 2465 1291 Episcopo
2538 1229 2723 1276 suum

168 1293 512 1354 desiderium
558 1291 729 1372 quod
774 1292 1169 1355 Beneficium
1245 1293 1653 1356 conferretur
1691 1302 1882 1361 certae
1928 1308 2242 1370 personae,
2300 1293 2488 1354 modo
2553 1295 2725 1356 absit

168 1388 316 1435 omne
355 1382 612 1452 pactum
659 1372 738 1434 de
782 1389 906 1453 quo
949 1372 1339 1453 intelligitur
1382 1375 1589 1439 Motus
1629 1375 1924 1453 proprius
1972 1371 2062 1434 Pii
2108 1372 2190 1449 V33
2240 1389 2383 1435 nam
2424 1381 2577 1436 tunc
2621 1390 2721 1437 re·

168 1469 276 1516 vera
318 1453 718 1515 renuntiatio
760 1453 833 1515 fit
890 1453 1295 1532 simpliciter,
1339 1463 1405 1518 et
1433 1455 1783 1534 Episcopus
1820 1453 1986 1516 liber
2017 1461 2114 1515 est
2144 1454 2224 1515 ad
2256 1454 2722 1518 conferendum

167 1532 508 1597 Beneficium
555 1533 661 1595 cni
704 1533 862 1596 vult.
908 1532 1033 1596 Sed
1081 1535 1346 1598 dubium
1393 1545 1511 1608 est,
1560 1551 1641 1597 an
1690 1535 1856 1597 tacta
1902 1534 2344 1611 resignatione
2388 1550 2533 1597 cum
2579 1551 2723 1597 con·

165 1614 367 1677 ditione
410 1616 472 1676 in
523 1613 817 1677 favorem
862 1614 1038 1678 tertii
1089 1617 1151 1676 in
1199 1631 1393 1679 manu
1456 1616 1778 1694 Episcopi,
1821 1618 2022 1694 possit
2065 1616 2171 1677 bic
2235 1614 2578 1678 admittere
2621 1632 2722 1680 re·

166 1695 543 1775 signationem
596 1694 972 1758 conditione
1027 1696 1292 1774 rejecta,
1347 1706 1412 1759 et
1466 1696 1857 1759 Beneficium
1905 1695 2203 1757 conferre
2247 1697 2344 1758 cui
2392 1695 2723 1759 voluerit?

162 1775 257 1840 Alii
294 1792 424 1838 eum
467 1775 785 1851 Sancbez,
828 1774 999 1853 Soto,
1035 1775 1273 1855 Sylvio,
1316 1795 1363 1839 s.
1408 1778 1736 1839 Antonino
1779 1776 2139 1850 affirmant3
2182 1777 2330 1854 quia
2380 1775 2528 1838 talis
2573 1793 2722 1839 con·

142 1856 287 1917 ,ditio
330 1865 635 1934 tanquam
685 1857 891 1935 turpis
932 1855 1206 1920 babetur
1267 1859 1358 1920 uti
1426 1873 1556 1920 non
1606 1857 1872 1936 adJecta.
1923 1856 2046 1919 Alii
2095 1865 2336 1935 negant
2378 1873 2519 1919 cum
2565 1855 2715 1920 Sua-

169 1952 273 2011 rcz,
305 1937 529 2011 Lessio,
576 1935 1218 2014 salmanticensibus,
1248 1946 1402 2011 etc..
1445 1939 1591 2016 quia
1642 1951 1769 1999 non
1815 1945 2020 2015 potest
2056 1938 2409 2015 resignatio
2444 1954 2557 2016 pro
2591 1954 2719 2001 una

172 2026 316 2156 {arte
348 2017 623 2093 admitti,
668 2024 735 2080 et
778 2033 892 2097 pro
937 2016 1058 2080 alia
1106 2019 1310 2089 rejici.
1376 2018 1656 2097 Utraque
1705 2020 2024 2081 sententia
2091 2028 2188 2079 est
2232 2017 2599 2097 probabilis
2644 2054 2721 2062 —

215 2114 398 2238 1ἒὲἓῖ
434 2097 1303 2250 3Ῡᾈ.Μὲζι”ἀιιὶηξῖιῖιέάαῗ4άε
1344 2179 1613 2241 simonia
1642 2178 2011 2257 Episcopus,
2045 2179 2156 2256 qui
2183 2177 2558 2256 Beneficium
2586 2195 2721 2241 eon·

171 2256 273 2335 sert
300 2258 504 2320 clerico
552 2260 628 2320 in
673 2260 1156 2337 recoquitionem
1196 2260 1620 2339 gratitudinis
1656 2258 1730 2322 ob
1772 2260 2129 2337 praestitum
2171 2256 2532 2337 obsequium
2557 2263 2588 2321 9

229 2337 280 2398 R.
315 2339 660 2418 Negative3
706 2354 851 2401 nam
896 2349 966 2402 ut
1008 2343 1097 2401 ait
1133 2338 1388 2414 Suarez‚
1434 2356 1559 2401 non
1608 2340 1718 2402 dat
1776 2349 2072 2417 tanquam
2140 2339 2566 2401 determinate
2612 2339 2718 2402 de·

166 2416 339 2479 bitum.
379 2420 453 2481 Et
495 2419 933 2499 quodcunque
983 2420 1369 2481 Beneficium
1408 2420 1559 2482 licet
1590 2425 1847 2482 maneat
1881 2420 2251 2499 gratuitum,
2291 2419 2369 2480 de
2402 2436 2469 2481 se
2509 2431 2720 2482 tamen

167 2512 369 2577 semper
412 2510 643 2563 natum
691 2511 789 2563 est
832 2502 905 2561 ad
956 2499 1456 2578 extinguendam
1505 2500 1992 2578 ‘obligationem
2055 2500 2471 2578 gratitudinis
2533 2511 2718 2569 antea

163 2588 526 2643 contractam.
580 2581 747 2643 Hinc
794 2582 855 2642 in
901 2596 1035 2660 cap.
1090 2581 1218 2643 Tua
1263 2597 1375 2643 nos
1402 2597 1600 2643 xxxiv
1648 2580 1944 2642 Pontifex
1987 2581 2066 2641 de
2110 2597 2186 2641 eo
2244 2585 2349 2660 qui
2396 2580 2559 2644 bona
2607 2595 2717 2644 sua

162 2658 390 2722 offerens
430 2661 751 2724 Ecclesiae
795 2661 1044 2723 admitti
1092 2662 1348 2739 petebat
1392 2663 1455 2723 in
1496 2660 1908 2736 canonicum,
1955 2661 2327 2739 respondit:
2375 2659 2445 2721 Si
2470 2679 2626 2741 pure
2661 2669 2724 2723 et

159 2740 259 2802 sine
288 2749 464 2819 pacto
508 2742 613 2805 vel
676 2743 1025 2804 conditione
1067 2741 1347 2821 qualibet
1386 2743 1631 2822 offerat,
1681 2759 1910 2821 repam
1954 2742 2304 2818 humiliter,
2352 2749 2427 2803 ut
2490 2743 2554 2805 in
2604 2742 2715 2805 Ca·

160 2821 403 2883 nanicum
444 2824 862 2899 admittatur,
886 2821 1247 2900 hujusmodi
1290 2823 1558 2902 receptio
1599 2823 1740 2901 fieri
1777 2823 1989 2902 potuit
2027 2820 2262 2901 absque
2304 2824 2600 2903 scrupulo
2644 2824 2722 2885 si·

158 2902 403 2964 miacoe
442 2904 822 2983 pravitatis.
871 2937 949 2948 -—
1006 2903 1066 2962 V.
1116 2903 1396 2981 Lignori,
1445 2902 1551 2982 Op.
1596 2903 1777 2978 Mor„
1824 2902 1862 2964 l.
1895 2920 1993 2979 111,
2041 2920 2100 2964 n.
2144 2904 2240 2965 61.

213 2979 404 3042 286.
450 2984 520 3057 Q.
568 2985 627 3045 5.
676 2982 842 3055 Quid
878 2983 1328 3059 resolvendum,
1386 2984 1445 3045 si
1489 2984 1628 3062 quis
1669 2985 2006 3063 promittat
2064 2984 2393 3062 pecuniam
2455 2983 2525 3044 in
2567 2983 2715 3045 elee-

158 3075 427 3142 mosynam
452 3064 852 3145 pauperibus
896 3064 1296 3144 eroqandam,
1343 3065 1401 3125 si
1444 3071 1513 3126 tu
1551 3064 1652 3126 illi
1694 3063 2006 3128 obtinebis
2037 3065 2461 3142 Beneficium?

213 3140 268 3203 lt
308 3142 462 3206 Sunt
508 3146 622 3224 qui
672 3144 1025 3206 difficulter
1071 3145 1130 3205 id
1179 3152 1509 3209 excusant.
1559 3147 1707 3224 quia
1752 3155 1849 3207 est
1893 3161 2114 3208 verum
2148 3146 2428 3221 pretium
2476 3152 2717 3222 tempo·

161 3220 260 3283 rale
285 3239 389 3302 pro
426 3225 758 3304 spirituali
794 3224 1143 3287 obtinendo
1176 3226 1352 3286 inani
1394 3228 1656 3286 nomine
1687 3225 2115 3305 eleemosynae
2149 3223 2447 3287 velatum.
2481 3224 2717 3287 Verum

158 3298 659 3368 salmanticenses
701 3320 845 3368 eum
892 3321 925 3366 a
975 3306 1246 3367 simonia
1321 3315 1650 3380 excusant,
1696 3308 1747 3367 si
1795 3309 2128 3386 pecuniam
2195 3311 2457 3367 omnino
2520 3306 2719 3384 gratis

160 3382 353 3446 tribuat
391 3394 455 3448 et
531 3389 600 3448 in
668 3384 1166 3465 eleemosynam,
1214 3402 1356 3464 quae
1422 3394 1518 3448 est
1563 3385 1788 3449 titulus
1853 3402 2166 3448 excusans
2229 3384 2636 3464 largitionem
2683 3401 2715 3448 a

158 3463 396 3527 simonia.
441 3466 741 3528 Simonia
791 3481 1017 3544 nempe
1064 3468 1128 3527 in
1175 3482 1251 3528 eo
1296 3468 1614 3537 consistit,
1651 3466 1817 3545 quod
1863 3465 2055 3529 detur
2091 3466 2442 3545 temporale
2476 3468 2541 3528 in
2584 3483 2718 3546 pre-

159 3542 279 3632 tium
321 3548 407 3607 rei
477 3545 879 3626 spiritualis;
944 3544 1201 3625 quando
1243 3563 1396 3626 ergo
1442 3546 1630 3610 datur
1695 3546 1838 3609 aliis
1887 3547 2091 3610 titulis
2163 3547 2471 3620 bonestiS,
2541 3557 2607 3609 ut
2650 3549 2715 3608 in

161 3626 505 3703 stipendium
558 3627 820 3700 laboriS,
866 3629 929 3687 in
974 3629 1532 3703 sustentationem,
1573 3631 1637 3690 in
1684 3631 2039 3707 gratiarum
2073 3629 2413 3702 actionem,
2445 3629 2717 3690 simonia

158 3716 254 3765 nun
291 3709 752 3769 committitur:
798 3723 964 3768 unus
1009 3722 1199 3785 porro
1263 3722 1345 3769 ex
1387 3706 1698 3787 legitimis
1746 3709 1949 3772 titulis
2013 3717 2110 3771 est
2174 3707 2605 3788 eleemosyna,
2655 3718 2720 3770 et

150 3780 287 3849 lianc
314 3791 503 3849 unice
552 3788 820 3867 respicit
861 3787 971 3849 illa
1018 3787 1376 3866 promissio.
1422 3787 1556 3850 lmo
1604 3789 1754 3852 iicet
1797 3790 2154 3869 periculosa
2202 3804 2305 3851 res
2349 3791 2433 3851 sit
2472 3804 2550 3849 ex
2600 3787 2720 3849 An·

157 3863 356 3943 getico3
396 3877 620 3931 tamen
688 3870 961 3930 simonia
1004 3882 1138 3930 non
1181 3875 1298 3945 est,
1363 3869 1587 3948 siquis,
1629 3886 1688 3934 v,
1735 3887 1791 3947 g.
1836 3870 2281 3950 eleemosynas
2323 3868 2719 3930 monasterio

159 3954 351 4024 eroget,
392 3957 465 4011 ut
510 3947 793 4023 facilius,
836 3949 946 4011 sed
992 3963 1072 4010 ex
1115 3948 1514 4027 gratitudine
1559 3953 1623 4012 in
1665 3939 1832 4012 titud
1880 3950 2261 4013 admittatur
2291 3950 2379 4029 (2,
2406 3950 2464 4024 2,
2498 3965 2554 4028 q.
2585 3948 2720 4024 100,

162 4024 312 4100 a.3):
352 4043 500 4091 nam
550 4027 734 4092 nullo
772 4028 921 4108 jure
963 4029 1343 4107 prohibetur
1386 4029 1552 4093 bene
1589 4034 1825 4093 mereri
1873 4033 2045 4094 omni
2093 4030 2285 4092 modo
2330 4030 2602 4090 honesto
2640 4029 2720 4091 de

162 4115 233 4178 ω,
262 4109 358 4185 qui
402 4117 621 4188 potest
664 4108 849 4171 nobis
893 4109 975 4171 ali
1028 4109 1239 4171 nando
1283 4109 1694 4173 benefacere.
1738 4112 1955 4190 Neque
2000 4110 2293 4174 tribuens
2357 4109 2598 4189 obligat
2640 4109 2719 4173 ad

164 4179 356 4265 aliquid
399 4188 859 4264 determinate,
902 4205 969 4253 se
1052 4187 1464 4253 vulttantum
1508 4191 1690 4254 illam
1737 4191 2105 4271 generalem
2137 4190 2598 4268 obligationem
2633 4193 2719 4252 in·
2758 4259 2762 4263 ,

165 4261 373 4345 ducere,
419 4286 568 4350 quae
612 4273 977 4334 necessario
1020 4273 1315 4349 sequitur
1358 4287 1440 4333 ex
1526 4272 1773 4334 uolibet
1816 4272 2140 4350 obsequio.

188 4341 603 4433 ⁸Simoniacus
645 4358 862 4414 tamen
906 4358 1075 4416 esset
1117 4352 1225 4429 qui
1273 4349 1463 4414 alteri
1558 4352 1901 4415 eneflcium
1961 4357 2337 4430 procuraret
2398 4366 2470 4412 ea
2516 4351 2717 4412 inten-

164 4430 317 4512 tione,
342 4442 409 4493 ut
442 4430 569 4493 sibi
611 4440 909 4510 tanquam
942 4433 1206 4511 pauperi
1246 4430 1495 4494 tructus
1528 4433 1835 4511 superflui
1878 4432 2114 4494 dentur
2135 4449 2154 4508 ;
2196 4447 2344 4493 nam
2379 4440 2517 4494 esto
2551 4432 2718 4512 quod

167 4506 249 4598 isti
285 4509 525 4574 tructus
554 4507 706 4574 'sint
742 4513 875 4593 jam
918 4512 1307 4592 pauperibus
1337 4511 1799 4588 distribuendi,
1842 4521 2121 4574 attamen
2153 4511 2318 4592 quod
2360 4511 2721 4578 debeantur

162 4584 253 4650 lali
361 4592 568 4672 uperi,
613 4592 741 4655 boc
780 4599 878 4656 est
917 4607 1081 4656 onus
1123 4590 1631 4671 superadditum,
1678 4592 1956 4671 ideoque
2000 4595 2440 4656 simoniacum.

321 4669 391 4730 ἵ.
436 4672 505 4746 Q.
549 4672 607 4735 6.
652 4672 821 4748 Quia
858 4674 932 4736 de
971 4689 1059 4748 eo,
1107 4672 1219 4751 qui
1260 4671 1379 4735 dat
1419 4674 1759 4736 mediatori
1797 4675 2175 4754 pecuniam,
2220 4680 2297 4737 ut
2353 4669 2478 4737 sibi
2536 4672 2716 4737 Ordi-

160 4747 453 4829 Mtiunem,
494 4753 596 4816 vel
637 4753 1013 4835 Beneficium
1043 4750 1378 4817 obtineat?
1821 4797 1826 4806 -
2102 4762 2114 4776 ·
