3292 5167
1211 228 1669 281 marrones
2610 213 2739 280 tt?

187 331 370 398 tundit
408 328 728 394 desideria
774 339 885 395 aut
925 330 1248 411 proposita
1292 346 1437 396 cum
1478 332 1671 394 votis.
1713 330 1806 394 Ad
1851 332 1991 396 baec
2018 331 2476 413 distinguenda
2508 348 2741 413 parunt

185 409 396 495 ,nubit
433 427 579 475 eum
615 412 1056 491 interrogare,
1098 423 1172 474 ut
1211 411 1508 481 nonnulli
1553 410 1785 488 solent,
1828 427 1909 475 an
1952 429 2236 494 unquam
2289 413 2601 477 habuerit
2638 416 2736 478 in·

196 496 504 559 tentionem
547 507 616 553 se
655 501 807 557 voto
849 492 1299 571 obstringendi
1341 494 1464 556 sub
1492 495 1673 572 gravi
1712 493 2020 572 peccato?
2053 494 2374 574 siquidem
2421 495 2614 557 rudes
2646 496 2742 559 sic

197 572 527 650 interrogati
572 571 1068 652 facile-negant.
1113 572 1330 636 Satius
1373 574 1502 636 erit
1544 575 1950 651 interrogare
1976 620 1994 650 ‚
2037 576 2092 636 si
2141 582 2291 638 tunc
2328 590 2473 638 cum
2519 583 2742 640 votum

195 655 379 728 emisit,
420 653 841 716 existimabat
880 669 950 715 se
994 654 1278 732 graviter
1321 661 1733 734 peccaturum
1798 654 1997 719 ruisse
2040 669 2121 717 an
2169 669 2298 718 non
2330 702 2347 735 ,
2404 657 2458 718 si
2522 664 2739 736 postea

195 749 286 797 non
323 732 760 796 satisfecisset.
804 758 826 788 ι
891 733 962 796 ln
1008 732 1204 796 dubio
1249 749 1438 796 nemo
1484 733 1802 813 ligandus.

246 812 453 875 Votum
499 814 766 877 vivendi
807 822 986 892 Juxta
1040 816 1432 878 christianas
1473 816 1650 893 leges
1693 816 1999 878 emissum
2047 814 2113 876 in
2151 815 2232 879 Ba
2286 816 2558 893 tismate,
2590 832 2744 879 non·

196 896 287 956 nisi
325 892 450 957 late
491 892 737 957 dicitur
782 892 946 970 tale;
990 897 1249 977 proprie
1291 896 1467 958 enim
1517 897 1580 956 in
1626 897 1918 959 omnium
1981 911 2175 958 sensu
2220 895 2379 959 ilud
2449 913 2575 959 non
2622 905 2741 975 est,

189 976 278 1037 nisi
315 973 665 1037 declaratio
709 975 1094 1040 voluntariae
1137 977 1566 1056 susceptionis
1611 974 1776 1054 legis
1820 977 2216 1040 christianas.

241 1052 408 1114 21¹5.
451 1053 720 1118 Fideles
761 1057 1066 1120 monendi
1112 1065 1282 1131 sunt,
1329 1065 1396 1119 ut
1436 1065 1700 1119 matura
1746 1065 2012 1119 utantur
2054 1055 2544 1134 deliberatione,
2590 1072 2738 1119 con·

188 1133 523 1215 iessariique
548 1136 869 1214 judicium
906 1135 1338 1219 expostulent,
1369 1146 1714 1215 antequam
1750 1152 1972 1199 verum
2012 1146 2222 1199 votum
2261 1138 2577 1199 emittant.
2601 1137 2743 1200 Fre·

184 1224 414 1293 quenter
451 1217 720 1293 accidit,
753 1227 821 1281 ut
854 1220 998 1296 quis
1027 1221 1093 1280 in
1125 1232 1358 1296 magno
1389 1216 1757 1279 devotionis
1795 1217 2050 1293 ardore,
2081 1217 2179 1279 vel
2224 1218 2285 1279 in
2322 1217 2531 1297 aliqua
2564 1218 2742 1297 gravi

183 1295 504 1359 calamitate
547 1308 699 1360 vota
747 1300 1100 1379 concipiat:
1144 1307 1209 1363 at
1252 1296 1383 1359 illis
1415 1297 1856 1361 accidentibus
1890 1299 2248 1375 transactis,
2279 1300 2566 1361 actiones
2595 1315 2741 1379 pro·

178 1378 351 1438 missae
389 1377 599 1441 nimis
628 1378 909 1441 difficilae
951 1379 1273 1453 videntur,
1307 1384 1373 1440 et
1416 1379 1857 1457 peccaminosa
1903 1379 2311 1441 omittuntur.
2355 1378 2450 1440 Ad
2498 1395 2634 1442 rem
2672 1380 2740 1442 in

176 1454 281 1518 Lib.
321 1453 559 1536 Spiritu
604 1457 671 1520 di
711 1476 760 1520 s.
803 1458 1153 1522 Francesco
1194 1459 1263 1521 di
1305 1456 1515 1521 Sales:
1571 1482 1595 1513 ι
1638 1458 1903 1521 Avendo
1963 1474 2085 1521 una
2153 1459 2251 1539 pia
2318 1475 2589 1538 persona
2644 1462 2743 1522 in·

178 1544 309 1611 taso,
351 1537 464 1600 che
510 1537 560 1601 il
610 1550 797 1602 santo
840 1540 1122 1603 Vescovo
1158 1540 1238 1602 da
1275 1541 1548 1618 giovane
1577 1554 1775 1601 aveva
1815 1537 1972 1601 latto
2007 1548 2152 1603 vot-o
2176 1540 2241 1602 di
2282 1541 2561 1602 recitare
2589 1543 2741 1620 ogni

179 1615 230 1678 di
265 1616 304 1677 il
337 1615 423 1680 Ss.
467 1617 772 1694 Rosario,
814 1620 1110 1683 desidero
1153 1619 1217 1682 di
1266 1619 1404 1682 lare
1449 1618 1510 1681 lo
1550 1627 1790 1695 stesso;
1879 1622 1990 1682 ero
2041 1621 2246 1699 prima
2293 1636 2374 1682 ne
2420 1619 2742 1683 domando

180 1694 224 1759 al
259 1695 457 1762 Santo.
500 1697 611 1761 Gli
659 1702 926 1780 rispose,
967 1700 1314 1780 guardasse
1355 1699 1522 1762 bene
1569 1701 1771 1779 prima
1867 1702 1883 1760 i
1931 1699 2128 1776 rarlo;
2173 1716 2207 1763 a
2253 1703 2352 1762 cui
2387 1699 2547 1762 ella:
2592 1701 2740 1763 Pcr-

177 1775 262 1840 clc
296 1779 576 1858 rifiutate
619 1781 755 1861 apli
795 1781 958 1844 altri
997 1780 1093 1843 cio
1135 1780 1245 1843 clas
1313 1781 1413 1842 voi
1467 1787 1640 1842 avete
1701 1783 1941 1860 aequiro
2003 1782 2076 1843 in
2136 1788 2354 1843 costra
2396 1781 2743 1862 pioventti?

179 1855 368 1930 Questa
410 1860 638 1939 parola
681 1862 979 1941 qioccntit
1041 1861 1279 1924 risolve
1326 1858 1384 1922 la
1436 1861 1820 1940 questione,
1865 1860 2116 1940 replico
2160 1860 2203 1923 il
2250 1860 2469 1942 Sales:
2514 1862 2743 1940 poiche

181 1940 236 2000 in
267 1940 392 2018 quel
436 1949 662 2021 tempo
707 1943 769 2004 lo
814 1940 935 2005 leci
978 1957 1098 2005 con
1145 1956 1330 2004 meno
1361 1940 1423 2003 di
1455 1942 2014 2017 considerazione3
2040 1942 2104 2003 di
2142 1949 2471 2022 presente,
2502 1943 2611 2021 pin
2645 1942 2737 2004 in·

187 2023 336 2082 nanti
374 2021 524 2084 nell'
545 2025 680 2097 eta,
723 2024 785 2085 vi
832 2023 976 2085 dico
1018 2022 1138 2085 che
1184 2021 1292 2084 nol
1325 2020 1614 2084 facciate.
1660 2022 1797 2085 Non
1822 2022 1891 2084 vi
1924 2022 2067 2084 dico
2098 2023 2222 2100 gia,
2261 2023 2377 2085 cbe
2423 2025 2547 2084 mai
2612 2037 2740 2085 non

193 2102 422 2164 recitiate
488 2101 532 2163 il
601 2103 907 2178 Rosari03
968 2103 1110 2166 anzi
1176 2103 1235 2164 vi
1301 2110 1516 2164 esorto
1561 2113 1800 2181 quanto
1844 2119 1914 2164 so
1955 2117 1994 2165 e
2037 2118 2247 2181 posso,
2327 2103 2543 2165 sicche
2609 2118 2741 2165 non

198 2183 321 2256 passi
354 2199 457 2260 per
500 2186 617 2245 voi
664 2184 894 2262 giorno
936 2199 1122 2246 senza
1171 2182 1277 2245 dir
1322 2180 1378 2245 la
1425 2180 1714 2259 Corona,
1756 2191 1976 2261 questa
2025 2181 2193 2245 bella
2259 2184 2562 2245 orazione
2607 2184 2740 2246 cosi

193 2260 384 2339 gudita
426 2281 458 2327 a
503 2263 657 2339 Dio,
700 2263 831 2326 cosi
875 2279 1018 2327 cara
1050 2279 1084 2325 a
1118 2263 1333 2327 Maria.
1368 2262 1463 2325 Ma
1499 2261 1697 2325 fatelo
1739 2279 1853 2341 per
1882 2279 1966 2325 un
2006 2265 2500 2342 proponimento
2534 2263 2741 2328 fermo

192 2356 220 2402 e
250 2351 524 2421 costante,
579 2360 708 2407 non
759 2360 871 2423 per
911 2351 1081 2421 voto,
1129 2344 1466 2407 acciocche
1508 2342 1914 2406 succedendo
1959 2344 2022 2405 di
2071 2342 2468 2406 tralasciarlo
2511 2360 2637 2406 non
2674 2347 2737 2407 vi

189 2424 468 2500 esponiate
513 2423 585 2486 al
633 2423 917 2504 pericolo
943 2424 1008 2486 di
1044 2433 1320 2503 peccato.
1365 2422 1475 2486 Col
1523 2424 1659 2485 fare
1705 2422 1751 2484 il
1795 2433 1942 2486 voto
1990 2439 2118 2485 non
2151 2425 2186 2486 e
2218 2422 2375 2485 tatto
2414 2431 2600 2500 tutto,
2633 2439 2735 2488 ma

188 2516 312 2581 copo
347 2506 379 2566 e
423 2508 526 2584 poi
581 2506 646 2567 di
694 2503 1051 2583 adempirlo
1094 2514 1261 2568 sotto
1308 2520 1468 2583 pena
1512 2505 1576 2566 di
1623 2503 1846 2582 colpa3
1901 2503 1946 2566 il
2011 2504 2128 2566 che
2194 2506 2405 2566 non‘e
2470 2520 2614 2567 cosa
2660 2505 2738 2568 da

187 2587 377 2646 tenersi
422 2590 484 2647 in
535 2602 704 2665 poco
757 2594 963 2648 conto.
1010 2583 1085 2648 Vi
1131 2586 1413 2648 assicuro
1459 2584 1577 2646 che
1621 2594 1846 2663 questo
1891 2584 2001 2663 piu
2045 2584 2257 2648 d’una
2304 2584 2473 2647 volta
2522 2586 2609 2646 mi
2659 2585 2738 2649 ha

184 2676 242 2723 an
349 2673 518 2740 tiato,
574 2683 612 2728 e
657 2666 748 2730 tui
793 2665 890 2728 sul
937 2674 1135 2745 punto
1166 2664 1228 2728 di
1266 2665 1594 2728 chiamare
1626 2665 1683 2726 la
1725 2666 1823 2727 dis
1872 2680 2024 2728 ensa
2062 2681 2098 2726 o
2140 2666 2670 2728 commutazione.
2702 2690 2727 2719 ι

283 2745 426 2808 uoad
467 2746 728 2826 puellas
770 2762 943 2822 vero,
984 2761 1129 2825 quas
1156 2746 1596 2823 virginitatem
1628 2761 1807 2807 suam
1873 2761 1985 2808 esu
2030 2761 2412 2808 consecrare
2444 2748 2735 2824 cupiunt,

186 2837 281 2887 non
318 2830 653 2904 permittat
694 2826 1128 2889 confessarius
1170 2828 1263 2888 eis
1299 2829 1656 2889 castitatem
1703 2833 2011 2904 perpetuo
2047 2841 2306 2899 vovere,
2342 2827 2466 2887 nisi
2509 2841 2735 2904 cogno·

186 2915 285 2968 scat
318 2923 420 2969 eas
462 2908 641 2971 bene
685 2907 983 2970 fundatas
1031 2908 1094 2969 in
1143 2906 1487 2969 virtutibus
1529 2914 1595 2969 et
1629 2905 1891 2969 edoctas
1936 2908 2000 2967 in
2045 2908 2195 2969 vitae
2237 2906 2596 2986 spiritualis
2633 2922 2731 2969 re·

185 2983 351 3061 gulis,
407 2996 473 3051 et
541 2991 869 3067 praecipue
912 2990 976 3050 in
1022 2987 1317 3050 oratione
1360 2989 1785 3061 exercitatas,
1835 2995 1898 3049 et
1942 2986 2155 3048 habita
2204 2989 2459 3049 ratione
2514 3002 2738 3050 earum

183 3065 554 3132 conditionis.
599 3067 903 3132 Mulieres
944 3070 1137 3142 euim,
1166 3077 1232 3129 et
1259 3072 1534 3130 maxime
1566 3066 1799 3145 puellae
1839 3066 2011 3129 leves
2043 3076 2211 3145 sunt,
2256 3083 2398 3146 quae
2444 3067 2525 3130 de
2560 3067 2740 3130 facili

187 3155 474 3212 mutantur
517 3157 901 3212 aversantes
946 3147 1137 3213 hodie
1180 3147 1348 3226 quod
1389 3147 1528 3209 heri
1573 3146 1882 3209 ardenter
1926 3148 2401 3226 promiserunt3
2448 3149 2602 3210 binc
2645 3148 2736 3211 ef·

183 3223 377 3290 latum:
418 3230 584 3309 quid
624 3236 803 3293 vento
847 3229 1086 3291 levius?
1158 3229 1391 3300 olium;
1429 3227 1581 3307 quid
1620 3226 1821 3307 folio?
1866 3226 2068 3299 homo;
2098 3228 2250 3306 quid
2278 3227 2565 3291 homine?
2607 3245 2740 3292 mu·

185 3305 309 3380 libr,-
347 3312 496 3388 quid
541 3310 856 3373 muliere?
897 3304 1081 3381 nihil.
1153 3308 1274 3371 deo
1319 3307 1554 3387 puellae
1613 3307 1780 3370 bene
1845 3307 2199 3387 probentur
2252 3309 2464 3388 prius3
2507 3324 2579 3371 ac
2622 3309 2740 3373 sub

184 3386 334 3451 initio
371 3392 464 3453 eis
509 3399 766 3454 tantum
812 3392 1242 3469 permittatur,
1285 3397 1356 3451 ut
1399 3390 1757 3451 castitatem
1803 3397 2078 3451 voveant
2123 3396 2237 3467 per
2279 3389 2538 3468 aliquod
2588 3389 2740 3452 defi-

190 3469 358 3532 nitum
399 3481 680 3551 tempus,
743 3471 1048 3533 nimirum
1115 3485 1147 3532 a
1213 3468 1624 3531 solemnitate
1667 3467 1939 3547 alicujus
2004 3468 2151 3531 festi
2211 3469 2288 3532 ad
2333 3469 2528 3531 aliam
2576 3469 2732 3533 alte·

183 3547 287 3611 rius
326 3549 719 3615 festivitatis.
762 3551 842 3613 Et
884 3551 1003 3613 hoc
1044 3549 1322 3614 maxime
1365 3555 1648 3627 praestat,
1690 3556 1760 3611 ut
1803 3564 1944 3612 cum
2001 3549 2249 3613 clericis
2313 3549 2734 3626 observetur,

185 3636 236 3689 ιιι
268 3630 348 3693 sic
386 3648 502 3696 suo
557 3641 841 3711 tempore
880 3630 1139 3693 valeant
1180 3633 1471 3692 securius
1513 3638 1730 3691 votum
1776 3638 2155 3709 perpetuum
2214 3645 2473 3694 vovere.
2528 3629 2589 3693 V.
2634 3630 2739 3693 Li·

183 3716 350 3787 gnoti,
390 3712 636 3777 Praxis
678 3721 745 3775 et
784 3712 975 3774 Homo
1018 3711 1253 3789 Apost„
1300 3718 1482 3773 tract.
1526 3708 1662 3785 ult„
1706 3726 1767 3770 n.
1811 3710 1907 3773 40.

242 3789 409 3855 218.
450 3793 522 3867 Q.
571 3795 627 3855 l.
672 3792 833 3868 Quid
872 3792 945 3855 dc
985 3792 1299 3870 proposito
1340 3791 1550 3853 omnia
1587 3796 1846 3868 peccata
1879 3790 2175 3852 vitandi?
2523 3819 2531 3831 ·

247 3869 308 3934 R.
346 3872 697 3937 Laudabile
739 3880 839 3936 est
879 3873 1273 3952 propositum
1330 3869 1491 3951 (non
1556 3870 1805 3947 votum)
1871 3871 2085 3932 omnia
2145 3878 2400 3949 peccata
2432 3867 2732 3947 vitandi,

188 3952 317 4027 quod
358 3957 662 4018 emittere
701 3953 913 4016 solent
954 3952 1315 4022 christiani,
1358 3952 1478 4013 etsi
1533 3950 1864 4013 interdum
1928 3948 2272 4025 deficiant3
2316 3965 2430 4028 pro
2479 3946 2739 4011 onendo

187 4033 384 4111 maiora
429 4036 714 4099 vitamus
743 4081 761 4110 ,
804 4041 868 4096 et
908 4034 1028 4112 ipsi
1092 4030 1278 4103 nobis
1320 4031 1498 4111 quasi
1544 4031 1674 4093 vim
1720 4029 2110 4105 inferimus,
2152 4037 2224 4092 ut
2281 4045 2404 4109 quo
2520 4029 2738 4091 animo

193 4115 602 4191 promittimus,
637 4114 884 4178 effectu.
901 4112 1351 4193 compleamus.
1395 4109 1510 4174 Vel
1554 4112 1763 4190 majus
1796 4111 2231 4191 proponimus,
2262 4120 2331 4172 ut
2365 4110 2577 4172 minus
2613 4109 2740 4172 effl-

193 4190 408 4273 ciamus,
449 4193 750 4275 exemplo
792 4208 1014 4258 eorum
1059 4192 1180 4271 (ait
1219 4191 1542 4267 Perrone,
1589 4190 1677 4253 Dc
1717 4191 1971 4271 qratia)
2013 4193 2120 4270 qui
2166 4190 2431 4268 sagittas
2475 4188 2552 4251 ad
2601 4204 2736 4252 sco·

195 4284 306 4347 pum
342 4279 688 4350 emittunt3
728 4274 941 4338 solent
982 4288 1092 4336 eas
1134 4272 1327 4336 altius
1370 4272 1697 4349 dirigere,
1743 4279 1827 4333 ut·
1855 4278 2146 4349 optatum
2191 4271 2497 4350 punctum
2542 4272 2737 4334 attin-

195 4362 329 4428 gant.
369 4355 798 4419 probabiliter
833 4363 1047 4418 autem
1090 4369 1171 4415 ex
1212 4351 1471 4427 suarez,
1514 4350 1687 4427 Soto,
1730 4348 2017 4413 Sancbez
2060 4359 2125 4414 et
2168 4349 2314 4413 aliis
2349 4349 2601 4413 nullum
2646 4360 2744 4414 est

195 4442 479 4507 meatum
527 4436 860 4516 negligere
902 4436 1337 4514 propositum3
1380 4433 1527 4511 quia
1589 4431 1877 4494 derectus
1941 4431 2321 4493 constantim
2366 4429 2446 4495 de
2491 4447 2561 4494 se
2606 4446 2735 4497 non

193 4514 500 4596 est'culpa‚
542 4519 692 4591 nisi¹
758 4523 1104 4593 raeceptum
1149 4514 1333 4576 adsit.
1374 4544 1450 4557 —
1508 4510 1569 4573 V.
1611 4510 1893 4589 Lignori,
1942 4509 2049 4591 Op.
2094 4511 2255 4575 Mor.
2288 4512 2327 4573 l.
2361 4527 2458 4589 ιιι,
2495 4527 2556 4574 ιι.
2604 4512 2738 4575 199.

251 4590 422 4658 m.
468 4598 537 4671 Q.
578 4598 638 4660 2.
738 4596 816 4657 ui·
845 4596 1056 4658 modus
1098 4602 1305 4658 ουτω»
1348 4591 1732 4654 emittendi?

255 4671 315 4736 R.
365 4675 577 4751 Quoad
633 4676 905 4740 modum
965 4684 1181 4738 votum
1248 4671 1587 4736 emittendi
1651 4670 2014 4735 audiendus
2068 4669 2353 4736 Salesius
2417 4671 2587 4749 (lib.
2651 4686 2748 4749 vi,
