3292 5167
1094 273 1168 318 oe
1216 273 1472 320 vtururss
1515 272 1802 321 :usna-1213
2622 258 2752 325 205

260 372 448 436 ³05.
490 370 559 446 Q.
600 372 659 435 4.
705 371 804 435 Aa
847 370 1021 436 homo
1064 370 1296 440 habeat
1326 375 1668 437 dominium
1705 377 1983 455 propria:
2024 375 2257 455 sama?

260 455 319 518 R.
358 452 782 528 Affirmative3
849 454 998 532 quia
1064 453 1227 518 fama
1293 463 1390 517 est
1454 455 1701 518 tructus
1765 467 2002 518 nostrae
2080 457 2440 532 industria),
2501 458 2750 521 meritis

202 549 391 615 nempe
431 536 669 596 nostris
714 534 1101 613 productus;
1159 544 1222 596 et
1267 533 1411 596 ideo
1457 533 1704 598 licitum
1751 545 1847 598 est
1893 536 2079 599 nobis
2146 536 2323 601 illam
2391 538 2750 618 prodigere.

202 618 364 691 Quare
407 615 592 678 homo
635 622 845 695 potest
873 623 1045 693 justa
1089 614 1169 677 de
1212 629 1398 678 causa
1445 631 1513 678 se
1557 616 1827 679 infamia
1867 617 2141 694 afficere,
2185 635 2241 680 v,
2287 634 2366 696 g„
2396 619 2474 681 ad
2524 629 2745 698 peten-

204 700 315 761 dum
354 695 715 770 consilium,
773 694 851 756 ad
894 696 1318 759 coercendam
1376 697 1768 775 superbiam,
1822 697 1900 760 ad
1971 698 2442 782 procurandam
2501 700 2751 762 humili·

207 788 372 853 tatem,
413 775 489 838 ad
539 777 649 839 Dei
697 775 1205 838 misericordiam
1252 777 1853 856 commendandam,
1898 778 1976 841 ad
2023 776 2258 842 ramam
2323 779 2513 842 alteri
2565 780 2743 843 resti·

206 856 455 923 tuendam
501 867 566 920 et
609 855 868 919 similia.

258 939 551 1001 Diximus:
584 937 773 1015 justa
812 937 888 999 dc
929 952 1122 999 causa
1148 955 1173 1007 ,·
1238 937 1432 999 aliter
1496 946 1597 1001 est
1639 947 1862 1001 contra
1928 939 2268 1002 rationem.
2329 938 2463 1003 Huc
2506 947 2751 1019 spectat

202 1020 319 1084 illud
358 1018 829 1081 Ecclesiastici:
872 1033 1091 1079 curam
1132 1015 1290 1079 habe
1330 1018 1403 1080 dc
1447 1016 1601 1082 bono
1643 1020 1887 1084 nomine
1933 1018 1982 1095 ¹.,
2026 1027 2090 1081 et
2136 1021 2254 1082 hoc
2299 1022 2502 1100 magis
2553 1022 2606 1082 si
2657 1023 2747 1082 iu·

199 1100 346 1162 lamia
387 1099 709 1162 redundet
754 1101 817 1160 in
866 1098 1143 1159 dedecus
1185 1106 1388 1160 status
1431 1107 1539 1161 aut
1584 1099 1974 1161 conditionis
2019 1115 2315 1178 propriae,
2358 1118 2416 1162 v,
2474 1118 2556 1181 g.,
2610 1099 2744 1164 Cle·

200 1185 410 1254 ricatus,
472 1179 757 1241 Instituti
825 1178 1145 1254 religiosi,
1211 1178 1491 1241 tamiliae.
1558 1178 1675 1242 Vel
1744 1182 1794 1242 si
1861 1179 2104 1242 officiat
2148 1182 2388 1260 proprii
2458 1182 2749 1244 muneris

193 1264 537 1332 executioni,
588 1259 878 1333 parochi,
920 1259 1226 1337 Magistri,
1270 1258 1578 1322 Rectoris.
1621 1259 1737 1322 Vel
1786 1262 1836 1322 si
1886 1260 2258 1323 scandalum
2291 1262 2537 1338 afferat,
2574 1263 2745 1341 quod

196 1344 243 1404 in
288 1340 731 1406 ecciesiasticis
794 1341 1070 1401 maxime
1138 1337 1350 1403 locum
1415 1340 1641 1403 habet:
1687 1341 1878 1404 Nobis
1942 1345 2124 1416 enim,
2173 1342 2296 1405 nuc
2363 1341 2515 1405 facit
2581 1341 2745 1405 illud

191 1422 237 1483 d.
270 1421 617 1498 Augustini,
646 1420 1007 1483 necessaria
1050 1426 1148 1483 est
1185 1421 1325 1483 vita
1365 1427 1606 1497 nostra,
1648 1421 1803 1483 aliis
1835 1422 2014 1501 fama
2060 1429 2282 1486 nostra
2311 1420 2339 1463 ²
2369 1421 2507 1502 (C).

257 1559 457 1623 m.
515 1562 589 1640 Q.
638 1561 700 1626 5.
754 1558 1080 1639 Quodnam
1125 1569 1211 1625 est
1260 1558 1522 1640 dominii
1565 1559 1949 1645 subjectum?

258 1669 315 1733 R.
355 1668 627 1734 Certum
675 1671 797 1748 est,
855 1681 1124 1733 omnem
1177 1672 1244 1732 et
1290 1666 1503 1732 solam
1552 1667 1995 1735 substantiam
2061 1666 2575 1735 intellectualem
2625 1668 2746 1736 do-

190 1774 332 1841 minii
374 1791 529 1841 esse
561 1789 901 1858 capacem:
939 1769 1305 1840 dominium
1341 1773 1518 1840 enim
1557 1778 1660 1840 est
1695 1772 2012 1858 legitima&
2043 1773 2316 1842 facultas
2352 1774 2744 1860 disponendi

192 1900 282 1968 pro
322 1882 510 1950 libitu
559 1879 643 1950 de
691 1898 764 1949 re
811 1879 1031 1966 aliqua
1080 1887 1402 1965 tanquam
1474 1898 1623 1961 sua3
1675 1880 1856 1966 atqui
1906 1881 2122 1949 omnis
2158 1889 2223 1948 et
2270 1882 2409 1949 sola
2444 1882 2751 1950 substan-

195 1991 263 2056 tia
296 1989 757 2059 intellectualis
806 1989 975 2057 hanc
1024 1988 1407 2057 facultatem
1454 1989 1702 2058 habere
1746 1996 1968 2074 potest
2018 1984 2066 2056 ³.
2120 1992 2258 2064 Deo
2306 1990 2573 2076 quidem
2622 1992 2747 2059 soli

200 2098 457 2183 competit
532 2113 949 2182 supremum,
1025 2096 1407 2164 absolutum
1455 2105 1521 2163 et
1584 2096 2037 2182 independens
2087 2096 2452 2165 dominium
2516 2099 2580 2166 in
2641 2117 2747 2167 res

198 2212 411 2286 creatas,
458 2205 793 2272 clamante
842 2203 1214 2289 Scriptura:
1270 2204 1524 2270 Domini
1572 2216 1660 2304 est
1706 2215 1878 2270 terra
1923 2215 1981 2269 et
2017 2204 2337 2290 plenitudo
2384 2207 2535 2290 ejus,
2583 2208 2749 2273 orbis

189 2323 452 2378 tei-mrum
497 2321 560 2379 et
630 2312 912 2378 universi
955 2312 1066 2396 qui
1110 2310 1399 2376 habitant
1439 2310 1514 2377 in
1560 2330 1628 2378 eo
1677 2309 1727 2377 ⁴.
1777 2311 1917 2378 Imo
1968 2311 2095 2379 hoc
2167 2309 2535 2380 dominium
2585 2312 2746 2380 nulli

192 2426 368 2502 potest
410 2418 940 2502 communicare,
986 2417 1142 2503 quia
1193 2416 1436 2503 pendet
1484 2435 1519 2484 a
1567 2418 1906 2486 creatione
1939 2424 2006 2485 et
2040 2418 2561 2501 conservatione,
2605 2419 2746 2505 qui—

191 2527 283 2594 bus
320 2530 489 2595 Deus
543 2526 853 2594 abdicare
885 2544 956 2593 se
992 2524 1243 2610 nequit.
1298 2524 1369 2592 Id
1405 2531 1621 2593 tamen
1660 2543 1793 2594 non
1845 2524 2138 2612 impedit,
2176 2526 2532 2612 quominus
2567 2529 2743 2594 Deus

190 2642 350 2719 queat
394 2633 772 2703 dominium
820 2631 1215 2718 particulare
1263 2631 1756 2699 communicare
1832 2632 2153 2700 creaturis
2219 2632 2741 2713 rationabilibus

179 2740 328 2824 Juxta
369 2740 569 2808 illud:
617 2752 857 2807 terram
902 2729 1111 2806 autem
1155 2738 1317 2806 dedit
1360 2738 1510 2825 filiis
1557 2739 1881 2805 hominum
1930 2735 1977 2804 ⁵.

322 3027 461 3094 Aur.
516 3030 567 3096 1.
613 3062 703 3074 -
750 3028 841 3092 De
886 2997 1158 3090 dominio
1204 3022 1546 3110 infidelium
1591 3036 1647 3090 et
1689 3036 2104 3110 peccatorum,
2147 3025 2565 3111 parvulorum

663 3179 719 3236 et
762 3168 1124 3248 ausentium,
1174 3165 1470 3240 Ecclesioe
1516 3176 1573 3232 et
1618 3167 2215 3234 Ecclesiasticorum.

244 3401 436 3466 ⁸07.
486 3402 564 3482 Q.
620 3401 679 3466 l.
729 3399 829 3465 An
874 3398 1164 3484 infidelem,
1200 3389 1476 3464 hoeretidi
1512 3406 1569 3462 et
1591 3407 1945 3481 peccatores
1975 3397 2105 3464 sim
2141 3416 2399 3485 capaces
2432 3398 2741 3468 dominii?

245 3510 305 3576 R.
344 3512 639 3577 Joannes
687 3509 827 3574 Hus
874 3511 941 3572 et
987 3504 1369 3590 Wiclephus
1419 3503 1810 3587 docuerunt,
1861 3521 1993 3573 non
2044 3522 2194 3578 esse
2226 3505 2501 3575 dominii
2542 3525 2737 3594 capa-

179 3630 264 3681 ces
303 3616 405 3701 qui
452 3620 619 3683 sunt
666 3615 732 3680 in
778 3617 957 3680 statu
1007 3611 1261 3698 peccati
1309 3608 1643 3678 mortalis:
1693 3612 1912 3679 nullus
1948 3622 2035 3678 est
2064 3612 2355 3680 dominus
2384 3614 2606 3695 civilis,
2642 3613 2739 3680 in·

180 3719 308 3803 quit,
339 3724 672 3789 :tullus-est
702 3721 1031 3801 Praelacus,
1062 3720 1279 3786 nullus
1314 3729 1402 3784 est
1426 3719 1789 3805 Episcopus,
1813 3718 1963 3786 dum
1986 3728 2074 3784 est
2097 3719 2166 3785 in
2182 3731 2436 3806 peccato
2461 3721 2736 3786 mortali.

253 3827 367 3896 Sed
412 3828 657 3896 falsum
706 3826 978 3895 omnino
996 3850 1014 3907 3
1067 3823 1366 3892 infideles
1417 3824 1615 3906 enim,
1670 3823 1965 3893 haeretici
2000 3832 2064 3892 et
2105 3830 2489 3910 peccatores
2531 3825 2731 3894 etiam

182 3941 299 4003 actu
343 3954 472 4023 quo
524 3943 687 4004 sunt
735 3935 799 4003 in
849 3940 1125 4020 peccato
1172 3931 1458 4015 mortali,
1509 3950 1642 4000 non
1692 3940 1917 4000 carent
1966 3933 2177 4001 libero
2218 3933 2491 4001 arbitrio
2535 3939 2601 4001 et
2650 3933 2740 4002 fa-

185 4042 381 4113 cultate
426 4040 829 4130 disponendi
881 4041 963 4110 de·
1045 4057 1443 4126 quacunque
1490 4056 1562 4108 re
1610 4046 1923 4126 tanquam
1974 4058 2090 4108 sua
2108 4066 2127 4121 3
2202 4056 2352 4106 cum
2401 4040 2738 4109 rationalis

186 4157 389 4233 natura,
442 4170 585 4220 non
632 4168 788 4219 vero
838 4149 1002 4217 fides
1051 4156 1163 4216 aut
1212 4142 1507 4216 charitas
1547 4147 1633 4215 sit
1681 4147 1956 4217 dominii
2005 4146 2525 4215 fundamentum.
2568 4149 2732 4217 Hinc

182 4275 242 4325 ex
277 4277 445 4329 sacra
493 4260 839 4345 Scriptura
888 4257 1022 4325 veri
1070 4254 1319 4324 domini
1370 4254 1574 4322 habiti
1622 4263 1800 4324 sunt·
1837 4261 1979 4322 tum
2031 4254 2364 4340 principes
2415 4254 2734 4332 infideles,

185 4364 408 4450 Pharao,
457 4371 669 4454 Cyrus
704 4365 946 4452 aliique
961 4390 981 4446 3
1016 4371 1159 4432 tum
1193 4379 1385 4448 reges
1426 4368 1834 4448 peccatoreS,
1869 4360 2096 4444 David,
2141 4361 2456 4457 Salomon
2491 4369 2556 4432 et
2605 4365 2735 4433 alii.

227 4594 243 4634 ¹
269 4597 384 4661 Cap.
412 4609 523 4650 xm.
1209 4593 1235 4633 ‘2
1264 4594 1331 4644 De
1363 4590 1491 4640 bono
1524 4551 1806 4648 vfduitatis,
1843 4601 1887 4640 c.
1923 4602 2052 4641 xxii„

226 4660 245 4698 ⁸
270 4663 391 4723 Ergo
418 4666 583 4714 etiam
617 4658 829 4721 Angeli3
865 4658 1041 4708 tamen
1078 4654 1142 4708 de
1176 4655 1315 4707 racto
1345 4663 1523 4704 rerum
1555 4654 1898 4703 externarum
1934 4655 2061 4706 sunt
2091 4654 2299 4706 tantum
2335 4654 2733 4710 administrato·
2843 4657 2850 4668 '

179 4729 247 4770 res
272 4735 329 4774 cx
359 4725 482 4787 ipsis
514 4723 682 4773 sacris
716 4719 916 4772 biteris.
1413 4712 1435 4753 ί
1471 4717 1557 4764 Ps.
1593 4726 1745 4767 xxin.
2246 4717 2269 4757 δ
2308 4720 2393 4770 Ps.
2430 4730 2575 4770 cxiii.
