3292 5167
509 220 639 287 708
1169 240 1285 286 ue.
1332 239 1396 286 ιι.
1446 241 1658 287 τιιΑιιτ.
1707 237 1832 286 vui.
1881 238 2034 285 nise.
2082 235 2170 283 ιιι.
2221 233 2350 284 cnr.
2399 234 2468 283 ιι.

585 342 653 410 Si
706 344 764 424 ι,
815 340 1071 410 etiamsi
1121 342 1309 409 multi
1358 358 1588 428 graves
1637 344 1965 410 Doctores
2027 340 2251 420 dicant
2313 358 2444 408 non
2514 358 2664 412 esse
2736 348 3087 426 peccatum

498 448 784 517 scandali
801 474 818 529 ;
867 455 1156 516 attamen
1206 467 1328 516 nos
1379 467 1510 516 non
1562 447 1958 516 auderemus
2008 445 2320 515 recedere
2368 464 2403 513 a
2452 449 2782 515 sententia
2832 454 3097 515 contra-

502 555 615 640 ria,
666 573 862 643 quam
912 562 1139 623 tenent
1174 555 1527 637 Bonacina,
1568 554 1941 640 cajetanus,
1977 551 2345 636 Filliucius,
2378 556 2725 638 Navarrus‚
2777 555 3093 638 Sancbez‚

501 665 748 750 Sporer
793 662 1058 749 aliique,
1110 662 1427 732 docentes
1479 681 1611 730 non
1655 679 1863 747 posse
1912 678 2053 729 rem
2099 661 2281 729 illam
2315 658 2450 747 peti
2485 667 2598 727 aut
2639 659 2908 728 suaderi
2949 660 3097 731 sine

500 770 831 852 scandale,
875 771 1131 838 etiamsi
1184 788 1489 857 persona,
1542 788 1597 862 a*
1622 786 1755 855 qua
1805 769 2073 857 petitur,
2115 771 2253 855 jam
2303 776 2527 854 parata
2560 768 2646 835 sit
2687 767 2768 835 ad
2811 785 3096 854 peccan-

501 877 676 945 dum.
730 878 1037 958 Quamvis
1086 879 1261 946 enim
1310 877 1451 964 ipsa
1515 877 1653 963 jam
1724 875 1810 944 sit
1859 876 1949 944 ‘in
2022 876 2258 944 actuali
2333 875 2669 980 voluntate
2739 875 3087 962 peccandi,

501 993 679 1054 certe
726 985 924 1053 infert
972 986 1094 1055 sibi
1147 987 1471 1071 majorem
1522 979 1777 1052 ruinam
1827 984 2241 1071 spiritualem
2275 1001 2480 1070 opere
2519 983 2919 1082 complendo
2956 1002 3100 1053 rem

410 1145 415 1152 .
500 1092 677 1160 illam
749 1089 1107 1162 intrinsece
1154 1094 1413 1175 malam,
1465 1111 1631 1180 quae,
1667 1094 1747 1161 ab
1797 1112 1871 1162 ea
1921 1093 2400 1178 expostulatur.
2466 1091 2623 1160 Ideo
2675 1092 2786 1177 qui
2837 1108 2873 1158 a
2923 1093 3098 1162 Titio

502 1202 665 1287 petit
710 1210 928 1269 actum
975 1201 1443 1288 impudicitiae,
1492 1201 1571 1268 ad
1621 1219 1821 1286 quem
1861 1201 2003 1286 ¹iam
2049 1208 2150 1269 est
2199 1205 2499 1286 paratus,
2576 1199 2886 1286 peccabit
2961 1218 3100 1269 non

501 1309 718 1377 solum
767 1316 995 1377 contra
1045 1309 1459 1392 castitatem,
1506 1308 1623 1376 sed
1673 1308 1871 1377 etiam
1915 1315 2150 1378 contra
2207 1306 2632 1389 charitatem3
2701 1307 2854 1392 quia
2917 1306 3102 1375 nulla

502 1416 761 1484 ratione
801 1425 1020 1502 potest
1069 1417 1161 1484 illi
1212 1416 1556 1503 cooperari
1591 1416 1642 1483 ¹.

678 1524 743 1590 Si
795 1527 855 1604 2,
907 1523 1169 1610 quando
1219 1524 1403 1592 adest
1435 1525 1615 1610 justa
1664 1541 1862 1594 causa
1913 1521 2200 1608 petendi,
2242 1527 2477 1608 petens
2519 1519 3100 1606 excusatur;quia

502 1630 567 1698 id
615 1649 746 1698 non
797 1639 897 1700 est
948 1630 1289 1717 cooperari
1342 1631 1529 1730 malae
1571 1631 1842 1699 alterius
1914 1629 2180 1710 actioni,
2228 1647 2390 1697 cum
2444 1645 2663 1713 neque
2711 1628 2778 1694 in
2825 1646 2901 1695 se
2950 1627 3096 1713 ipsa

501 1756 718 1823 neque
768 1739 1013 1823 petenti
1068 1755 1140 1806 ea
1190 1738 1275 1806 sit
1312 1737 1476 1805 mala
1494 1764 1513 1818 3
1563 1738 1680 1805 sed
1733 1737 1953 1822 potius
2003 1743 2104 1805 est
2155 1737 2332 1804 illam
2395 1737 2803 1822 permittere,
2864 1734 3094 1820 idque,

498 1845 675 1929 justa
723 1852 986 1914 extante
1014 1831 1235 1927 ¹causa,
1277 1844 1369 1913 fas
1420 1852 1546 1926 est,
1602 1852 1674 1911 ut
1710 1844 1954 1912 docent
1988 1843 2432 1911 communiter
2464 1860 2618 1911 cum
2651 1839 2713 1908 d.
2763 1841 3017 1910 Thoma
3045 1837 3100 1908 ².

509 1951 574 2019 Si
625 1958 843 2020 tamen
885 1951 1061 2037 iusta
1110 1950 1296 2019 deest
1346 1969 1564 2032 causa,
1614 1933 1902 2018 dicimus
1977 1957 2318 2036 petentem
2368 1967 2647 2035 peccare
2698 1966 2827 2016 non
2877 1948 3105 2016 solum

506 2067 735 2127 contra
783 2058 1091 2125 virtutem
1127 2057 1236 2125 tali
1290 2066 1560 2143 peccato
1613 2057 2038 2140 contrariam,
2089 2056 2207 2126 sed
2249 2057 2446 2125 etiam
2530 2065 2760 2124 contra
2808 2054 3102 2123 charita-

505 2172 635 2233 tem
651 2191 669 2247 3
702 2165 843 2250 ipse
893 2165 1066 2233 enim
1098 2164 1223 2233 hoc
1257 2165 1322 2233 in
1359 2183 1516 2233 casu
1571 2183 1700 2232 non
1737 2164 1894 2230 vitat
1929 2164 2210 2250 proximi
2244 2164 2508 2249 culpam
2557 2161 2838 2248 gravem',
2876 2168 3077 2248 prout

506 2289 581 2339 ex
630 2270 946 2338 charitate
994 2270 1343 2356 obligatur,
1399 2272 1667 2358 quoties
1723 2276 1945 2356 potest
1995 2271 2138 2338 sine
2186 2267 2363 2356 gravi
2413 2268 2838 2340 incommodo
2891 2271 2945 2335 ⁸.

581 2428 797 2508 893.
844 2431 910 2504 Q.
955 2433 1010 2493 4.
1058 2431 1220 2503 Quid
1262 2433 1333 2494 dee
1374 2428 1766 2504 ηιαὶίενὶῠιιε,
1810 2448 1943 2510 quoe
1983 2432 2078 2494 vel
2120 2437 2390 2493 utuntur
2430 2439 2594 2493 veste
2635 2428 2838 2504 virili,
2872 2428 2970 2491 vel
3004 2439 3102 2490 or·

520 2518 680 2573 natu
722 2528 882 2574 vano
923 2518 1039 2574 aut
1082 2512 1270 2574 nimis
1313 2512 1595 2587 eaeculto;
1624 2513 1719 2574 vel
1761 2513 2043 2592 corporis
2084 2509 2534 2575 nuditatibus?

589 2590 655 2652 R.
705 2591 795 2653 Ad
844 2595 906 2653 t:
952 2591 1125 2666 Quod
1172 2591 1406 2656 mulier
1443 2603 1659 2656 utatur
1705 2602 1879 2655 veste
1934 2593 2110 2654 virili
2169 2593 2310 2671 (aut
2349 2609 2383 2654 e
2426 2591 2802 2670 converso),
2869 2601 2969 2652 est
2998 2590 3091 2652 vi-

511 2672 779 2746 tiosum3
825 2681 956 2734 tum
1002 2674 1148 2751 quia
1195 2673 1403 2736 cultus
1469 2672 1661 2734 debet
1723 2682 2085 2750 competere
2149 2671 2505 2735 conditioni
2572 2686 2912 2751 personatu
2957 2679 3094 2733 tum

507 2756 783 2814 maxime
826 2755 971 2831 quia
1018 2753 1137 2815 hoc
1182 2763 1391 2832 potest
1433 2770 1571 2816 esse
1602 2769 1787 2816 causa
1831 2753 2137 2828 lasciviae,
2163 2752 2266 2814 vel
2302 2752 2572 2814 alterius
2614 2751 2932 2815 scandali:
2969 2766 3097 2830 quo

499 2849 695 2895 sensu
738 2833 1006 2895 mortale
1050 2843 1164 2896 est.
1210 2833 1370 2895 Hinc
1400 2833 1593 2896 illud:
1623 2835 1762 2897 Non
1807 2832 2105 2895 induetur
2146 2832 2373 2896 mulier
2415 2839 2580 2895 veste
2619 2834 2821 2907 virili,
2854 2848 2967 2894 nec
2995 2834 3103 2893 vir

500 2921 717 2977 utetur
746 2921 906 2976 veste
933 2912 1267 2993 foeininca,·
1311 2913 1756 2978 abominabilis
1788 2914 1949 2978 enim
1979 2914 2146 2993 apud
2191 2913 2380 2976 Deum
2411 2921 2506 2980 cst
2537 2915 2656 2991 qui
2683 2913 2848 2992 facit
2889 2911 3017 2974 hoec
3046 2910 3098 2972 ⁸.

507 2991 767 3059 Secluso
812 3005 1023 3056 tamen
1070 2994 1180 3056 illo
1228 2993 1514 3072 periculo
1572 2996 1698 3056 erit
1763 2993 2057 3064 veniale,
2106 2995 2155 3056 si
2206 3010 2434 3074 nempe
2499 3009 2579 3054 ex
2641 2994 2940 3068 levitate3
2992 2990 3096 3054 vel

507 3076 697 3137 etiam
737 3075 981 3136 nullum
1027 3085 1376 3152 peccatum,
1419 3077 1505 3137 sit
1549 3092 1627 3136 ex
1675 3076 2055 3136 necessitate
2091 3074 2202 3137 fiat
2232 3075 2280 3138 ⁵.

584 3155 654 3216 R.
700 3156 788 3217 Ad
834 3156 906 3218 2:
950 3153 1014 3217 Si
1055 3155 1286 3219 mulier
1330 3155 1576 3219 vultum
1622 3154 1767 3217 fuco
1815 3155 2058 3233 pingat,
2111 3164 2221 3217 aut
2259 3163 2447 3217 ornet
2490 3171 2557 3216 se
2601 3152 2957 3216 secundum
2988 3150 3098 3215 de·

504 3237 779 3298 centiam
824 3245 1025 3298 status
1068 3243 1134 3297 et
1174 3250 1417 3299 morem
1493 3238 1718 3314 patriae
1745 3283 1761 3311 ,
1808 3234 1912 3298 vel
1958 3244 2026 3298 ut
2068 3233 2315 3314 placeat
2358 3241 2497 3297 viro
2542 3251 2689 3311 suc,
2733 3233 2837 3296 vel
2885 3242 2951 3296 ut
2997 3234 3098 3295 in-

510 3318 725 3377 veniat
766 3316 999 3392 virum,
1044 3331 1171 3377 non
1218 3325 1473 3395 peccat3
1510 3318 1660 3395 quia
1706 3325 1972 3379 ornatus
2016 3321 2169 3379 satis
2216 3317 2670 3378 cohonestatur
2700 3332 2734 3378 a
2766 3331 2880 3378 suo
2928 3315 3096 3377 flue:

510 3406 575 3457 et
621 3407 770 3459 tunc
812 3398 865 3458 si
904 3396 1013 3459 alii
1052 3406 1267 3473 ruunt,
1311 3398 1437 3460 erit
1483 3399 1692 3476 potius
1737 3398 1986 3459 occasio
2031 3407 2287 3476 accepta
2316 3443 2332 3474 ,
2376 3411 2566 3476 quam
2615 3395 2784 3459 data.
2828 3393 2894 3457 Si
2938 3411 3097 3458 vero

564 3617 587 3658 1
620 3619 883 3676 Attamen,
917 3619 975 3669 ut
1004 3617 1347 3680 probabiliter
1376 3618 1530 3669 docet
1559 3618 1706 3681 Lugo
1737 3628 1860 3669 cum
1894 3617 2030 3677 aliis,
2066 3628 2172 3668 non
2207 3620 2294 3669 est
2318 3631 2454 3684 opus
2486 3619 2540 3671 in
2576 3620 2660 3671 bis
2693 3619 2944 3682 peccam,
2971 3628 3094 3680 quae

503 3680 702 3732 babent
732 3680 1063 3743 complicem,
1097 3681 1357 3745 explicare
1390 3681 1642 3744 quisnam
1677 3679 2067 3743 rueritvrimus
2100 3679 2167 3731 ad
2204 3681 2548 3746 tentandum;
2582 3683 2710 3745 quia
2772 3682 2879 3731 tam
2934 3680 3092 3731 indu·

502 3754 629 3794 cens
660 3754 821 3806 quam
857 3742 1195 3793 consentiens
1228 3739 1282 3792 iu
1319 3745 1533 3806 peccato
1567 3743 1744 3804 operis
1776 3752 1985 3805 semper
2015 3743 2245 3805 graviter
2279 3746 2500 3806 peccant
2531 3747 2719 3795 contra
2752 3741 3090 3793 charitatem.

502 3807 690 3918 {tatone
724 3807 851 3857 nibil
885 3807 965 3919 es}
996 3804 1141 3918 alti-ud
1174 3817 1338 3869 quam
1370 3805 1771 3916 circrunmstantia
1805 3805 2197 3918 aggravanstinl
2221 3805 2409 3858 eadem
2441 3819 2468 3919 si
2508 3804 3098 3921 egiessqu‘aejuxtaspgoj

501 3877 1663 4032 ρῗιξιὲῖιΓέΨ-ἓθὲἒθέιὲὶῗὴῗῑὶῗὲέῥ,,4ρέῧὲ
1695 3877 2153 3990 ιἰῗθέῑθῶῗὲἓῡ.
2200 3878 2230 3919 ⁹
2263 3879 2447 3920 ⁰⁹⁰³⁸⁸
2493 3881 2525 3919 ³
2651 3879 2721 3918 ⁰¹¹
2743 3877 2829 3919 ⁶⁸⁸
2848 3876 2941 3918 ⁰¹¹¹
3031 3877 3069 3916 ¹

568 4054 590 4093 ⁸
620 3995 946 4117 Ξῇρξῖηέιιίιζὲἕ
975 3993 1217 4106 ἓὸιιὲἑίεἶι
1235 3991 1595 4129 21082ῗὲιᾶοᾶΙῖ
1614 3991 2193 4128 cffssessr'zgr‘nf'oianiegfhz
2220 4054 2554 4116 peccandum,
2589 4053 2675 4104 sed
2705 4063 2808 4125 non
2829 4064 2899 4102 ex
2917 4053 3094 4101 animo

504 4128 685 4167 reuera
710 4116 974 4179 peccandi,
1002 4117 1089 4167 sed
1119 4118 1188 4167 ad
1218 4116 1601 4178 experiendum,
1635 4129 1707 4166 an
1737 4117 1832 4167 ula
1859 4119 1928 4167 sit
1957 4118 2194 4166 constans
2221 4121 2272 4167 et
2302 4120 2487 4177 casem·
2527 4129 2596 4166 an
2626 4118 2854 4177 praviter
2883 4115 3094 4176 peccet?

506 4177 757 4253 Affirmaj
793 4179 859 4230 ad
896 4178 997 4229 boc
1030 4179 1171 4252 enirn
1208 4179 1265 4229 ut
1297 4178 1478 4251 petitio
1514 4180 1665 4230 actus
1699 4179 1769 4229 sit
1801 4177 2004 4237 illicita,
2039 4189 2149 4228 non
2183 4180 2274 4230 est·
2296 4189 2513 4230 necesse
2553 4175 2697 4244 quod
2756 4178 2945 4240 petens
2999 4175 3091 4225 ba·

510 4239 629 4291 beat
663 4253 899 4313 annuum
939 4241 1172 4313 ponendi
1209 4242 1427 4303 pentum
1448 4252 1476 4313 ;·
1497 4239 1586 4291 sed
1622 4242 1755 4292 satis
1786 4242 1867 4291 est
1896 4238 2042 4304 quod
2078 4241 2228 4311 actus
2260 4240 2447 4312 saltem
2489 4238 2667 4354 Quoad
2721 4250 2753 4289 a
2795 4239 3092 4302 parentiam

507 4303 645 4353 serio
681 4306 892 4366 petth,
926 4306 996 4355 sit
1030 4306 1219 4355 malus.
1275 4304 1362 4354 Sic
1393 4315 1535 4354 emm
1570 4301 1872 4358 verificatur
1903 4301 2049 4365 quod
2083 4313 2202 4368 ipsa
2233 4303 2418 4367 petitio
2450 4303 2494 4356 si
2570 4302 2734 4355 induc
2778 4311 2847 4352 va
2878 4297 2945 4350 ad
2977 4301 3091 4351 cul·

508 4373 650 4427 pam,
686 4367 742 4418 ut
783 4367 867 4417 ote
899 4378 967 4417 ex
998 4377 1055 4417 se
1087 4366 1361 4418 inductiva
1394 4364 1460 4417 ad
1496 4367 1676 4416 actum
1709 4365 1932 4416 malum.

632 4426 742 4499 Sim
766 4428 882 4480 liter
913 4440 1020 4480 non
1055 4432 1136 4479 est
1166 4428 1420 4502 immunis
1455 4437 1486 4477 a
1519 4428 1667 4490 gravi
1699 4428 1799 4487 vir,
1873 4427 1924 4477 ui
1961 4425 2090 4490 petit
2141 4437 2174 4478 a
2221 4425 2466 4500 muliere,
2513 4426 2575 4478 ut
2622 4435 2805 4479 secum
2855 4422 3096 4475 dormire

507 4487 649 4550 velit,
684 4500 725 4538 si
759 4502 826 4540 ex
861 4489 1020 4540 modo
1054 4491 1305 4552 loquendi
1342 4499 1450 4541 non
1485 4489 1698 4549 indicet,
1733 4500 1790 4542 se
1824 4490 1838 4538 i
1909 4487 2084 4540 dicere
2117 4500 2187 4540 ex
2216 4500 2341 4550 Joco
2373 4488 2661 4544 manifesto
2693 4485 2859 4551 (quod
2910 4487 3092 4538 tamen

510 4548 683 4601 adbuc
716 4549 1152 4614 reprobandum).
1190 4553 1481 4617 casotum-3,
1519 4551 1810 4611 Novanus,
1847 4550 2137 4614 Alphea-sus
2166 4552 2227 4606 do
2264 4552 2442 4613 Leone,
2475 4553 2574 4602 etc.

570 4609 594 4652 ⁴
628 4612 779 4663 Deut.
816 4623 956 4663 χχιι.
990 4639 1053 4651 -
1096 4614 1151 4663 V.
1188 4614 1421 4678 Lignori,
1460 4612 1552 4675 Op.
1585 4615 1745 4674 Mor„
1778 4612 1813 4664 l.
1853 4624 1909 4674 u,
1942 4623 1998 4665 n.
2032 4616 2121 4676 δὴ
2157 4614 2212 4666 ει
2241 4612 2275 4665 l.
2312 4625 2389 4676 ιιι,
2423 4625 2477 4666 ιι.
2504 4614 2615 4665 425.

569 4672 594 4714 ⁸
624 4675 684 4726 D.
724 4675 976 4735 Thomas,
1010 4679 1059 4738 2,
1092 4678 1141 4738 Ξ,
1176 4687 1229 4740 q.
1265 4679 1374 4737 169,
1410 4686 1460 4726 a.
1495 4678 1545 4728 2.
