3292 5167
520 256 654 324 230
1231 280 1344 326 un.
1393 281 1457 327 n.
1503 281 1717 329 rator.
1761 281 1843 329 vl.
1890 282 2035 329 mss.
2083 248 2147 330 n.
2194 282 2325 329 car.
2375 279 2418 327 1.

795 524 945 590 An‘r.
994 525 1043 591 Ι.
1088 560 1180 575 -
1221 528 1314 594 De
1365 528 1738 596 Testamenti
1773 530 1988 615 forma
2032 540 2090 596 et
2135 529 2400 597 haeredis
2444 528 2849 598 institutione.

604 768 807 830 33².
852 771 1327 842 Testamentum
1374 774 1624 835 ratione
1669 791 1802 838 suae
1847 773 2071 838 formas
2114 775 2290 838 aliud
2334 784 2434 839 est
2475 776 2896 854 ordinarium,
2933 773 3114 838 aliud

517 851 803 935 speciale.
850 851 1140 930 Speciale
1185 853 1341 918 illud
1408 864 1505 915 est
1547 855 1714 933 quod
1762 856 2303 919 extraordinariis
2348 857 2853 921 circumstantiis
2923 856 3122 918 inter·

514 931 950 1007 venientibus,
996 933 1352 996 conficitur.
1398 933 1814 998 Ordinarium
1861 954 2014 999 vero
2058 936 2231 999 aliud
2280 946 2381 999 est
2425 936 2900 1018 holographum,
2943 934 3111 1015 quod

517 1017 595 1079 ab
644 1020 778 1093 ipso
847 1021 1151 1076 testatore
1198 1015 1528 1093 perficitur
1572 1017 1634 1095 (a
1683 1032 1894 1095 graeco
1962 1017 2091 1080 oles
2159 1034 2347 1079 omne
2404 1027 2468 1080 et
2525 1018 2765 1100 grapho
2808 1017 3117 1089 scribere,

516 1098 662 1177 quia
713 1102 909 1156 totum
977 1111 1008 1156 a
1056 1103 1361 1157 testatore
1427 1098 1929 1178 conscribitur);
1993 1097 2162 1160 aliud
2237 1097 2579 1177 publipum,
2642 1098 2742 1162 vel
2808 1105 3118 1160 secretum

515 1177 709 1258 (quod
758 1175 996 1238 dicitur
1039 1177 1246 1266 etiam·
1274 1178 1663 1257 mysticum),
1707 1183 1910 1258 prout·
1939 1194 2168 1258 nempe
2220 1178 2324 1242 vel
2369 1181 2706 1244 coniicitur
2741 1179 2845 1242 vel
2893 1180 3114 1260 recipi·

516 1267 624 1322 tur
672 1265 913 1321 tantum
958 1272 993 1318 a
1040 1263 1311 1318 notario.

604 1392 812 1455 3:38.
865 1394 936 1471 Q.
990 1394 1048 1457 1.
1102 1391 1264 1472 Quid
1309 1392 1380 1457 de
1425 1405 1785 1461 testamento
1832 1394 2263 1480 holographa?

603 1502 674 1567 R.
722 1498 819 1566 Ad
868 1483 1266 1590 testamentj'
1318 1498 1709 1585 holographi
1778 1499 2180 1567 validitatem
2244 1506 2554 1586 oportet:
2619 1499 2683 1585 t)
2753 1505 2826 1566 ut
2901 1506 3116 1566 totum

515 1606 601 1674 sit
648 1606 970 1691 scriptum
1019 1623 1214 1672 manu
1266 1607 1531 1692 propria
1579 1607 1793 1691 ipsius
1844 1607 2217 1687 testatoris3
2266 1609 2336 1690 2)
2377 1614 2449 1675 ut
2499 1606 2878 1674 indicentur
2925 1604 3112 1686 dies,

511 1713 763 1782 mensis
833 1720 897 1780 et
968 1730 1178 1780 annus
1251 1730 1385 1798 quo
1457 1714 1835 1782 confectum
1853 1740 1871 1795 3
1921 1716 1988 1798 3)
2039 1721 2111 1781 ut
2159 1714 2244 1781 sit
2291 1715 2420 1782 sub
2470 1711 2601 1782 fine
2649 1710 3121 1798 dispositionis

512 1822 962 1906 subscriptum
1016 1821 1285 1907 proprio
1338 1822 1674 1889 testatoris
1722 1817 2138 1907 cugnoinine,
2191 1829 2262 1890 ut
2309 1822 2454 1889 sine
2492 1820 2923 1905 ambiguitate
2958 1836 3116 1888 con·

511 1936 643 1998 stet.
677 1929 757 1996 de
809 1928 1013 2014 ipsius
1050 1946 1348 2013 persona.
1404 1932 1631 1997 Potest
1681 1930 1807 2000 hoc
1856 1938 2325 1998 testamentum
2376 1929 2604 2016 paucis
2652 1928 2873 1998 verbis
2901 1925 3116 1996 scribi

510 2053 905 2122 quacunque
934 2036 1152 2120 lingua
1191 2053 1266 2103 ac
1306 2037 1529 2103 charta
1570 2033 1617 2104 ¹.
1653 2039 1771 2106 Est
1803 2045 2022 2106 antem
2062 2037 2143 2106 de
2195 2036 2590 2106 necessitate
2624 2033 3110 2120 designandum

510 2152 796 2228 tempus,
847 2149 912 2211 et
961 2145 1220 2224 merito,
1272 2150 1344 2210 ut
1376 2145 1430 2211 si
1474 2144 1662 2229 plura
1713 2152 2067 2213 occurrant
2116 2152 2530 2226 testamenta,
2566 2151 2967 2229 agnoscatur
3001 2143 3110 2211 cui

510 2251 816 2320 standum
879 2251 997 2332 sit3
1069 2251 1193 2319 etsi
1266 2259 1482 2319 autem
1529 2251 1896 2336 designatio
1964 2252 2090 2323 diei
2149 2261 2214 2321 et
2265 2253 2412 2320 anni
2467 2252 2606 2320 fieri
2661 2252 2872 2336 possit
2923 2250 3103 2318 notis

511 2358 966 2441 arithmeticis,
1017 2360 1222 2428 tutius
1263 2368 1484 2428 autem
1532 2366 1634 2429 est
1683 2360 1738 2428 si
1789 2360 1902 2427 fiat
1950 2360 2163 2429 literis
2214 2379 2333 2447 per
2377 2367 2753 2429 extensum.
2821 2362 2960 2426 Non
3010 2364 3110 2425 ta·

508 2483 661 2534 men
735 2466 1113 2535 necessario
1186 2475 1453 2534 notatur
1501 2468 1730 2549 locuS,
1783 2468 1972 2554 cujus
2015 2467 2328 2536 indicatio
2379 2485 2510 2535 non
2562 2473 2664 2534 est
2715 2465 3104 2551 praescripta

509 2575 635 2643 nisi
682 2594 799 2659 pro
842 2575 1161 2642 notariis:
1207 2591 1422 2659 neque
1473 2575 1775 2643 officiunt
1827 2576 2100 2656 lacunae,
2156 2594 2273 2643 nec
2322 2574 2539 2643 liturae
2590 2581 2703 2641 aut
2753 2572 3106 2658 interposi·

507 2681 768 2764 tioneS,
818 2682 1017 2750 modo
1089 2681 1362 2766 integrae
1413 2682 1792 2751 scribantur
1837 2684 1917 2751 ab
1967 2683 2113 2768 ipso
2161 2690 2506 2764 testatore,
2552 2673 2736 2750 adeo'
2771 2689 2841 2748 ut
2891 2681 2946 2749 si
2997 2679 3106 2748 vel

502 2799 714 2857 unum
752 2791 1023 2858 verbum
1060 2790 1267 2856 aliena
1304 2808 1498 2857 mann
1535 2791 1619 2857 sit
1656 2791 2108 2877 conscriptum
2149 2798 2460 2874 tanquam
2502 2807 2651 2857 vera
2697 2807 2847 2875 pars
2891 2787 3110 2873 ipsius

507 2898 928 2979 testamenti,
1004 2905 1139 2963 tota
1200 2895 1551 2982 dispositio
1621 2899 1802 2967 irrita
1850 2900 1935 2966 sit
1986 2900 2035 2968 ἓ.
2086 2898 2502 2982 Subscriptio
2552 2906 2778 2966 autem
2825 2895 3104 3006 omnino

507 3004 877 3073 necessaria
926 3004 1158 3071 ultima
1209 3004 1335 3086 sit,
1389 3023 1462 3073 ac
1505 3006 1653 3074 talis
1701 3016 1774 3073 ut
1823 3011 2084 3075 constet
2133 3004 2215 3073 de
2261 3003 2606 3073 identitate
2659 3022 2989 3089 personae,
3039 3010 3106 3072 et

509 3113 807 3197 quamvis
856 3113 1159 3181 sufficere
1208 3113 1525 3196 videatur,
1562 3122 1633 3183 ut
1683 3121 1965 3183 testator
1997 3131 2141 3182 eam
2170 3113 2474 3182 adhibeat
2510 3112 3106 3197 subscriptionem,

508 3236 706 3304 quam
755 3220 1092 3287 consuerit
1141 3220 1453 3291 adhibere
1504 3223 1568 3289 in
1619 3222 1902 3308 publicis
1950 3222 2205 3289 actibus
2240 3226 2305 3289 et
2340 3222 2463 3289 sub
2505 3237 2634 3304 qua
2668 3222 2863 3304 vulgo
2898 3227 3105 3288 notus
3217 3243 3232 3260 ·

507 3336 609 3395 est
658 3324 720 3408 ³3
795 3335 1066 3413 praestat
1114 3336 1330 3397 tamen
1381 3337 1453 3396 ut
1501 3331 1748 3399 scribat
1796 3347 2166 3416 cognomen
2216 3328 2486 3396 familiae
2539 3330 2851 3422 propri-ae,
2901 3343 3101 3397 snum

506 3452 749 3502 nomen
825 3436 1173 3521 personale
1243 3436 1587 3521 addendo,
1641 3438 1722 3505 ad
1785 3456 2050 3507 omnem
2100 3434 2554 3505 difficultatem
2617 3435 3101 3508 declinandam.

505 3544 686 3612 Uxor
732 3561 886 3612 vero
936 3544 1096 3612 satis
1144 3551 1245 3613 est
1291 3553 1365 3611 ut
1413 3547 1659 3614 scribat
1707 3565 2076 3633 cognomen
2124 3544 2386 3613 familiae
2438 3544 2541 3612 sni
2593 3544 2709 3612 viri
2764 3562 2918 3614 cum
2968 3563 3100 3616 suo

506 3649 837 3735 personali
890 3651 1179 3718 nomine.
1747 3701 1756 3706 -

594 3757 732 3826 Etsi
784 3765 1004 3826 autem
1031 3758 1176 3825 haec
1204 3761 1579 3827 testamenti
1608 3760 1817 3828 forma
1845 3760 2139 3828 omnium
2177 3761 2426 3846 optima
2458 3759 2677 3827 haberi
2734 3758 2971 3843 possit,
3010 3761 3100 3828 ob

504 3882 693 3933 suam
741 3863 1251 3950 simplicitatem,
1300 3874 1365 3932 et
1414 3866 1565 3951 quia
1613 3866 1963 3952 dispositio
2012 3866 2093 3934 ad
2137 3867 2395 3935 libitum
2443 3867 2586 3934 sine
2637 3865 2766 3932 ulla
2807 3864 3096 3934 difficul-

504 3980 639 4041 tate
712 3973 950 4040 mutari
1020 3970 1222 4054 valet3
1273 3978 1557 4041 attamen
1607 3974 1748 4041 suis
1797 3973 1996 4041 etiam
2047 3973 2484 4042 incommodis
2533 3991 2666 4040 non
2704 3980 2906 4054 caret,
2943 3990 3098 4041 cum

503 4080 717 4165 possit
788 4079 1103 4149 occultari
1178 4098 1251 4148 ac
1324 4079 1594 4148 lacerari
1667 4080 1747 4147 ab
1813 4081 1891 4148 iis
1941 4098 2226 4166 quorum
2263 4082 2594 4149 interesse
2641 4087 2885 4165 potest.
2935 4079 3098 4148 Ideo

502 4195 776 4272 praestat
824 4197 894 4255 ut
944 4187 1423 4274 holographum
1461 4194 1931 4256 testamentum
1967 4189 2263 4258 tradatur
2291 4187 2803 4257 custodiendum
2836 4186 2919 4254 ad
2950 4203 3093 4254 ma-

562 4415 579 4456 ¹
617 4418 810 4471 Charta
845 4433 1061 4473 necesse
1096 4436 1202 4474 non
1238 4427 1401 4476 estut
1433 4425 1576 4484 regni
1614 4425 1767 4484 signo
1799 4425 1868 4475 sit
1901 4424 2104 4473 munita
2138 4421 2385 4482 (bozeam)
2420 4432 2485 4471 ex
2522 4422 2655 4484 Lege
2691 4421 2746 4471 tt
2773 4418 2896 4480 julii
2933 4422 3093 4476 18ὓ6;

502 4477 623 4530 ideo
657 4481 801 4531 nulla
835 4484 932 4533 hac
964 4485 1029 4536 de
1063 4498 1116 4536 re
1152 4489 1348 4538 mulcta
1379 4488 1635 4540 solvenda
1668 4490 1762 4538 est.

563 4542 588 4581 ²
620 4544 874 4593 Constare
904 4545 1057 4596 debet
1090 4550 1313 4599 verbnm
1344 4560 1459 4600 esse
1496 4555 1697 4611 partem
1736 4546 2060 4606 testamenti,
2098 4547 2334 4609 alioquin
2387 4547 2568 4607 posset
2612 4541 2835 4605 quilibet
2884 4541 2951 4593 ad
3002 4553 3092 4594 cu-

494 4601 585 4664 jus
620 4616 811 4655 manus
844 4607 970 4656 illud
1007 4609 1293 4668 devenerit,
1328 4611 1534 4662 irritum
1570 4613 1740 4662 tacere
1778 4624 1865 4672 per
1896 4608 2040 4661 veihi
2077 4607 2421 4659 additionem.
3043 4651 3058 4668 ,

565 4665 587 4704 ⁸
624 4666 751 4716 Hinc
783 4668 834 4718 in
872 4671 1039 4719 Gallia
1074 4672 1147 4721 uti
1179 4676 1414 4724 validum
1454 4674 1693 4723 habitum
1725 4673 1822 4722 tuit
1856 4674 2226 4722 testamentum
2265 4669 2546 4720 clarissimi
2593 4667 2878 4727 Massilion,
2939 4665 3089 4728 quod

500 4726 642 4779 hanc
677 4731 882 4781 tantum
916 4729 1112 4783 terebat
1143 4735 1619 4798 subscriptionem:
1657 4735 1693 4794 q·-
1727 4734 1768 4785 Ι.
1807 4735 1859 4783 Β.
1894 4735 2027 4798 eveq.
2062 4736 2121 4784 de
2156 4733 2434 4786 clermont.
