3292 5167
1280 271 1356 315 us:
1401 264 1757 316 Junausswro
2746 248 2832 316 63

252 377 420 445 Libro
461 374 532 441 de
573 374 892 441 mendacio
942 375 990 439 ¹.
1039 373 1220 444 Adde
1267 373 1814 455 inconvenientia,
1888 390 2038 458 quae
2090 390 2283 441 secus
2332 373 2709 455 evenirent3
2767 373 2822 441 si

250 500 469 569 nempe
513 499 643 549 non
694 480 943 564 liceret,
976 459 1163 567 ‘justa
1214 488 1477 550 extante
1525 499 1741 564 causa,
1792 481 1888 548 uti
1935 480 2044 547 tali
2095 480 2548 563 restrictione‚‘
2594 480 2825 551 nullus

246 598 405 659 esset
453 588 685 657 modus
734 595 1065 656 secretum
1117 589 1394 658 honeste
1443 588 1720 671 celandi,
1770 586 1950 674 quod
1997 587 2146 674 quis
2210 588 2353 656 sine
2437 588 2678 657 damno
2729 589 2832 658 vel

243 696 646 767 incommodo
695 697 953 783 aperire
999 697 1338 783 nequiret.
1388 698 1516 765 boc
1563 704 1787 765 autem
1835 697 2145 763 humanae
2195 696 2502 764 societati
2537 716 2674 765 non
2710 696 2829 764 mi-

243 825 352 874 nus
399 812 572 873 esset
624 787 1096 890 perniciosum,
1146 822 1343 891 quam
1393 804 1611 890 ipsum
1692 802 2127 873 mendacium.
2203 803 2272 870 Si
2328 822 2486 888 ergo
2566 804 2679 871 tali
2732 805 2827 872 uti

240 891 677 983 restrictione·
691 913 944 982 bonum
993 920 1114 996 est,
1163 913 1323 982 nihil
1374 913 1597 995 officit,
1648 911 1830 998 quod
1863 913 2063 981 etiam
2109 912 2487 998 juramento
2523 912 2830 980 firmetur

236 1021 756 1109 quotiescunque
825 1021 889 1088 id
938 1023 1452 1090 circumstantiae
1506 1021 2003 1107 postulaverint.
2078 1022 2223 1088 Non
2276 1027 2496 1089 tamen
2552 1029 2655 1089 est
2717 1038 2829 1089 ne—

236 1128 505 1215 gandum
553 1129 874 1215 majorem
923 1147 1187 1197 causam
1238 1128 1483 1215 requiri
1537 1129 1618 1197 ad
1668 1127 2219 1214 aequivocandum
2254 1145 2407 1196 cum
2438 1128 2823 1214 juramento

232 1253 416 1323 quam
466 1236 609 1304 sine
651 1236 1077 1321 jurament03
1130 1236 1280 1322 quia
1330 1235 1623 1304 divinum
1673 1235 2130 1312 testimonium
2180 1252 2215 1303 a
2264 1235 2459 1304 nobis
2511 1253 2645 1303 non
2723 1240 2825 1303 est

234 1344 309 1410 ita
343 1343 533 1411 facile
581 1344 1056 1430 usurpandum.

308 1450 603 1519 Diximus
656 1454 725 1518 1:
772 1455 881 1520 Ea:
913 1452 1093 1538 justa
1137 1471 1348 1534 causa,
1402 1469 1484 1519 ne
1532 1457 1782 1521 temere
1816 1451 2167 1519 inducatur
2198 1399 2667 1542 tergiversandi
2711 1450 2817 1518 lo-

229 1576 367 1638 cus3
414 1576 566 1626 nam
612 1558 767 1627 licet
816 1558 883 1625 id
932 1577 1064 1627 non
1113 1559 1199 1644 sit
1248 1558 1687 1636 mendacium
1754 1558 2021 1645 aliquod
2071 1565 2288 1625 tamen
2340 1558 2814 1626 detrimentum

231 1666 398 1733 affert
446 1662 783 1735 communi
831 1667 1181 1750 convictui,
1232 1676 1297 1737 et
1344 1667 1760 1753 aliquatenus
1796 1666 2069 1752 derogat
2103 1667 2409 1734 humanae
2448 1666 2620 1747 fidei,
2657 1683 2812 1735 cum

229 1791 476 1859 semper
523 1773 862 1843 auditores
912 1793 1043 1843 non
1115 1775 1371 1861 possint
1420 1792 1569 1843 esse
1617 1775 1706 1842 ita
1753 1775 1948 1855 cauti,
2019 1782 2089 1842 ut
2160 1791 2394 1841 omnes
2449 1773 2823 1859 aequivoca-

231 1881 425 1948 tiones
474 1899 708 1949 cavere
767 1881 1046 1967 possint.
1091 1884 1276 1950 Justa
1325 1890 1546 1950 autem
1594 1899 1790 1950 causa
1858 1880 2172 1967 loquendi
2234 1881 2540 1966 ambigue
2605 1888 2804 1962 esset,

230 1995 291 2054 ut
331 1987 560 2055 dicunt
614 1989 1076 2072 communiter,
1127 1988 1530 2074 quicumque
1570 1988 1721 2056 finis
1764 1988 2085 2056 honestus
2136 1986 2215 2053 ad
2263 1987 2580 2055 servanda
2630 1989 2806 2056 bona

233 2113 357 2180 quae
406 2096 605 2164 nobis
654 2103 954 2182 prosunt,
1008 2097 1109 2164 vel
1159 2096 1356 2164 etiam
1403 2096 1483 2163 ad
1530 2114 1603 2164 se
1653 2096 2066 2176 liberandum
2140 2096 2220 2163 ab
2273 2094 2669 2182 importuna,
2719 2094 2814 2162 fa-

230 2202 474 2270 stidiosa
532 2212 597 2272 et
646 2203 888 2291 injusta
949 2197 1486 2289 interrogatione.
1537 2206 1793 2272 Docent
1839 2210 2058 2271 tamen
2131 2202 2537 2289 probabilius
2587 2210 2818 2271 contra

231 2309 443 2390 Vivam,
502 2311 877 2396 cajetanus,
927 2311 1216 2394 Lessius‚
1267 2315 1472 2396 Lago,
1532 2311 2086 2379 Salmanticenses
2151 2318 2216 2377 et
2264 2309 2576 2391 Sanchez‚
2636 2309 2818 2395 quod

233 2432 329 2500 per
370 2433 439 2484 se
486 2416 543 2484 si
599 2417 740 2484 sola
789 2435 984 2485 causa
1033 2418 1224 2501 desit,
1276 2416 1734 2504 tergiversatio
1801 2435 1944 2506 non,
1984 2418 2068 2486 sit
2131 2416 2256 2484 nisi
2304 2414 2576 2483 venialis
2593 2440 2611 2498 ;
2663 2414 2815 2503 quia

234 2519 500 2589 detectus
559 2529 664 2591 est
714 2530 968 2591 tantum
1019 2525 1081 2592 in
1133 2524 1556 2593 discretione.

302 2629 593 2699 Diximus
641 2632 716 2699 2:
767 2634 887 2699 Per
930 2651 994 2698 se
1040 2632 1377 2717 loqueram
1423 2650 1573 2701 nam
1617 2631 1979 2718 aequivocis
2020 2629 2237 2697 verbis
2290 2628 2415 2696 sub
2451 2626 2625 2713 gravi
2664 2644 2811 2712 pro-

232 2733 511 2804 hibemur
561 2738 700 2804 uti:
760 2740 832 2822 a)
892 2737 946 2806 si
996 2738 1150 2807 inde
1197 2738 1533 2807 auditores
1584 2739 1648 2805 in
1715 2736 1983 2824 aliquod
2032 2754 2227 2823 grave
2275 2734 2592 2804 damnum
2643 2732 2809 2800 inci-

232 2840 463 2911 derent:
512 2845 645 2914 hoc
693 2845 881 2914 enim
919 2846 1255 2914 charitatis
1305 2853 1643 2932 praecepto
1695 2853 2002 2914 tenemur
2053 2853 2394 2924 avertere3
2439 2843 2510 2922 b)
2545 2842 2808 2927 quando

231 2957 581 3021 contractus
631 2960 901 3022 mutuos
949 2953 1397 3035 celebramus;
1448 2954 1769 3023 debemus
1818 2953 1995 3021 enim
2043 2971 2124 3021 ex
2166 2951 2425 3038 Justitia
2476 2950 2672 3018 verba
2724 2947 2804 3015 ad

231 3064 485 3125 mentem
537 3060 995 3129 contrahentis
1042 3060 1217 3129 nude
1267 3061 1582 3166 proferre,
1636 3080 1719 3129 ne
1768 3077 1920 3129 eum
1955 3059 2399 3143 decipiamus;
2432 3057 2497 3138 c)
2534 3054 2802 3142 quando

226 3161 396 3247 judex
440 3167 541 3233 vel
593 3168 905 3252 superior
963 3168 1455 3236 communitatis
1503 3168 1569 3236 in
1621 3168 1821 3236 rebus
1870 3167 1970 3235 sui
2021 3165 2218 3234 officii
2271 3164 2559 3250 legitime
2605 3163 2806 3231 inter-

231 3279 456 3354 rogant:
509 3274 613 3342 uti
680 3274 736 3342 si
786 3275 865 3342 ad
913 3293 1140 3344 sacros
1191 3275 1474 3345 Ordines
1527 3274 2021 3360 promovendus
2062 3274 2510 3358 interrogetur
2557 3271 2638 3338 de
2687 3287 2803 3338 na-

232 3376 457 3462 talibus
504 3379 594 3449 de
633 3381 1286 3468 irregularitate‚·vel
1336 3383 1566 3452 volens
1617 3383 2011 3452 contrahere
2047 3380 2474 3449 matrimonio
2522 3380 2802 3447 interro·

232 3490 392 3566 getur
430 3486 512 3555 de
565 3488 1079 3574 impedimentis.
1130 3493 1311 3558 Tunc
1367 3490 1689 3559 debemus
1753 3490 1819 3558 in
1868 3509 2069 3559 sensu
2107 3489 2566 3574 interrogantis
2627 3486 2802 3555 clare

234 3593 648 3677 respondere:
683 3614 877 3665 secus
918 3597 1175 3682 J'ustitia
1212 3598 1474 3684 publica
1507 3615 1583 3667 ac
1624 3600 1876 3667 bonum
1911 3596 2409 3666 communitatis
2446 3595 2640 3663 nimis
2675 3593 2802 3661 fre-

234 3706 478 3779 quenter
525 3719 560 3768 a
614 3701 885 3771 discolis
935 3702 1329 3773 laederetur:
1379 3705 1578 3774 etiam
1627 3724 1782 3774 reus
1818 3714 1975 3774 tunc
2010 3706 2350 3774 veritatem
2388 3702 2566 3770 nude
2605 3700 2798 3767 fateri

234 3808 474 3891 tenetur,
522 3809 729 3895 idque
763 3811 1193 3896 probabilius,
1233 3813 1354 3881 etsi
1398 3814 1546 3882 ideo
1582 3831 1776 3898 grave
1838 3814 1963 3900 ipsi
2017 3814 2355 3882 immineat
2393 3811 2707 3878 damnum
2745 3811 2797 3875 ².

300 3908 430 3982 86.
481 3919 555 3997 Q.
605 3918 670 3984 8.
722 3917 887 3999 Quid
930 3918 1003 3984 de
1036 3919 1280 4005 judicio
1327 3920 1396 3986 in
1406 3921 1848 4012 juramento?
2447 3948 2452 3954 ·

302 4021 362 4088 R.
401 4023 717 4090 Iudicium
761 4026 862 4092 hic
905 4045 1033 4093 non
1077 4027 1349 4093 sumitur
1386 4045 1505 4113 pro
1551 4027 1909 4095 eoeecutione
1942 4028 2226 4114 justitia,
2264 4023 2477 4110 inquit
2529 4019 2795 4106 Angeli-

234 4139 345 4206 cus,
383 4128 484 4194 sed
521 4149 645 4216 pro
695 4130 937 4216 jndicio
997 4131 1385 4200 discretionis
1427 4136 1489 4215 ὃς
1562 4151 1713 4203 cum
1787 4135 1964 4203 enim
2007 4133 2458 4219 juramentum
2528 4129 2613 4197 sit
2682 4146 2792 4197 res

237 4235 629 4320 sanctissima,
683 4238 1078 4310 non.debet
1148 4238 1289 4308 fieri
1362 4242 1615 4328 absque
1665 4241 2032 4327 prudentia,
2106 4237 2638 4308 consideratione
2715 4253 2790 4303 ac

238 4344 587 4413 reverentia:
639 4362 794 4431 quaa
843 4345 967 4412 tria
1014 4346 1081 4414 in
1131 4346 1550 4416 discretionis
1591 4348 1846 4435 judicio
1911 4348 2353 4417 continentur.
2424 4348 2636 4429 Quare
2678 4344 2789 4430 ju-

288 4565 374 4628 ¹2.
402 4574 446 4631 2,
478 4585 529 4637 q.
559 4577 643 4635 69,
679 4574 732 4625 et
767 4574 879 4637 110,
913 4585 961 4625 a.
993 4577 1044 4628 2.
1077 4600 1143 4613 —
1175 4575 1406 4636 hessius,
1440 4577 1511 4627 De
1542 4577 1785 4639 Iastium
1819 4575 1955 4641 disp
1990 4577 2049 4629 dc
2082 4579 2325 4639 veritate,
2362 4576 2451 4629 ubi
2487 4577 2660 4640 plura.

284 4629 305 4668 ²
339 4606 562 4687 V.1’.ib.1
595 4647 723 4699 quae
758 4608 915 4748 dispu
880 4639 993 4688 utta
995 4650 1027 4688 a
1058 4640 1184 4689 sunt
1214 4640 1275 4689 de
1295 4612 1494 4702 judice,
1532 4650 1586 4691 n.
1621 4641 1736 4691 521.

286 4691 447 4758 ⁸2,2,
477 4702 644 4762 (1.89,
683 4698 797 4749 ιθ
849 4723 904 4735 -
950 4697 999 4751 V.
1034 4700 1295 4765 DewLugo
1330 4702 1556 4766 Denda,
1591 4701 1791 4766 disput.
1824 4715 1894 4754 iv.
