3292 5167
1132 175 1215 221 nn
1263 170 1703 220 niteris-oriones:
1749 171 1813 220 m
1860 175 2069 222 specie
2160 211 2169 222 .
2792 158 2932 225 5:39

310 278 627 348 Pontifex
681 275 964 345 intendit
1012 276 1307 361 obligare
1355 284 1585 343 contra
1626 276 1959 361 justitiam
2010 285 2074 358 ¹3
2129 313 2221 328 -
2265 279 2335 363 2)
2385 278 2564 364 quod
2628 279 2915 348 famulus

307 387 375 452 si
431 402 510 452 ex
559 382 662 451 sui
696 383 1028 450 electione
1062 398 1302 466 operas
1337 388 1590 466 augeat,
1627 380 1787 448 nibil
1826 381 2038 467 possit
2071 381 2195 449 sibi
2239 399 2707 469 compensare:
2761 393 2921 454 tunc

319 499 640 564 censetur
686 506 956 575 operam
1001 506 1192 557 suam
1242 487 1621 557 condonare
1669 487 1751 554 ad
1797 486 2045 555 domini
2106 488 2641 559 benevolentiam
2705 492 2928 559 conci-

311 598 629 666 liandam.
678 597 745 664 Si
783 614 936 665 vero
972 581 1216 681 operas
1244 601 1478 679 augeat
1512 613 1592 662 ex
1625 593 1873 662 domini
1905 601 2082 662 certa
2117 594 2457 664 voluntate
2483 605 2797 682 expressa
2825 595 2929 667 vel

320 705 543 786 tacita,
597 701 1055 789 compensatio
1106 701 1231 768 erit
1280 699 1734 769 concedenda:
1786 701 1939 788 quia
1986 701 2214 786 diqnus
2259 714 2347 769 esc
2393 704 2721 789 operarius
2752 723 2918 770 mer-

307 810 646 878 cedesua.

968 1061 1214 1127 Momm
1260 1077 1376 1144 pro
1425 1055 1827 1142 confessariis
1872 1058 2045 1126 circa
2090 1059 2296 1144 furta.

345 1359 352 1364 -
406 1323 600 1386 πθ.
647 1323 982 1403 inquirant
1025 1322 1231 1402 quoad
1279 1321 1520 1386 furtum
1565 1322 1739 1384 omni
1787 1322 2022 1398 studio,
2054 1338 2129 1385 ac
2165 1323 2502 1403 diligentia
2543 1325 2930 1389 confessarii

316 1425 365 1469 a
411 1406 593 1469 fure:
640 1406 703 1484 1)
747 1406 1205 1483 quantitatem3
1246 1403 1314 1482 2)
1361 1403 1791 1466 intentionem
1840 1403 1980 1480 plus
2024 1403 2325 1480 furandi,
2388 1407 2439 1468 si
2509 1395 2724 1468 habita
2800 1406 2934 1469 lue·

319 1488 455 1558 rit;
498 1486 564 1562 3)
609 1485 911 1546 damnum
964 1485 1400 1547 extrinsecum
1429 1532 1443 1558 ‚
1493 1501 1603 1545 seu
1653 1482 1897 1545 lucrum
1945 1500 2199 1546 cessans
2245 1495 2309 1548 et
2354 1484 2657 1548 damnum
2725 1502 2929 1549 emer·

315 1583 524 1645 gens;
567 1566 631 1643 4)
675 1583 724 1627 si
775 1568 1100 1628 revocavit
1145 1565 1568 1626 intentionem
1623 1563 1900 1638 furandi,
1947 1572 2012 1626 et
2050 1565 2260 1627 adhuc
2324 1565 2572 1628 furatus
2634 1566 2763 1635 sit;
2830 1565 2937 1628 vel

321 1666 382 1710 si
433 1657 756 1709 revocavit
801 1649 1226 1708 intentionem
1274 1662 1407 1707 rem
1457 1645 1733 1706 alienam
1781 1645 2139 1720 retinendi,
2200 1647 2311 1707 sed
2368 1647 2577 1708 adbuc
2646 1648 2937 1710 retinere

326 1727 536 1789 voluit
578 1743 650 1788 ac
696 1727 964 1799 retinet,
1005 1727 1072 1806 5)
1115 1742 1195 1788 ex
1241 1724 1532 1799 Billuart‚
1579 1740 1660 1786 an
1705 1742 1738 1786 a
1793 1740 2092 1803 paupere,
2140 1727 2235 1789 vel
2282 1727 2484 1790 divite
2530 1728 2780 1790 furatus
2824 1730 2933 1792 sit.

353 1833 358 1842 ·
412 1810 490 1869 At
535 1823 659 1868 non
710 1817 1100 1886 praesumant
1155 1807 1509 1868 directores
1575 1805 2006 1868 individuales
2074 1822 2254 1869 casus
2320 1817 2495 1869 certo
2556 1807 2933 1883 resolvere,

328 1889 454 1951 boc
497 1896 594 1950 est
636 1887 940 1960 mortale,
989 1888 1105 1949 boc
1150 1886 1448 1961 veniale,
1496 1888 1613 1948 nisi
1667 1885 1727 1945 id
1778 1897 2026 1949 constet
2080 1898 2345 1964 aperte;
2405 1890 2512 1951 sed
2579 1887 2939 1967 plerunque

323 1969 597 2048 expedit
636 1985 779 2030 cum
824 1984 870 2029 s,
916 1968 1272 2049 Augustino
1316 1984 1494 2030 suam
1543 1968 1975 2043 ignorantiam
2042 1969 2247 2030 fateri.
2295 1969 2374 2030 Et
2422 1969 2575 2031 dum
2622 1986 2695 2030 ea
2741 1971 2821 2030 de
2867 1986 2938 2032 re

327 2070 364 2113 a
417 2050 879 2129 poenitentibus
927 2050 1449 2127 interrogautur,
1498 2046 1851 2125 prudenter
1899 2053 2383 2125 responsionem
2442 2050 2802 2112 absolutam
2869 2059 2935 2110 et

326 2130 761 2192 decretoriam
826 2127 1198 2205 declinent,
1244 2129 1500 2207 illisque
1544 2143 1831 2190 omnium
1878 2140 2291 2206 peccatorum
2336 2132 2528 2192 etiam
2574 2130 2935 2191 venialium

333 2214 672 2274 horrorem
722 2209 1061 2272 incutiant.

407 2292 501 2352 An
548 2299 762 2351 autem
808 2291 892 2352 sit
934 2288 1311 2369 explicanda
1359 2290 1836 2351 circumstantia
1902 2289 2016 2350 sslii
2046 2336 2062 2363 ,
2106 2291 2154 2350 si
2206 2288 2316 2351 ille
2361 2307 2393 2353 a
2442 2300 2621 2368 patre
2686 2290 2932 2352 furatus

331 2373 446 2445 sit,
495 2370 856 2448 negandum
904 2387 1047 2432 cum
1093 2370 1287 2448 Lug0,
1334 2371 1478 2448 quia
1528 2368 1772 2432 furtum
1820 2385 1949 2431 non
1987 2372 2335 2448 opponitur
2369 2371 2756 2449 regulariter
2789 2385 2931 2431 con-

335 2459 434 2512 tra
489 2451 548 2513 id
595 2449 761 2530 quod
808 2450 980 2512 lilius
1025 2449 1217 2512 debet
1262 2449 1676 2528 peculiariter
1720 2452 1906 2529 patri,
1955 2449 2014 2511 id
2062 2461 2160 2513 est
2204 2466 2332 2511 non
2379 2455 2727 2530 opponitur
2787 2466 2925 2526 gra·
2956 2523 2973 2532 ,

332 2529 506 2593 viter
547 2546 613 2593 et
654 2530 901 2593 directe
945 2539 1162 2593 contra
1210 2531 1516 2591 virtutem
1561 2532 1840 2608 pietatis,
1887 2531 2270 2591 reverentiae
2315 2540 2379 2592 et
2422 2535 2658 2593 amoris
2699 2544 2934 2609 paren·

335 2613 508 2678 tibus
553 2610 807 2686 debitae,
851 2615 1017 2674 sicut
1060 2611 1406 2689 opponitur
1451 2610 1864 2685 contumelia,
1908 2611 2294 2684 vulneratio,
2331 2612 2548 2675 odium
2580 2622 2645 2674 et
2675 2609 2941 2673 similia.

333 2689 627 2755 Diximus
668 2689 1095 2772 reputantem·
1144 2705 1289 2752 nam
1334 2691 1679 2769 aliquando
1727 2701 1931 2770 potest
1976 2697 2195 2771 utique
2239 2695 2522 2769 graviter
2567 2691 2825 2771 opponi,
2878 2705 2936 2751 v.

331 2788 419 2849 g„
446 2775 499 2835 si
539 2773 709 2835 filius
746 2771 1035 2834 auferret
1078 2787 1111 2835 a
1157 2777 1337 2851 patre
1385 2778 1625 2833 tantam
1672 2772 2049 2834 substantiae
2100 2783 2362 2851 partem,
2408 2783 2477 2836 ut
2521 2782 2701 2853 pater
2741 2768 2934 2833 redu·

331 2862 600 2917 ceretur
662 2852 740 2914 ad
806 2860 1158 2933 egestatem
1194 2902 1208 2925 ,
1272 2848 1370 2912 vel
1417 2852 1468 2911 si
1517 2858 1697 2930 pater
1752 2861 2081 2932 pateretur
2142 2851 2410 2915 multum
2460 2855 2576 2916 bac
2622 2853 2702 2915 de
2745 2865 2936 2913 causa

330 2937 508 2996 circa
558 2943 791 2995 statum
836 2942 901 2996 et
945 2933 1380 3009 conditionem
1428 2947 1630 2994 suam.

420 3012 611 3074 ⁷2⁴1.
656 3013 951 3075 Graviter
1010 3012 1490 3092 reprehendant
1554 3010 1932 3075 confessarii
2005 3011 2149 3074 illos
2213 3014 2501 3091 perditos
2565 3014 2944 3092 genitores„

328 3097 448 3173 qui
494 3093 732 3172 aliquid
767 3093 1024 3156 domum
1070 3092 1512 3156 deferentibus
1557 3107 1781 3155 eorum
1825 3092 1997 3169 filiis,
2042 3092 2275 3154 leviter
2319 3095 2736 3174 acquiescunt
2771 3096 2932 3176 ipso-

339 3190 485 3236 rum
558 3174 850 3236 futilibus
923 3175 1309 3238 rationibus:
1379 3175 1715 3252 principiis
1763 3173 2018 3234 fortiter
2064 3171 2338 3248 obstent,
2410 3191 2614 3253 neque
2680 3176 2941 3251 sinant,

339 3265 414 3318 ut
455 3255 557 3316 vel
601 3255 748 3333 quid
799 3257 1134 3317 minimum
1200 3254 1554 3332 surripiant
1621 3269 2002 3334 quocunque
2066 3262 2397 3330 praetextu.
2458 3280 2480 3310 ι
2526 3254 2547 3316 l
2594 3255 2747 3317 furti
2819 3257 2939 3334 (ita

337 3335 528 3412 liber,
604 3334 843 3398 Mecodo
879 3352 994 3413 per
1037 3336 1102 3398 la
1142 3336 1458 3398 direzione
1502 3333 1660 3395 delle
1705 3334 1911 3397 anime
1966 3345 2144 3418 ecc),
2188 3335 2308 3395 clie
2356 3336 2371 3395 i
2421 3335 2553 3414 figli
2624 3336 2687 3397 di
2759 3335 2939 3398 fami·

334 3414 472 3494 glia
520 3414 719 3477 fanno
764 3415 977 3478 a’loro
1021 3418 1300 3496 genitori
1347 3429 1505 3480 sono
1551 3430 1679 3482 non
1748 3412 2101 3482 solamente
2149 3417 2386 3492 peccati
2438 3415 2499 3476 d’
2528 3417 2945 3493 ingiustizia,

341 3511 445 3558 ma
490 3496 888 3575 dispongono
937 3491 1092 3574 p'ure
1136 3513 1165 3556 a
1215 3495 1577 3575 gravissimi
1637 3496 1830 3557 mali:
1895 3494 2313 3556 d’ordinario
2380 3498 2430 3555 si
2505 3507 2943 3559 commettono

342 3593 461 3654 per
504 3575 649 3637 larii
697 3579 942 3639 servire
991 3578 1051 3638 di
1103 3581 1299 3639 mezzi
1346 3575 1468 3640 alla
1519 3577 1756 3650 vanita,
1799 3575 2416 3653 all'intemperanza
2447 3622 2464 3653 ,
2499 3576 2555 3638 al
2607 3578 2856 3654 giuoco,
2909 3593 2941 3640 a

337 3657 761 3728 hancliettare
806 3673 840 3719 e
884 3659 1295 3720 stravizzaie:
1366 3656 1406 3719 il
1475 3653 1745 3719 Par-roco
1808 3657 2263 3732 uejnspirera
2329 3657 2810 3727 abborrimento
2885 3656 2944 3718 ai

343 3738 646 3816 giovani3
704 3739 1008 3799 cercbera
1054 3737 1116 3798 di
1168 3737 1655 3816 preservarneli.
1700 3733 1765 3797 Si
1812 3735 1930 3798 dee
1976 3737 2227 3797 inveire
2290 3752 2407 3797 con
2479 3736 2647 3798 forza
2718 3744 2946 3798 contro

335 3817 542 3897 quelli
589 3820 708 3880 cbe
752 3832 1153 3897 comperano,
1197 3834 1232 3878 o
1276 3820 1394 3879 cbe
1438 3817 1755 3880 ricettano
1814 3818 1870 3879 le
1928 3832 2073 3886 cose
2134 3815 2359 3879 rubate
2406 3816 2508 3879 dai
2555 3814 2693 3895 figli
2739 3816 2802 3878 di
2854 3816 2943 3878 fa·

345 3900 587 3975 miglla.
635 3924 655 3951 ι

351 3999 357 4016 ·
426 3975 607 4039 ⁷25.
678 3977 1064 4040 Confessarii
1135 3994 1212 4038 ne
1279 3975 1466 4038 facile
1535 3992 1675 4039 cem
1722 3978 2132 4039 eusationem
2197 3975 2553 4050 suadeant3
2621 3990 2767 4038 nam
2825 3977 2945 4038 etsi

337 4073 574 4120 omnes
617 4059 695 4121 ab
740 4057 1106 4120 auctoribus
1152 4058 1493 4136 propositas
1540 4072 1658 4119 con
1714 4061 1944 4119 itiones
1987 4054 2224 4131 adsint,
2268 4063 2450 4118 notat
2492 4053 2677 4133 Stapf
2709 4072 2772 4118 n.
2810 4056 2951 4133 449,

357 4243 360 4246 Ι
411 4281 428 4321 ¹
467 4279 618 4342 Quod
655 4233 832 4333 tamen
865 4281 937 4331 ita
970 4278 1341 4342 accipiendum
1375 4281 1473 4339 est,
1511 4280 1623 4330 tuin
1659 4275 1803 4339 quod
1840 4275 2094 4326 dominus
2129 4273 2268 4325 alios
2318 4274 2548 4325 ramulos
2640 4286 2701 4326 ro
2762 4274 2951 4326 eodem

337 4347 518 4406 parvo
553 4345 718 4414 pretio
746 4344 886 4406 juste
920 4355 1025 4393 non
1061 4341 1339 4416 invenerit,
1397 4343 1508 4427 tuin
1560 4339 1703 4410 quod
1739 4337 1971 4410 ramulus
2005 4337 2242 4399 seipsum
2277 4337 2953 4462 iggil-loanggfdfflllergtnplrnt}

341 4403 678 4529 fflfflssaeffi‘ss
698 4417 823 4520 :millii¹
859 4406 1210 4519 ἓθίιῗῗιῐὲιξῃὲἒ
1230 4400 2314 4537 (3ἶῖιῖοὸιέιῗξθοὲἕὲἔιιάῗιῖιζιιι’ὲξιέιὲ’ῐεῖἰ,αιῗῗθιιι
2348 4461 2510 4533 satis·
2535 4462 2604 4511 sit
2654 4460 2960 4523 probabile,

334 4531 496 4595 -quod
528 4530 761 4582 lamulus
816 4531 947 4594 ipse,
976 4532 1019 4581 si
1053 4530 1289 4594 prudens
1323 4530 1376 4579 et
1408 4527 1709 4584 timoratus»,
1745 4535 1869 4576 vere
1910 4523 2068 4586 aptus
2101 4525 2171 4573 sit
2202 4521 2267 4573 ad
2304 4523 2445 4595 recte
2495 4522 2849 4583 judicandum
2885 4521 2956 4573 de

334 4592 559 4654 justitia
591 4594 1066 4654 compensationis,
1103 4593 1204 4642 boc
1236 4594 1414 4641 tamen
1449 4600 1558 4639 non
1591 4588 1666 4640 ita
1698 4586 1876 4638 subito
1911 4596 1975 4637 ac
2010 4583 2165 4636 facile
2197 4584 2608 4638 admittendum.
2645 4611 2709 4623 —
2770 4586 2825 4636 V.
2869 4583 2958 4634 Li·

336 4655 523 4715 gum-i,
559 4654 648 4717 Ομ.
684 4655 840 4716 Mor„
881 4656 917 4709 l.
947 4667 1026 4717 ιιι,
1064 4666 1153 4705 ιιιι.
1189 4656 1280 4707 5:22
1314 4654 1367 4706 et
1397 4662 1547 4715 seqq.
