3292 5167
1272 251 1351 297 nrt
1397 251 1841 300 commortuus
2105 282 2114 293 .
2723 236 2853 303 :305

257 345 474 433 debet,
522 351 579 420 si
628 370 843 440 neque
886 353 951 421 in
999 353 1367 425 venditoris
1414 356 1733 441 fraudem,
1784 376 2000 444 neque
2051 360 2219 427 ultra
2270 359 2628 429 triennium
2675 361 2839 429 inita

258 457 452 526 fuerit
499 460 580 526 ab
628 467 955 546 emptore.
1004 461 1196 541 Quod
1243 464 1297 530 si
1347 464 1575 549 plures
1622 465 1751 533 sub
1800 483 2004 533 onere
2052 465 2530 552 redemptionis
2579 468 2854 538 fundum

259 583 389 634 uno
437 574 783 635 contractu
834 566 1287 653 vendiderunt,
1323 570 1605 657 quilibet
1654 589 1886 641 eorum
1931 580 2151 659 potest
2199 574 2462 660 hocius
2511 593 2848 658 exercere,

257 672 372 743 sed
417 681 675 743 tantum
722 674 942 769 quoad
988 693 1176 745 suam
1231 683 1505 763 quotam
1553 681 1581 727 ⁹
1631 680 1784 764 (art.
1839 683 2071 764 1523):
2135 680 2311 750 idem
2360 688 2460 750 est
2509 685 2563 750 si
2615 683 2849 752 vendi-

260 789 361 848 tor
405 781 634 868 plures
703 783 1034 869 relinquat
1091 783 1430 868 haerede3‚
1498 786 1608 872 qui
1678 787 1947 872 quidem
2001 787 2111 873 jus
2160 787 2638 875 redemptionis
2713 810 2850 860 non

264 889 501 957 babent
549 889 673 958 nisi
722 889 940 976 quoad
989 891 1326 978 propriam
1358 890 1769 961 baereditatis
1818 894 2197 980 portionem
2245 895 2397 978 (art.
2452 897 2673 982 1524).
2723 898 2854 966 Ad-

262 997 350 1065 dit
396 1002 647 1064 autem:
694 998 750 1064 Il
801 1009 1186 1084 compratore
1221 996 1394 1085 perd,
1427 999 1532 1065 nei
1561 1001 1696 1066 casi
1739 1002 2001 1087 espressi
2044 1002 2148 1068 nei
2193 1000 2310 1068 due
2346 1003 2694 1089 precedenti
2738 1024 2852 1072 ar-

259 1104 442 1186 ticuli,
484 1102 617 1191 pud
655 1103 1020 1191 pretendere
1044 1105 1436 1183 J’intervento
1473 1107 1541 1172 in
1585 1126 1781 1173 causa
1832 1108 1896 1173 di
1931 1108 2127 1175 tuttii
2170 1107 2476 1175 venditori
2524 1109 2619 1176 del
2662 1112 2853 1196 fondo

260 1232 547 1293 comune,
601 1210 625 1253 ¹
676 1212 740 1278 di
784 1212 928 1278 tutti
973 1211 998 1277 i
1041 1210 1312 1294 coeredt,
1363 1214 1621 1302 affinchd
1689 1215 2057 1281 concordiae
2102 1227 2207 1281 tra
2273 1216 2404 1283 loro
2443 1218 2549 1304 pel
2592 1219 2848 1286 riscatto

255 1319 351 1387 del
391 1319 582 1405 fondo
626 1321 845 1387 intere.
900 1321 972 1387 Se
1011 1339 1139 1405 nort
1167 1321 1573 1404 concordam,
1621 1321 1745 1408 eqlt‘
1788 1322 1942 1388 sard
1996 1324 2269 1389 desoluto
2300 1323 2474 1390 dalla
2504 1324 2841 1394 domanda.

267 1428 553 1496 Tuttavia
596 1448 722 1494 non
765 1426 1018 1494 volendo
1066 1446 1218 1510 unc,
1267 1447 1301 1493 o
1340 1426 1458 1515 piu
1503 1427 1594 1494 ἅθ’
1620 1429 1892 1511 coeredi,
1942 1449 1978 1496 o
2024 1429 2119 1495 dei
2165 1430 2470 1497 venditori
2516 1431 2612 1498 del
2654 1434 2845 1517 fondo

261 1553 530 1617 comune,
579 1535 890 1621 effnttuare
935 1534 983 1600 il
1048 1534 1329 1617 νίεεαεεο,
1372 1554 1639 1623 possono
1685 1536 1776 1620 qli
1821 1536 1974 1602 altri
2019 1535 2101 1621 cdl
2148 1537 2341 1602 anche
2405 1556 2491 1603 un
2552 1539 2682 1604 solo
2729 1560 2854 1607 ese-

249 1641 461 1726 ym'rlo
506 1642 675 1707 nella
717 1639 961 1706 tetulit&
998 1658 1115 1727 per
1151 1641 1415 1727 proprio
1460 1653 1636 1709 como
1685 1643 1834 1723 (art.
1888 1644 2109 1727 1525).

341 1781 534 1847 115.
577 1784 645 1857 Q.
689 1783 746 1844 5.
793 1780 954 1855 Quid
993 1787 1092 1843 est
1128 1789 1495 1845 contractus
1536 1781 1852 1859 mohatra,
1898 1789 1961 1846 et
2000 1802 2084 1846 an
2117 1766 2342 1847 ‘licitus
2369 1786 2401 1842 9
2855 1824 2862 1833 .

340 1864 407 1926 R.
451 1864 828 1927 Contractus
870 1861 1160 1924 mohatra
1205 1861 1315 1925 ille
1359 1872 1474 1938 est,
1517 1879 1641 1942 quo
1686 1867 1828 1943 quis
1890 1880 2166 1928 mercem
2211 1881 2244 1927 a
2294 1874 2355 1927 te
2414 1866 2573 1928 emit
2615 1871 2845 1945 majori

266 1945 467 2022 pretio
510 1944 591 2007 ad
635 1944 950 2007 creditum
997 1958 1138 2005 cum
1187 1950 1367 2022 pacto
1409 1945 1716 2023 explicito
1763 1944 1862 2006 vel
1913 1944 2244 2023 implicite,
2290 1957 2357 2008 ut
2403 1947 2518 2008 tibi
2567 1950 2848 2013 eandem

266 2027 476 2088 statim
524 2024 939 2087 retrovendat
1005 2023 1212 2102 pretio
1258 2025 1515 2102 minori,
1580 2033 1915 2086 numerata
1963 2027 2231 2104 pecunia
2279 2023 2326 2086 ².
2371 2025 2472 2088 Uti
2536 2030 2589 2089 si
2643 2028 2848 2092 Titius

267 2106 561 2186 indigens
605 2106 950 2182 nonaginta
1024 2104 1323 2179 nummis,
1369 2113 1541 2182 petat
1605 2104 1752 2166 illos
1813 2116 2031 2167 mutuo
2076 2124 2108 2168 a
2169 2105 2549 2185 Sempronio
2616 2125 2849 2172 merca·

266 2195 426 2248 tore:
477 2187 583 2248 bic
626 2186 772 2266 quia
818 2183 1055 2247 lucrari
1100 2186 1294 2262 cupit,
1339 2184 1615 2264 denegat
1646 2193 1980 2260 mutuum;
2026 2186 2135 2247 sed
2185 2187 2373 2248 offert
2418 2195 2510 2249 tot
2537 2187 2844 2252 frumenti

269 2282 622 2341 mensuraS‚
658 2282 814 2344 quas
846 2265 1012 2326 Titio
1044 2264 1265 2325 vendit
1296 2281 1543 2327 summo
1581 2267 1788 2344 pretio
1820 2266 2065 2329 credito
2098 2276 2437 2343 convento,
2472 2284 2700 2348 nempe
2736 2271 2849 2335 100

265 2349 573 2410 nummis:
621 2346 840 2409 addito
885 2356 1087 2424 pact0,
1130 2353 1200 2407 ut
1241 2344 1445 2408 Titius
1489 2354 1740 2425 emptor
1785 2345 2168 2426 Sempronio
2214 2347 2562 2422 venditori,
2629 2368 2846 2429 nume·

267 2437 396 2490 rata
445 2430 738 2507 pecunia,
783 2425 956 2488 illico
1004 2424 1317 2487 revendat
1362 2426 1579 2491 infimo
1624 2425 1726 2488 vel
1775 2427 1985 2490 medio
2030 2427 2260 2507 pretio,
2291 2444 2342 2488 v.
2373 2444 2456 2506 g,
2498 2433 2846 2509 nonaginta

268 2511 565 2584 nummis,
612 2508 842 2587 quibus
888 2505 966 2568 de
1014 2504 1182 2568 tacto
1227 2505 1478 2583 indiget
1520 2506 1743 2570 TitiuS.

336 2589 508 2650 Talis
552 2595 914 2650 contractus
960 2587 1224 2649 illicitus
1270 2596 1386 2659 est,
1434 2602 1593 2657 cum·
1626 2603 1881 2649 usuram
1950 2585 2273 2666 palliatam
2344 2586 2650 2665 includit3
2698 2606 2847 2651 ven·

264 2668 429 2731 ditor
474 2670 650 2731 enim
694 2668 803 2730 dat
843 2668 942 2743 90,
988 2676 1056 2728 ut
1099 2668 1310 2728 statim
1358 2666 1626 2746 recipiat
1672 2667 1787 2730 100
1830 2672 1970 2729 sine
2016 2666 2147 2729 ullo
2196 2685 2346 2730 vero
2388 2669 2597 2745 titulo,
2628 2673 2848 2749 sicque

264 2752 616 2828 imponitur
658 2749 935 2828 emptori
982 2764 1143 2810 onus
1188 2744 1509 2808 vendendi
1574 2746 1686 2808 vili
1736 2750 1944 2826 pretio
2009 2747 2245 2827 absque
2306 2753 2846 2826 compensatione.

263 2828 456 2892 Porro
499 2829 776 2910 quando,
816 2830 958 2890 sine
988 2828 1525 2905 compensatione,
1554 2828 1808 2907 aliquod
1843 2845 2003 2891 onus
2033 2829 2224 2891 alicui
2263 2828 2614 2908 imponitur
2657 2834 2847 2894 susti-

265 2911 567 2978 nendum,
604 2913 739 2972 sive
784 2908 1037 2987 quando
1083 2907 1297 2970 nullus
1340 2917 1437 2969 est
1481 2908 1703 2970 titulus
1749 2908 1990 2987 aliquid
2039 2908 2362 2988 exigendi,
2433 2919 2497 2972 et
2541 2913 2845 2990 exigitur,

262 2991 578 3069 injustitia
623 3000 741 3067 est,
788 2988 1201 3053 latrocinium
1244 2995 1360 3060 est,
1405 3004 1596 3050 usura
1643 2999 1740 3050 est
1784 3004 1817 3051 a
1862 2990 1990 3050 Deo
2023 2991 2401 3066 gravissime
2434 2993 2754 3069 prohibita
2797 2992 2845 3058 ³.

263 3070 423 3133 Hinc
467 3070 883 3134 Innocentius
927 3068 1007 3131 Xl
1052 3069 1383 3131 damnavit
1426 3069 1590 3131 banc
1632 3068 1749 3132 sub
1820 3086 1879 3130 n.
1924 3070 2002 3132 40
2071 3071 2612 3148 propositionem:
2689 3072 2844 3136 Con·

264 3159 508 3214 tractus
556 3151 841 3214 mobatra
889 3150 1109 3212 licitus
1153 3155 1247 3211 est
1312 3149 1504 3210 etiam
1543 3156 1830 3228 respectu
1892 3149 2167 3226 ejusdem
2226 3166 2522 3229 parcente,
2583 3161 2646 3215 ct
2708 3171 2849 3216 cum

264 3240 593 3295 contractu
633 3230 1185 3294 retrovenditionis
1226 3228 1458 3309 previoe
1500 3228 1682 3303 inite,
1730 3246 1868 3290 cum
1933 3230 2278 3291 intentione
2322 3229 2505 3293 lucri.
2550 3233 2847 3297 Attamen

265 3315 313 3374 si
359 3330 461 3374 res
506 3314 645 3375 sine
690 3315 928 3391 praevio
974 3318 1155 3390 pacto
1199 3308 1695 3372 retrovendatur
1740 3313 1930 3371 etiam
1983 3311 2248 3372 minoris
2284 3319 2348 3371 et
2376 3312 2587 3375 eidem
2626 3315 2848 3377 vendi·

266 3396 408 3469 tori,
431 3393 620 3455 modo
662 3394 827 3456 absit
856 3392 1065 3455 omnis
1100 3390 1430 3453 usurarius
1474 3390 1748 3464 animus,
1792 3400 2157 3453 contractus
2181 3391 2281 3453 ‘de
2323 3407 2391 3454 se
2429 3392 2642 3457 licitus
2678 3399 2844 3471 erit3

268 3475 409 3552 quia
455 3483 606 3537 tunc
649 3473 821 3536 nulla
869 3473 1208 3534 conventio
1252 3476 1446 3546 extat,
1492 3484 1632 3549 quae
1681 3469 1873 3532 laedat
1917 3471 2303 3550 aequitatem.

350 3611 547 3675 1118.
599 3613 671 3691 Q.
719 3611 780 3677 6.
826 3610 925 3677 An
974 3609 1171 3689 liceat,
1219 3607 1357 3673 sine
1391 3606 1662 3693 justitiae
1730 3607 1995 3690 laesione,
2041 3627 2269 3676 merces
2312 3610 2423 3677 sub
2467 3612 2647 3679 hasta
2691 3632 2846 3698 quo-

209 3763 223 3787 ,
268 3718 399 3787 libet
434 3720 637 3807 pretio
681 3717 938 3785 vendere
984 3727 1039 3782 et
1083 3721 1325 3782 emere?

346 3829 415 3895 R.
468 3824 768 3896 venditio
814 3824 939 3892 sub
982 3822 1166 3891 hasta
1213 3821 1436 3907 (vulgo
1484 3821 1767 3905 incanto)
1820 3829 1922 3889 est
1972 3842 2121 3917 quaa
2161 3824 2234 3892 fit
2284 3842 2441 3893 voce
2485 3824 2836 3909 praeconis»,

265 3943 325 4001 et
373 3933 435 4001 in
486 3950 614 4019 qua
678 3931 1199 4016 uniuscuiusque
1262 3926 1537 3997 licitatio
1602 3929 1729 3996 sub
1779 3928 1947 3998 datis
2009 3932 2255 4017 regulis
2314 3930 2720 4014 admittitur,
2768 3948 2844 4000 ac

266 4041 495 4109 ultimo
544 4039 815 4106 licitanti
885 4056 989 4106 res
1038 4035 1458 4104 adscribitur.
1516 4037 1674 4103 Haec
1723 4036 2012 4105 venditio
2069 4038 2205 4106 sive
2253 4039 2502 4123 privata
2557 4037 2643 4105 sit
2708 4037 2844 4106 sive

2725 4211 2742 4243 ἱ

318 4269 341 4309 ¹
381 4292 399 4312 ·
436 4269 536 4321 Per
564 4267 816 4330 exempto:
850 4265 1014 4326 Tizio,
1049 4263 1225 4324 carle,
1262 4262 1547 4324 Giovanni,
1578 4264 1656 4315 tre
1687 4264 1896 4335 fratelli,
1936 4265 2004 4314 mi
2041 4263 2288 4317 vendono
2324 4265 2650 4319 unitamente
2671 4278 2700 4318 e
2736 4279 2842 4319 me-

263 4329 433 4383 diante
468 4344 542 4384 nn
574 4331 689 4381 solo
722 4330 1007 4390 coutratt0,
1041 4326 1092 4377 la
1123 4327 1243 4378 loro
1276 4336 1402 4376 casa
1450 4325 1505 4375 iu
1556 4336 1898 4383 comunione,
1935 4327 2016 4376 col
2052 4327 2196 4389 patto
2230 4326 2281 4378 di
2334 4328 2566 4381 riscatto.
2602 4332 2870 4382 Nessuno-

263 4390 313 4443 di
343 4395 445 4445 essi
482 4392 671 4447 fratelli
707 4391 813 4455 puo
844 4391 1125 4443 eeercitare
1155 4389 1193 4441 il
1228 4388 1444 4439 riscatto
1479 4399 1573 4450 per
1603 4388 1988 4459 l'interaocasa,
2027 4401 2116 4438 ma
2137 4389 2392 4441 ciascuno
2417 4391 2646 4443 soltanto
2671 4395 2723 4443 lo
2758 4407 2844 4457 po·

265 4455 438 4509 trebbu
473 4468 566 4520 per
601 4465 707 4506 una
740 4455 880 4506 terza
913 4454 1062 4518 parte
1092 4464 1125 4504 o
1158 4463 1252 4515 per
1282 4452 1335 4503 la
1365 4460 1466 4500 sua
1496 4453 1690 4513 quota;
1722 4452 2008 4503 altrimenti
2032 4451 2315 4503 sarebbero
2340 4452 2433 4503 lesi
2469 4454 2485 4504 i
2515 4453 2676 4507 diritti
2702 4455 2842 4519 degli

260 4517 374 4571 altri
406 4518 613 4571 tratelli.
652 4536 673 4561 ι
2341 4570 2344 4575 ⁴

320 4582 343 4621 ²
376 4584 467 4634 Est
498 4593 531 4632 a
562 4590 691 4630 voce
741 4580 964 4641 hispana
1013 4577 1304 4638 multati-ar,
1337 4574 1515 4648 italice
1561 4586 1847 4635 scr-occare,
1898 4577 2152 4639 truffares
2203 4576 2345 4628 unde
2377 4577 2444 4629 ab
2475 4579 2620 4631 Italis
2650 4574 2844 4632 dt'citur

260 4657 498 4703 mecam·
532 4655 564 4693 a
594 4640 1007 4694 Pedemoutanis
1039 4642 1217 4691 tamen
1251 4649 1574 4689 carrozztue.

320 4708 342 4746 ⁸
377 4709 467 4759 Ps.
502 4715 615 4766 x1v;
650 4706 797 4756 Ezec.
832 4713 987 4766 xvnt3
1023 4702 1147 4752 Luc.
1184 4714 1264 4765 x·1;
1300 4701 1397 4752 etc.
1425 4725 1487 4738 -
1531 4700 1586 4752 V.
1624 4699 1853 4763 Liguori,
1893 4699 2028 4763 opus
2063 4701 2220 4763 Mor„
2254 4700 2290 4753 l.
2323 4714 2400 4764 ιιι,
2437 4713 2488 4754 n.
2523 4704 2633 4755 813.
