3292 5167
504 212 649 280 678
1201 231 1315 279 un.
1360 231 1424 277 n.
1473 232 1685 278 rnAcr.
1733 228 1863 278 vm.
1906 233 2060 278 nisr.
2106 231 2195 279 ιιι.
2244 234 2373 280 ου».
2421 231 2465 280 1.

507 335 702 411 riam,
743 351 865 398 non
908 337 1005 397 est
1042 339 1220 397 recta
1261 350 1372 397 nec
1413 333 1535 399 Deo
1575 332 1852 414 placens.
1894 333 2112 414 Neque
2156 335 2261 398 hic
2304 334 2548 415 aliquid
2583 334 2940 399 inordinati
2982 344 3117 415 est,

564 416 697 478 uasi
742 416 829 478 sit
870 414 1116 478 referre
1160 414 1359 477 Deum
1402 414 1480 477 ad
1526 423 1928 490 creaturam;
1973 431 2099 477 non
2146 418 2319 479 enim
2365 415 2485 478 hoc
2527 430 2744 479 amore
2787 414 2957 479 Deus
2999 431 3095 481 re—

507 552 516 557 .
551 505 732 558 ertur
762 495 838 557 ad
872 510 1011 572 nos,
1040 494 1149 558 sed
1189 496 1402 575 potius
1435 511 1553 557 nos
1583 495 1930 561 referimus
1956 498 2024 558 in
2057 495 2298 571 Deum;
2342 511 2486 559 cum
2522 495 2667 559 ideo
2704 493 2888 559 iilum
2916 495 3103 561 nobis

499 576 1058 656 concupiscamuS,
1104 578 1249 655 quia
1297 575 1447 637 finis
1491 575 1762 641 ultimus
1808 585 2026 639 noster
2057 584 2177 654 est,
2208 592 2331 656 quo
2377 574 2662 654 obtento,
2694 573 2788 639 nil
2824 574 3121 656 amplius-

503 655 849 719 ·desiderat
890 657 1102 719 anima
1147 663 1384 718 nostra.
1775 684 1779 689 ·

597 735 826 797 961).
854 735 918 810 Q.
943 737 1002 799 4.
1029 738 1131 799 An
1174 752 1352 799 amor
1378 736 1899 815 concupiscentias
1918 736 2290 800 adversetur
2313 735 2653 800 charitatis
2682 735 3115 816 perfectioni?

590 815 662 878 R.
707 815 1080 883 Franciscns
1134 815 1536 879 De-Fenelon
1596 817 2118 896 archiepiscopus
2175 815 2655 880 Cameracensis
2722 815 2874 879 licet
2928 830 3105 880 amo·

519 912 656 961 rem
707 898 1241 978 concupiscentiae
1298 913 1425 959 non
1483 896 1732 959 diceret
1780 896 2018 961 malum
2076 905 2139 961 et
2192 897 2563 962 damnatum
2614 914 2756 961 cum
2806 893 3075 960 Melinos

507 976 785 1040 tradidit
831 986 1040 1040 tamen
1085 977 1457 1039 charitatem
1521 976 1965 1056 theologicam,
2007 987 2078 1039 ut
2120 979 2204 1041 sit
2249 993 2403 1057 pura
2440 987 2507 1041 et
2541 977 2851 1058 perfecta,
2878 976 3107 1041 venir:

524 1057 761 1144 dehere
804 1057 879 1120 ad
925 1073 1067 1120 eum
1113 1057 1415 1136 gradum,
1462 1066 1531 1121 ut
1588 1057 1833 1121 nullum
1881 1056 2153 1136 amplius
2201 1057 2488 1120 involvat
2529 1059 2808 1139 propriae
2873 1055 3107 1120 salutie

513 1137 925 1203 desiderium.
968 1136 1119 1210 Quae
1161 1137 1454 1201 doctrina
1497 1154 1639 1201 cum
1689 1139 1765 1202 ad
1806 1137 2216 1214 Quietismnm
2258 1138 2613 1215 accederet,
2657 1138 2825 1201 dicta
2870 1145 2970 1200 est
3015 1138 3122 1199 ics

515 1219 690 1281 circo
735 1216 1290 1298 Semiqnt'etismns‚
1329 1227 1395 1281 et
1437 1227 1660 1282 contra
1705 1235 1846 1282 eam
1890 1219 2468 1282 vehementissime
2503 1220 2868 1298 acriterque
2897 1216 3107 1297 dispar

521 1301 684 1362 tavit
725 1298 887 1361 alter
932 1301 994 1359 in
1040 1296 1243 1360 Gallia
1288 1298 1622 1378 episcopus
1666 1299 2008 1362 Meldensis
2052 1299 2415 1361 Bossuetus.

596 1378 933 1442 Refutatur
976 1377 1529 1459 Semiquietismus
1576 1379 1805 1442 iisdem
1852 1379 2055 1443 ferme
2106 1380 2529 1459 argumentis,
2584 1378 2817 1459 quihus
2872 1375 3105 1451 Quieti·

518 1474 731 1522 smus:
776 1461 1013 1522 etenim
1052 1462 1104 1522 si
1141 1475 1219 1522 ex
1259 1458 1496 1523 Christi
1544 1468 1862 1541 praecepto
1906 1468 2155 1540 oportet
2199 1476 2315 1522 nos
2354 1461 2624 1540 primum
2667 1474 2946 1540 qnoercre
2993 1456 3111 1520 Re·

508 1556 707 1620 ynam
750 1539 880 1615 Dei,
923 1548 987 1601 et
1029 1539 1245 1602 dicere
1289 1541 1587 1605 adveniat
1618 1540 1897 1621 Reqnnm
1943 1548 2165 1611 tuum;
2206 1557 2360 1618 ergo
2392 1556 2600 1603 ·amor
2644 1539 3106 1618 concupiscen-

522 1620 626 1681 tiae
671 1635 798 1681 non
846 1619 1225 1683 adversatur
1269 1621 1608 1685 charitatis
1653 1620 2053 1701 perfectioni.
2103 1620 2404 1684 Accedit:
2460 1618 3123 1683 charitas-definitur

515 1702 838 1764 communi
887 1715 1243 1764 consensu:
1277 1702 1483 1764 virtus
1511 1718 1551 1764 a
1581 1701 1700 1765 Deo
1744 1702 1984 1782 infusa,
2010 1718 2133 1781 qna
2172 1702 2493 1782 diliqimns
2525 1699 2713 1762 Deum
2749 1705 3008 1779 propter
3050 1714 3123 1761 sc

523 1788 586 1842 et
628 1797 815 1861 super
856 1782 1083 1857 omnia,
1122 1786 1328 1844 cetera
1368 1790 1579 1845 antem
1615 1789 1874 1863 propter
1918 1784 2122 1864 ipsum
2173 1782 2410 1854 Denm;
2455 1797 2609 1860 ergo
2652 1782 2934 1843 charitas
2979 1794 3126 1842 non

525 1860 820 1923 excludit
861 1877 1140 1924 amorem
1187 1870 1570 1939 ceterorum,
1614 1864 1986 1927 etmaxime
2018 1862 2440 1929 beatitudinis
2481 1857 3127 1937 nostrae‚dummodo-

521 1939 663 2004 haec
709 1940 1087 2005 retundatur
1131 1943 1194 2005 in
1244 1945 1448 2021 ipsum
1492 1942 1709 2005 Deum.
1761 1943 1920 2006 Hinc
1966 1942 2336 2022 ApostoluS,
2381 1957 2569 2023 quem
2632 1940 3101 2023 perfectissima

523 2023 750 2100 utique
792 2021 1079 2086 charitas
1128 2022 1368 2085 Christi
1406 2021 1693 2103 arqetoatg
1747 2023 2164 2104 Evangelium
2211 2023 2620 2101 praedicabat,
2664 2030 2734 2087 ut
2776 2022 2917 2101 ejus
2953 2035 3108 2101 par·

518 2100 710 2245 titceps
774 2100 1131 2227 efiiceretar
1156 2150 1173 2178 ‚
1239 2108 1428 2183 atque
1482 2103 1891 2169 contendebat
1956 2105 2023 2168 in
2077 2120 2300 2185 ayone,
2359 2111 2433 2166 nt
2489 2119 2782 2167 coronam
2828 2104 3117 2177 incomm-

505 2195 554 2262 Ρ
586 2196 688 2245 am
724 2189 1034 2262 acciperet
1093 2229 1110 2247 .
1305 2188 1312 2193 “

608 2301 810 2364 961.
860 2303 932 2382 Q.
980 2304 1043 2369 5.
1095 2304 1252 2384 Quot
1295 2314 1442 2369 sunt
1486 2303 1813 2369 charitatis
1855 2303 2212 2388 theoloyicoe
2249 2304 2661 2390 proprietates
2682 2308 2715 2369 P

607 2410 678 2475 R.
728 2409 890 2476 Duae
940 2415 1096 2477 sunt
1144 2410 1521 2497 praecipuae,
1571 2410 1963 2479 excellentia
2018 2417 2082 2479 et
2132 2410 2516 2481 necessitas.

603 2514 673 2602 a)
722 2517 1110 2585 Eoecellentia
1155 2536 1235 2587 ex
1283 2518 1626 2589 effectibus
1690 2518 2037 2588 elucescit:
2489 2526 2505 2549 ⁰

704 2625 762 2690 1.
812 2624 1108 2692 Charitas
1170 2625 1503 2694 hominem
1559 2626 2060 2713 efficitjustum,
2097 2643 2228 2713 quo
2284 2624 2447 2694 nihil
2480 2624 2942 2711 praestantius:
2975 2625 3113 2691 cha*

519 2728 683 2796 ritas
715 2730 910 2816 operit
946 2730 1401 2799 multitudinem
1425 2745 1823 2820 peccatorum
1856 2727 1907 2802 ².
2520 2752 2529 2763 ⁸

693 2834 755 2904 2.
802 2838 1035 2905 Veram
1082 2837 1433 2907 amicitiam
1481 2838 1827 2908 constituit
1875 2839 2051 2910 inter
2102 2838 2437 2908 hominem
2480 2838 2734 2924 justum
2764 2844 2843 2939 'et
2876 2839 3111 2919 Deum,

507 2940 697 3027 juxta
746 2942 908 3010 illud
957 2944 1201 3013 Christi
1225 2965 1245 3035 ,·'
1295 2945 1404 3031 qui
1449 2945 1655 3032 ditiqit
1699 2967 1815 3028 me,
1868 2946 2173 3032 diligetur
2223 2964 2265 3012 a
2311 2948 2499 3012 Patre
2542 2963 2694 3027 mee,
2746 2956 2805 3013 et
2847 2963 2958 3031 eqo
3009 2941 3106 3010 di-

518 3047 712 3134 liyam
756 3069 914 3118 eum.
960 3052 1242 3119 Iterum:
1291 3071 1396 3119 vos
1440 3052 1631 3119 amici
1674 3053 1796 3119 mei
1838 3053 2051 3120 estis...
2086 3053 2227 3138 jam
2271 3071 2397 3119 non
2444 3050 2649 3118 dicam
2694 3071 2801 3118 vos
2836 3069 3104 3118 servos...-

514 3174 625 3222 vos
669 3167 875 3223 autem
920 3156 1059 3224 dimi
1102 3158 1336 3225 amicos
1369 3155 1417 3225 ⁸.
1451 3160 1696 3229 Verum
1729 3157 2045 3245 estquod
2082 3156 2369 3226 amicitia
2404 3163 2504 3225 est
2552 3156 2726 3224 inter
2774 3154 3123 3242 aequales;

518 3269 586 3329 et
633 3262 809 3330 nulla
861 3270 1078 3350 potest
1127 3283 1244 3351 per
1290 3283 1362 3335 se
1409 3265 1546 3333 dari
1600 3265 1944 3352 {equalitas
1988 3266 2161 3334 inter
2193 3266 2405 3332 Deum
2454 3271 2518 3332 et
2567 3269 2908 3332 creaturas
2955 3279 3107 3349 qute

515 3367 773 3438 infinite
807 3371 886 3439 ab
919 3389 998 3440 eo
1047 3371 1321 3453 distant3
1369 3379 1681 3454 attamen,
1724 3382 1920 3459 prout
1994 3373 2095 3440 hae
2148 3378 2302 3440 sunt
2350 3371 2617 3439 etevatae
2666 3388 2787 3457 per
2833 3371 3106 3457 gratiam

519 3480 589 3543 et
636 3485 981 3546 consortes
1029 3479 1279 3547 eflectae
1330 3478 1564 3547 divinae
1614 3487 1891 3564 naturae,
1940 3478 2266 3565 quandam
2318 3476 2668 3564 acquirunt
2724 3478 3107 3563 proportio-

516 3599 694 3666 nem,
743 3600 891 3670 quae
942 3586 1182 3653 sufficit
1227 3592 1302 3654 ut
1347 3586 1454 3654 illa
1503 3587 1822 3656 habeatur
1865 3586 2147 3656 amicitia
2196 3604 2345 3672 quae
2393 3582 2769 3651 excellentiae
2815 3592 3108 3667 vocatur,

514 3695 588 3758 et
636 3687 984 3759 intercedit
1031 3691 1202 3762 inter
1249 3711 1564 3779 personas
1613 3692 1892 3763 diversae
1944 3691 2345 3761 conditionis
2395 3696 2461 3759 et
2512 3689 2868 3776 dignitatis.

699 3799 760 3866 3.
808 3797 1009 3881 Facit,
1049 3806 1122 3867 ut
1160 3819 1280 3870 nos
1315 3800 1376 3868 in
1414 3804 1554 3868 Deo
1596 3817 1997 3883 maneamus,
2035 3806 2101 3869 et
2129 3802 2305 3868 Deus
2340 3797 2404 3865 in
2442 3797 2657 3881 nobie,
2685 3797 2872 3883 J‘uxta
2908 3795 3107 3864 illud:

513 3908 687 3974 Deus
729 3905 1006 3973 charitas
1050 3919 1153 3988 est,
1190 3918 1248 3974 et
1289 3908 1398 3992 qui
1443 3918 1651 3979 manet
1700 3909 1769 3974 in
1813 3906 2135 3989 charitate,
2184 3907 2253 3973 in
2300 3908 2427 3972 Deo
2472 3916 2681 3971 manet
2724 3916 2781 3970 et
2830 3907 2995 3972 Deus
3037 3903 3107 3970 in

503 4031 589 4080 eo
622 4007 671 4080 ⁴.
721 4015 967 4098 Nempe
1012 4014 1190 4082 Deus
1238 4013 1520 4082 charitas
1569 4020 1672 4082 est
1719 4014 1785 4082 in
1835 4032 1905 4082 se
1954 4011 2321 4082 formaliter
2368 4018 2432 4080 et
2490 4010 2855 4080 efficienter
2888 4008 3103 4097 quoad

587 4241 611 4281 1
644 4255 680 4303 i,
705 4244 822 4295 Cor.
859 4256 951 4299 xv.
976 4269 1038 4282 —
1088 4246 1145 4296 V.
1182 4242 1375 4304 Gerdil,
1411 4245 1588 4307 Sayqio
1620 4246 1967 4296 d’tstrazione
1997 4246 2255 4307 teotopica.
2287 4267 2351 4281 —
2385 4242 2602 4309 Propter
2632 4241 2730 4293 has
2762 4240 3002 4305 aliasque
3022 4249 3101 4291 ra·

517 4305 693 4356 tiones
728 4306 1064 4358 innocentius
1098 4308 1212 4367 ΧΠ,
1245 4307 1394 4358 Brevi
1431 4308 1556 4358 Cum
1589 4309 1722 4359 alias
1751 4310 1807 4360 2¹
1846 4308 2019 4360 martii
2056 4310 2197 4366 1696,
2233 4304 2645 4369 propositiones,
2703 4305 2938 4367 systema
2967 4302 3019 4357 et
3047 4302 3103 4353 li·

515 4364 977 4441 hrum-Fenelonii
1015 4370 1164 4427 (Vita
1195 4372 1415 4422 interior
1444 4370 1776 4431 Sanctorum)
1812 4370 2145 4433 proscripsit3
2182 4368 2273 4432 qul
2307 4369 2412 4420 cito
2446 4368 2496 4419 S.
2535 4366 2688 4418 Sedis
2714 4366 2920 4430 judicio
2950 4375 3094 4417 sesso

507 4428 903 4491 submittendo,
938 4431 1236 4483 doctrinam
1270 4443 1424 4483 suam
1459 4433 1673 4495 penitus
1727 4444 1908 4483 coram
1959 4431 2208 4483 omnihus
2260 4432 2581 4490 retractavit,
2635 4428 2954 4492 reprobavit,
3008 4425 3095 4499 da·

515 4493 730 4564 mnayit
759 4495 811 4544 et
842 4493 1000 4545 modo
1034 4495 1125 4546 illo
1176 4498 1280 4547 tam
1314 4496 1420 4557 pto,
1456 4499 1670 4560 tamque
1701 4493 2036 4555 admirand0‚
2071 4504 2232 4557 quem
2266 4494 2424 4544 refert
2453 4492 2768 4544 historia.-
2798 4492 2847 4540 V.
2897 4492 3091 4563 Casan,

521 4552 671 4604 ert
703 4553 757 4603 di
789 4554 957 4605 storia
990 4558 1343 4619 ecclesiastica;
1379 4557 1421 4608 R
1493 4556 1798 4609 ‘onamento
1831 4569 1911 4610 ix:
1947 4557 2109 4618 sopra
2139 4569 2181 4606 a.
2215 4557 2404 4607 Pietro.
2439 4580 2502 4592 -
2535 4555 2782 4606 Analecta
2814 4555 2958 4603 Jurts
2972 4561 3101 4613 pon·

501 4614 1046 4727 λίζῑῗίῶΡθέῐιὶιξὶῡιὲὃὸδε
1086 4619 1402 4722 Quianam}
1428 4631 1494 4731 εἷο
1500 4621 1837 4732 31ιὲιοῖξὲΞὲ
1869 4619 1948 4732 ἐξ
1978 4617 2377 4669 condamnation
2397 4617 2469 4729 ⁴de¹
2502 4618 2799 4730 qfflffin'w

630 4711 647 4737 5
818 4713 829 4725 ⁶
930 4713 941 4724 ·
1612 4719 1624 4737 0
1662 4722 1675 4732 .
1944 4715 1958 4728 ο
2476 4716 2489 4740 ,
2701 4718 2713 4729 ι
2806 4716 2817 4728 ι
