3292 5167
1261 238 1339 283 us
1385 234 1726 309 cnam-rm:
2175 249 2184 257 -
2658 217 2787 286 707

191 346 341 426 qnia
390 349 635 405 attenta
702 340 1039 404 hominum
1081 339 1372 415 malitia,
1436 338 1580 402 fieri
1627 338 1853 418 nequit
1893 340 2047 417 quin
2114 329 2411 403 scandala
2479 341 2787 405 eveniant

192 422 581 506 aliquand03
622 437 769 501 quae
809 421 1032 488 ultima
1082 420 1536 500 interpretatio
1585 420 1828 486 ceteris
1871 419 2139 484 videtur
2181 419 2587 499 praeferenda
2630 418 2680 484 ¹.

285 555 488 618 991.
540 559 612 637 Q.
656 558 719 625 2.
765 556 869 623 An
911 556 1282 624 scandalum
1321 556 1401 623 sit
1441 559 1765 642 peccat-um
1810 568 2030 623 contra
2085 545 2453 623 charitatem
2498 567 2554 623 et
2598 555 2792 623 sivnul

189 676 409 734 eontra
451 664 772 744 virtutem,
819 662 1119 729 adversus
1164 681 1355 747 quam
1399 660 1723 729 inducitur
1759 661 2101 747 promimus
2146 662 2232 728 ad
2270 661 2699 747 peccandum?
2821 662 2825 666 ’

276 773 348 839 R.
407 797 430 827 ι
488 771 648 837 Tres
697 768 938 836 adsunt
985 769 1335 838 sententiae
1387 767 1725 850 (audiatur
1786 766 2167 853 Alphonsus
2239 769 2519 853 noster).
2569 769 2791 837 Prima

189 877 349 947 dicit
396 876 597 961 quod,
647 875 1097 972 cum.directe
1145 875 1513 944 intenditur
1560 875 1748 970 ruina
1799 875 2163 962 spiritualis
2230 875 2512 961 proximi
2579 873 2790 962 (quod

186 982 456 1071 proprie
504 988 607 1050 est
653 982 1039 1052 scandalum
1084 981 1619 1068 daemoniacum),
1685 989 1846 1050 tunc
1911 989 2225 1068 peccatur
2286 981 2484 1050 etiam
2555 990 2789 1050 contra

189 1091 597 1160 charitatem.
630 1089 807 1157 Alias
848 1088 1309 1157 tantummodo
1359 1096 1672 1174 peccatur
1705 1088 2018 1158 adversus
2051 1071 2593 1171 illam'virtutem,
2636 1107 2786 1176 quae

188 1196 457 1267 laeditur
504 1215 538 1264 a
588 1198 890 1283 proximo
934 1198 1007 1265 in
1055 1196 1438 1266 scandalum
1485 1195 1779 1265 inducto.
2127 1276 2132 1284 ,

278 1333 300 1363 ι
344 1304 623 1371 Secunda
670 1304 779 1386 ait,
833 1303 1014 1387 quod
1061 1304 1325 1390 quando
1362 1310 1677 1390 peccatur
1709 1319 1861 1372 cum
1894 1302 2205 1371 scandalo
2235 1302 2518 1384 directo,
2574 1301 2639 1370 id
2687 1310 2789 1372 est

206 1429 359 1481 cum
409 1410 753 1480 inducitur
798 1412 1077 1498 positive
1125 1411 1466 1506 proximus
1515 1411 1595 1479 ad
1643 1410 2070 1498 peccandum,
2106 1417 2262 1479 tunc
2300 1419 2615 1497 peccatur
2647 1421 2791 1480 tum

190 1526 418 1588 contra
469 1519 876 1600 charitatem,
930 1526 1072 1588 tum
1119 1526 1348 1602 contra
1399 1520 1735 1587 virtutem.
1810 1516 1942 1586 Sed
1973 1553 1985 1568 ·
2016 1519 2072 1587 si
2144 1525 2460 1603 peccatur
2532 1526 2791 1588 tantum

189 1626 498 1694 scandalo
533 1627 876 1710 indirectO,
918 1627 1353 1713 praevidendo
1403 1626 2183 1714 tantummodoprnximi
2224 1634 2590 1713 peccatum,
2626 1626 2787 1712 quin

191 1733 271 1800 ad
320 1734 1091 1819 peccatum'inducatur,
1146 1743 1458 1820 peccatur
1503 1735 2003 1808 solum.contra
2052 1735 2459 1802 charitatem.

278 1867 305 1897 ι
353 1841 573 1908 Tertia
610 1841 970 1924 sententia,
1009 1859 1206 1928 quam
1257 1859 1378 1910 nos
1430 1850 1696 1912 tuemur
1742 1859 1893 1910 cum
1940 1842 2273 1923 Suaresi0‚
2335 1842 2525 1925 Soto,
2579 1843 2784 1926 Lugo,

185 1947 858 2031 salmanticensibuS,
908 1948 1280 2035 Roncaglia,
1332 1948 1714 2017 Tamburini
1766 1954 1832 2036 et
1879 1948 2043 2028 aliis,
2094 1965 2425 2036 quamque
2473 1965 2788 2034 expresse

180 2061 356 2124 tenet
416 2074 468 2123 s.
518 2056 804 2124 Thomas
831 2055 881 2138 ²,
932 2056 1090 2124 dicit
1139 2056 1320 2141 quod
1369 2063 1503 2124 tam
1550 2054 1861 2125 scandalo
1910 2056 2187 2139 directo,
2222 2074 2421 2143 quam
2457 2055 2811 2125 indirecte.

181 2177 375 2246 pecca
392 2153 521 2243 tur,
575 2171 657 2231 et‘
691 2171 922 2231 contra
970 2162 1361 2232 charitatem
1408 2171 1471 2232 et
1521 2163 1719 2232 etiam
1755 2170 1985 2231 contra
2019 2163 2212 2231 aliam
2248 2163 2579 2232 virtutem.
2620 2165 2790 2233 Con-

184 2275 277 2334 tra
324 2268 724 2337 charitatem
773 2270 1061 2356 quidem,
1111 2270 1266 2357 quia
1312 2270 1369 2341 si
1418 2288 1541 2339 nos
1589 2289 1671 2340 ex
1718 2269 2039 2339 charitate
2075 2278 2396 2353 tenemur,
2435 2288 2587 2339 cum
2626 2290 2786 2356 pos-

181 2374 419 2459 simuS,
458 2377 781 2462 impedire
831 2377 1116 2464 proximi
1162 2385 1534 2465 peccatum,
1581 2378 1802 2447 multo.
1844 2376 2052 2464 magis
2102 2362 2423 2447 tenemur‘
2454 2398 2588 2447 non
2639 2397 2789 2449 esse

182 2484 498 2567 proximo
548 2475 970 2555 occasionem
1005 2486 1167 2553 illud
1204 2485 1525 2572 patrandi.
1576 2488 1820 2556 Contra
1855 2463 2169 2554 virtutem
2204 2504 2377 2569 vero,
2421 2486 2573 2572 quia
2608 2504 2790 2572 quae-

180 2587 339 2658 libet
399 2590 605 2660 virtus
655 2591 860 2660 cuivis
911 2591 1242 2677 prohibet,
1298 2610 1379 2661 ne
1426 2593 1513 2661 sit
1560 2593 1697 2661 sive
1746 2592 1997 2670 directe
2037 2593 2173 2662 sive
2208 2592 2532 2662 indirecte
2567 2611 2787 2679 causa,

76 2688 96 2708 ‘
182 2704 293 2764 aut
358 2697 630 2766 occasio
694 2698 840 2775 aliis
889 2716 1034 2768 eam
1080 2699 1406 2768 laedendi?
1460 2729 1482 2757 ι
1536 2699 1702 2768 Hinc
1774 2700 1886 2787 qui
1955 2700 2157 2769 alium
2228 2699 2309 2766 ad
2379 2701 2788 2787 peccandum

187 2801 447 2873 induxit
492 2805 630 2873 sive
678 2805 928 2873 directe
975 2806 1112 2876 sive
1160 2805 1507 2890 indirecte,
1557 2806 1892 2875 declarare
1958 2806 2156 2875 debet
2224 2807 2286 2874 in
2353 2807 2788 2877 confessione

187 2928 320 2990 non
367 2913 590 2982 solum
639 2921 983 3000 peccatum
1032 2913 1342 2995 scandali,
1393 2933 1525 3000 quo
1575 2916 1966 2984 charitatem
2006 2915 2182 2983 laesit
2200 2942 2218 2997 ;
2269 2916 2388 2985 sed
2438 2917 2642 2984 etiam
2676 2934 2786 3002 ge-

188 3036 311 3086 nus
351 3019 626 3105 peccati,
656 3019 756 3106 „ad
805 3020 985 3106 quod
1035 3021 1412 3106 proximum
1460 3021 1740 3106 induxit,
1794 3021 1891 3090 vel
1943 3022 2163 3092 induci
2214 3021 2358 3109 ipse
2408 3024 2627 3109 potuit
2677 3023 2789 3091 illo

190 3127 517 3213 exemplo,
568 3145 648 3195 an
701 3145 940 3213 nempe
987 3127 1074 3196 sit
1124 3135 1358 3198 contra
1416 3129 1826 3211 castitatem,
1879 3129 1977 3198 vel
2049 3129 2442 3216 religionem
2514 3130 2614 3200 vel
2678 3130 2793 3215 ju-

185 3232 436 3303 stitiam
486 3235 557 3317 ⁸3
606 3243 716 3303 aut
765 3236 957 3303 aliam
1006 3237 1339 3305 virtutem.
1644 3241 1658 3266 ⁸

276 3344 491 3411 ὑπ.
542 3345 613 3424 Q.
664 3345 725 3411 3.
748 3344 852 3413 Au
894 3344 975 3412 sit
1013 3357 1335 3436 peccatum
1378 3344 1666 3412 scandali
1699 3357 1906 3434 petere
1948 3345 2190 3432 aliquid
2230 3346 2309 3414 ab
2367 3365 2456 3429 eo,
2500 3345 2609 3431 qui
2636 3343 2796 3415 illud

182 3448 429 3530 quidem
473 3449 736 3518 daturus
778 3464 887 3536 est,
932 3453 1043 3521 sed
1089 3453 1342 3520 nonnisi
1387 3472 1529 3520 cum
1570 3443 1866 3539 peccato?
1911 3486 1920 3494 ·
2241 3485 2247 3492 ·
2571 3533 2578 3540 ,

277 3557 347 3625 R.
396 3556 512 3628 Vel
564 3577 669 3627 res
718 3577 870 3645 quae
921 3560 1189 3646 petitur,
1229 3568 1330 3629 est
1380 3561 1546 3629 mala
1597 3577 1678 3629 ex
1725 3578 1819 3643 se,
1869 3569 1935 3628 et
1984 3560 2125 3629 fieri
2158 3580 2312 3630 'non
2364 3569 2589 3647 potest
2642 3560 2790 3630 sine

187 3671 513 3749 peccato,
564 3686 619 3733 v.
670 3686 751 3753 g„
801 3668 857 3736 si
907 3676 1248 3754 quaeratur
1296 3685 1330 3734 a
1379 3667 1729 3738 meretrice
1776 3675 1961 3738 actus
2004 3668 2468 3756 impudicitiae.
2518 3669 2636 3742 Vel
2685 3686 2791 3738 res

188 3766 301 3839 illa
348 3790 481 3841 non
530 3782 635 3842 est
679 3793 760 3843 ex
807 3792 880 3843 se
928 3774 1116 3857 mala,
1166 3780 1232 3844 et
1279 3779 1581 3861 praestari
1633 3783 1856 3863 potest
1905 3775 2105 3844 etiam
2152 3776 2296 3844 sine
2344 3784 2666 3862 peccato,
2713 3782 2791 3866 ‚ut

188 3874 244 3941 si
296 3888 636 3964 quaeratur
680 3888 985 3949 mutuum
1034 3881 1116 3948 ab
1167 3882 1508 3975 usurariO,
1551 3881 2003 3968 juramentum
2076 3900 2109 3949 a
2180 3882 2419 3952 falsum
2461 3883 2789 3968 juraturo,

197 3981 702 4055 Sacramentum
751 4006 786 4055 a
833 3987 1181 4074 sacerdote
1228 4005 1598 4074 peccatore,
1648 3996 1775 4057 etc.
2559 3983 2564 3988 ’

1030 4185 1043 4210 δ’

252 4225 275 4266 ¹
310 4233 361 4291 ²,
395 4235 447 4293 22
476 4244 529 4297 q·
564 4235 651 4296 ⁴3,
686 4246 736 4285 a·
768 4240 820 4292 ²·
1243 4261 1252 4270 “

250 4288 277 4330 ²
305 4295 356 4353 2,
392 4298 440 4356 2,
470 4309 526 4359 q.
562 4297 639 4347 23.
679 4297 739 4348 V.
777 4299 941 4349 Homo
977 4299 1167 4361 Apost„
1205 4299 1355 4350 tract.
1392 4310 1466 4362 ιν,
1503 4311 1553 4349 n.
1586 4299 1684 4360 25;
1721 4305 1774 4351 et
1808 4298 1901 4361 Op.
1936 4297 2092 4358 Hor„
2126 4297 2157 4347 Ι.
2192 4308 2249 4359 11,
2284 4307 2338 4347 n.
2373 4296 2455 4350 εδ.

253 4352 277 4392 ⁸
310 4355 446 4407 Puta
476 4359 521 4408 si
593 4359 677 4410 uis
712 4371 812 4412 suo
844 4360 1091 4423 exemplo
1123 4359 1257 4412 aiios
1288 4359 1501 4413 induxit
1532 4357 1598 4411 ad
1626 4358 1951 4412 furandum:
1987 4371 2052 4411 eo
2085 4357 2265 4412 tamen
2298 4359 2354 4410 in
2386 4369 2516 4410 casu
2565 4365 2675 4414 non
2710 4359 2785 4412 te-

188 4418 408 4470 neretur
439 4432 522 4470 res
588 4433 740 4482 uere,
768 4423 895 4486 quia
926 4433 1035 4473 non
1067 4423 1208 4474 esset
1239 4432 1406 4474 causa
1438 4422 1722 4484 infinitiva,
1772 4423 1868 4474 sed
1927 4421 2154 4494 simplex
2204 4421 2419 4474 occasio
2470 4419 2672 4472 damni.
2726 4447 2791 4460 —

188 4472 321 4528 Item
353 4491 639 4553 plumarum
670 4495 878 4546 eorum,
911 4484 1107 4547 quibus
1138 4483 1455 4537 scandalum
1487 4484 1674 4538 datum
1707 4487 1821 4547 est;
1859 4485 1989 4550 quia
2019 4485 2153 4548 quot
2205 4484 2331 4558 sunt
2381 4493 2647 4557 personae,
2712 4486 2790 4537 tot

188 4541 319 4652 filgtst
346 4545 648 4658 ὲιέιᾶαιιωεα.
682 4572 746 4584 -
776 4548 908 4619 Item
941 4546 1300 4622 conditionem
1334 4558 1540 4621 eorum,
1575 4547 1665 4611 qui
1701 4547 1919 4600 fuerunt
1950 4545 2315 4621 scandaiizatt,
2350 4558 2394 4597 su
2426 4557 2622 4597 eorum
2687 4555 2787 4618 ‘ua-

187 4609 1911 4740 mama?sitzfffftfflffi‘siiatffii,‘232222‘13‘31222522¹.
1936 4609 2050 4673 “¹¹⁴2
2082 4621 2211 4676 ‘¹⁰¹²
2419 4607 2571 4660 ²⁶0⁸²
2628 4618 2658 4658 θ
2701 4619 2790 4659 ²¹¹¹
