3292 5167
2214 137 2234 170 Ι

1139 220 1219 267 nn
1265 221 1670 268 umnam-rare
2580 201 2706 268 ‘237

172 327 355 409 initio,·
394 326 459 414 2)
506 323 837 394 interdicti
909 324 997 394 ob
1045 326 1288 395 mentis
1354 323 1899 407 imbecillitatem,
1974 331 2117 395 toto
2153 333 2458 413 tempore
2506 327 2714 395 inter·

171 433 457 517 dictionis3
496 432 565 519 3)
612 449 785 520 quos
833 437 1098 502 constat
1147 433 1449 519 tempore
1498 432 1749 502 conditi
1785 434 2167 502 testamenti
2214 435 2421 504 fuisse
2469 437 2711 503 mentis

175 563 271 614 non
309 559 494 626 sanae,
546 541 643 609 uli
692 547 1010 626 amentes»,
1062 541 1314 623 furiosi,
1366 541 1467 609 vel
1517 539 1755 628 quovis
1816 540 2288 610 imbecillitatis
2336 559 2578 627 genere
2621 541 2712 609 la-

176 656 455 731 borantes3
506 650 633 718 etsi
671 646 1005 717 interdicti
1041 667 1175 717 non
1215 648 1348 718 sint
1397 649 1457 724 ¹;
1506 649 1575 736 4)
1625 648 1915 716 damnati
1964 648 2048 716 ad
2080 656 2386 732 mortem,
2422 650 2518 717 vel
2557 665 2710 735 per-

185 766 324 847 petuo
369 755 446 823 ad
493 756 800 825 triremes
848 753 900 824 ².

239 865 401 933 aa.
450 866 521 945 Q.
573 866 639 931 2.
686 865 786 932 An
816 873 1077 950 testator
1106 862 1192 929 ad
1228 863 1650 930 haereditaten
1690 866 1890 952 possit
1919 884 2141 932 vocare
2177 882 2359 949 quem
2405 863 2713 930 voluerit?

238 977 288 1043 ll.
328 975 626 1040 Testator
661 978 884 1059 potest
914 988 1153 1040 vocare
1192 969 1528 1040 haeredem
1562 990 1760 1059 quem
1805 972 2107 1055 voluerit,
2158 971 2333 1039 salva
2399 971 2710 1057 portione

179 1081 419 1169 legitima,
468 1080 524 1149 si
573 1079 681 1149 cui
729 1080 876 1149 baec
924 1098 959 1148 a
1006 1080 1153 1165 lege
1200 1078 1640 1162 concedatur;
1690 1088 1756 1150 et
1806 1080 2001 1150 modo
2052 1086 2321 1150 vocatus
2370 1096 2573 1166 capax
2623 1079 2710 1146 sit

177 1188 715 1276 adaequirendum
792 1206 914 1274 per
982 1193 1475 1271 testamentum,
1546 1205 1622 1256 ac
1669 1207 1914 1258 vocans
1963 1187 2108 1256 aliis
2182 1186 2706 1272 obligationibus
2752 1173 2762 1187 ¹

178 1316 268 1367 non
308 1297 752 1383 obstringetur
783 1297 1021 1364 saltem
1062 1295 1281 1381 quoad
1331 1296 1846 1365 conscientiam:
1890 1293 2195 1383 quisquis
2230 1313 2389 1364 sane
2437 1295 2528 1362 rei
2565 1311 2706 1362 suae

173 1405 419 1473 dominus
465 1410 587 1487 est,
626 1403 683 1471 si
731 1403 840 1472 lex
874 1402 1051 1471 nulla
1085 1404 1329 1472 obstet:
1371 1404 1694 1490 Legitima
1738 1412 1979 1487 autem,
2017 1421 2167 1490 quae
2217 1419 2485 1489 semper
2532 1401 2707 1470 salva
2779 1409 2804 1436 ·

169 1531 279 1582 esse
315 1514 516 1595 debet,
565 1530 856 1599 quaeque
903 1510 1113 1602 danda
1163 1519 1264 1580 est
1307 1512 1458 1581 sine
1493 1530 1698 1581 onere
1748 1511 1847 1581 vel
1908 1511 2304 1597 gravamine,
2345 1509 2699 1577 definitur:

169 1621 395 1709 quoedom
432 1622 637 1708 portio
685 1619 1066 1687 haereditatis
1097 1621 1371 1707 defuncti
1416 1638 1498 1688 ‘ex
1547 1620 1750 1706 lequm
1795 1621 2076 1688 civilium
2115 1619 2482 1707 proescripto
2524 1619 2706 1704 pleno

162 1731 272 1816 ,im
300 1729 571 1817 personis
616 1728 986 1814 quibusdam
1031 1727 1251 1796 debita.

232 1836 482 1905 Dicitur:
534 1840 591 1903 1.
644 1835 943 1917 Quaedam
981 1836 1189 1923 portio
1249 1835 1670 1914 hoereditatis5
1715 1833 1867 1905 ideo
1916 1833 2351 1920 legitimarius
2402 1832 2705 1913 babetur,

170 1944 261 2011 etsi
298 1943 355 2011 in
396 1949 595 2030 quota
633 1942 899 2025 minori,
939 1947 1012 2010 ut
1044 1961 1240 2011 verus
1278 1943 1513 2011 haeres,
1556 1941 1836 2010 Additur
1870 1942 2162 2028 defuncti,
2212 1940 2363 2028 quia
2415 1939 2706 2025 legitima

171 2070 270 2120 uon
308 2051 701 2133 conceditur,
752 2050 879 2118 nisi
929 2056 1081 2137 post
1131 2058 1413 2118 mortem
1464 2037 1827 2128 testatoris,

302 2159 475 2226 211:ae
507 2160 713 2245 layum
744 2159 1026 2225 civilium
1051 2165 1438 2246 prcescripto,
1475 2158 1626 2243 quia
1665 2177 1744 2227 ex
1780 2159 1955 2242 Lege
1990 2162 2246 2224 naturae
2283 2162 2507 2241 patres
2550 2153 2704 2221 filiis

174 2264 260 2332 filii
295 2268 654 2351 parentibus
705 2284 836 2334 non
907 2266 1290 2351 legitimam,
1340 2264 1457 2333 sed
1530 2272 1788 2334 tantum
1838 2265 2019 2353 quod
2097 2262 2549 2332 necessarium
2602 2268 2705 2330 est

174 2370 233 2439 ad
264 2374 792 2443 sustentationem
861 2374 1288 2460 suppeditare
1337 2382 1673 2444 tenentur.
1743 2374 2055 2443 Additur:
2094 2373 2281 2461 pleno
2317 2373 2485 2458 jure,
2551 2371 2704 2455 quia

173 2480 230 2547 ab
267 2481 418 2550 omni
470 2480 810 2549 testatoris
850 2480 1124 2549 arbitrio
1173 2480 1604 2562 subducitur,
1656 2499 1806 2549 cum
1857 2480 1914 2547 vi
1967 2480 2131 2564 legis
2181 2478 2524 2546 debeatur.

302 2589 355 2657 3.
396 2590 689 2656 Personis
731 2589 1101 2675 quibusdam
1145 2588 1365 2671 debita,
1415 2589 1566 2675 quia
1615 2589 1796 2675 leges
1845 2588 2068 2657 civiles
2118 2587 2409 2656 indicant
2475 2603 2703 2672 perso·

170 2714 273 2777 nas,
310 2698 540 2785 quibus
612 2695 900 2781 legitima
973 2695 1322 2766 tribuenda
1385 2704 1507 2780 est,
1578 2704 1645 2766 et
1693 2696 2006 2766 dicuntur
2077 2695 2456 2782 leqitimarii.
2535 2694 2706 2761 Sunt

169 2813 363 2872 aulem:
390 2822 622 2873 omnes
650 2803 765 2870 filii
794 2803 1215 2889 (emancipati
1252 2803 1353 2872 vel
1382 2805 1543 2889 non)
1574 2803 1870 2890 legitimi,
1902 2802 2242 2888 legitimati
2281 2811 2345 2870 et
2378 2800 2695 2886 adoptivi;

170 2919 217 2979 et
251 2930 453 2981 omnes
502 2930 739 2981 eorum
784 2909 1286 2994 descendenteS,
1359 2929 1510 2980 cum
1560 2912 1994 2980 advertentia:
2045 2915 2085 2978 I
2125 2909 2500 2977 discendenti
2553 2906 2704 2996 perd

171 3037 261 3085 non
294 3022 343 3086 si
383 3032 643 3086 contum
690 3020 796 3086 che
834 3011 951 3106 per
992 3019 1134 3103 quel
1161 3019 1352 3104 fiylio,
1385 3020 1493 3086 che
1523 3032 2034 3107 rappresentano.
2071 3017 2553 3086 Deficientibus
2590 3034 2702 3082 au·

173 3130 269 3193 tem
306 3127 444 3195 filiis
490 3133 604 3194 aut
638 3144 872 3195 eorum
920 3124 1500 3208 descendentibus,
1554 3126 1825 3194 veniunt
1859 3126 2301 3195 ascendentes
2337 3123 2699 3205 testatoris,
2781 3191 2788 3196 .

173 3232 358 3316 quibus
403 3233 740 3301 successio
790 3241 969 3300 esset
1018 3231 1439 3301 concedenda
1474 3233 1673 3300 etiam
1720 3232 1798 3299 ab
1844 3234 2149 3300 intestato.
2201 3231 2492 3299 Tandem
2539 3228 2702 3297 defi-

171 3340 436 3409 cientibus
482 3338 1044 3408 descendentibus
1093 3339 1284 3407 simul
1324 3346 1389 3407 et
1438 3339 1958 3408 ascendentibus
2008 3345 2293 3408 testator
2340 3337 2699 3423 disponere

170 3453 341 3530 potest
385 3448 460 3516 ad
509 3448 773 3516 libitum
821 3446 905 3516 de
960 3446 1272 3516 omnibus
1323 3447 1544 3529 boniS,
1593 3447 1647 3515 si
1701 3447 2006 3532 quaedam
2055 3447 2487 3533 excipiantur,
2554 3462 2701 3531 quae

170 3554 377 3640 conjugi
419 3555 763 3643 superstiti
811 3561 877 3623 et
926 3553 1076 3622 filiis
1114 3554 1536 3622 naturalibus
1584 3552 1934 3623 debentur.

234 3661 324 3727 Sed
361 3663 677 3749 (quaeres)
724 3681 1015 3747 quoenam
1077 3661 1365 3747 leqitimae
1410 3662 1748 3747 qun-mitae,
1796 3672 1852 3727 et
1896 3660 2195 3746 quomodo
2244 3658 2705 3746 computanda?

170 3764 219 3832 Si
254 3769 442 3853 agitur
508 3769 589 3839 de
639 3766 1019 3837 haeredibus
1092 3768 1157 3836 in
1207 3766 1378 3836 linea
1426 3768 1912 3850 ascendentali,
1994 3768 2283 3853 legitima
2357 3763 2701 3833 tribuenda

172 3871 264 3939 erit
302 3877 472 3945 tertia
525 3895 679 3963 pars
731 3875 937 3944 totius
971 3875 1139 3943 assis
1180 3874 1608 3958 haereditarii,
1658 3876 1796 3944 sive
1846 3874 2059 3944 unciae
2112 3881 2398 3961 quatuor
2431 3891 2510 3940 ex
2544 3869 2703 3937 duo-

174 3976 361 4050 decim:
406 3992 469 4053 et
518 3982 671 4052 ideo
708 3989 989 4052 testator
1034 3982 1099 4050 in
1152 3982 1279 4054 hoc
1328 3999 1483 4050 casu
1538 3999 1672 4049 non
1723 3984 1975 4069 poterit
2015 3981 2393 4067 disponere,
2448 3977 2571 4044 nisi
2624 3975 2704 4044 de

176 4093 301 4156 octo.
341 4092 404 4158 Si
437 4109 592 4161 vero
643 4090 863 4176 agitur
902 4089 984 4158 de
1026 4089 1201 4157 linea
1242 4089 1759 4172 descendentali,
1816 4090 2198 4176 quicunque
2247 4087 2332 4155 sit
2387 4101 2703 4160 numerus

175 4189 683 4271 descendentium.
731 4196 1024 4282 legitima
1073 4196 1199 4265 erit
1260 4193 1606 4266 dimidium
1659 4195 1866 4264 totius
1899 4197 2087 4321 assiS,
2138 4195 2278 4262 sive
2312 4191 2538 4260 >unciae
2588 4209 2702 4259 sex

171 4485 210 4535 C.
238 4485 280 4537 1'.
306 4490 416 4553 3⁴o;
450 4437 601 4541 -Ῐ-ῖ.
628 4424 1225 4540 51.A685⁸.⁰⁰-’--idgmG
1260 4424 1501 4545 Ξξῖνῗιοῐῗῖ,
1523 4421 2595 4536 ⁹(gii;te-z²·›.tagie⁴151tugyconfflz-i'ltcgmPsltssilssi⁹
2618 4445 2707 4534 ir}

271 4585 283 4609 .
580 4554 722 4602 irato
738 4560 989 4613 ,·uempe
1020 4548 1186 4600 luvali
1269 4555 1472 4598 messe
1487 4521 1859 4608 'contendunt,
1894 4546 1965 4598 ob
1990 4557 2122 4597 cons
2095 4545 2197 4597 llii
2225 4546 2518 4608 delectum3
2543 4555 2706 4610 quan

165 4621 289 4671 quam
318 4613 450 4665 nulla
482 4614 540 4666 nt
576 4623 679 4664 mei
665 4586 781 4663 nti'o
813 4610 1039 4675 hujusce
1072 4610 1147 4662 rel
1184 4611 1237 4660 in
1274 4607 1452 4660 Codice
1481 4609 1774 4660 novissimo.

212 4672 235 4714 ²
257 4675 359 4727 cod.
383 4689 518 4741 poen.
555 4678 661 4728 art.
696 4678 762 4727 20
794 4686 858 4727 ex
895 4675 1015 4725 cod.
1058 4673 1197 4724 cium
1228 4671 1512 4734 Albai-tine,
1548 4677 1648 4723 art.
1683 4670 1765 4722 4⁴.
