3292 5167
491 228 622 293 170
1517 243 1634 291 mn.
1683 246 1745 289 ιι.
1794 244 2005 289 τιυιετ.
2052 240 2108 289 v.

567 348 852 424 Praestat,
895 352 965 409 ut
1006 345 1397 427 explicemus
1431 352 1688 409 nomina
1727 346 2043 425 praecipua
2080 345 2251 408 circa
2286 345 2832 426 susperstitiones.
2877 344 3123 408 Astro-

493 430 658 509 logia
726 429 984 491 ducitur
1026 444 1056 490 a
1103 443 1313 507 graeco
1356 434 1596 501 astron,
1639 426 1850 500 stella,
1896 436 1963 488 et
2033 426 2218 507 logos,
2261 442 2492 489 sermo.
2548 427 2960 490 Aeromantia
3018 424 3121 487 ab

489 510 802 573 aer'aer:
870 519 935 571 et
994 510 1323 586 manteud,
1383 506 1699 570 divinare.
1767 506 2128 570 Amuletum
2194 508 2286 569 sic
2351 506 2587 570 dicitur
2649 506 2728 569 ab
2784 506 3122 579 emollire,

488 593 665 670 quasi
717 593 905 650 noxia
949 586 1240 650 emolliat
1295 597 1358 651 et
1394 597 1662 652 avertat.
1706 585 2142 661 Cbiromantia
2208 603 2242 650 a
2287 587 2485 665 cheir,
2546 603 2792 650 manus.
2836 587 3115 667 Capno·

488 670 724 733 mantia
774 685 806 731 3
865 685 1120 747 capnos,
1171 669 1398 731 tumus.
1456 667 1982 732 Catottromantia
2048 675 2455 748 catroptron,
2523 668 2873 748 speculum.
2951 665 3121 728 Alo·

487 753 728 815 mantia
774 750 853 811 ab
895 749 1053 824 hals,
1101 749 1213 811 sal.
1259 749 1837 827 Anthropomantia
1883 750 1962 810 ab
2004 752 2324 827 antropos,
2370 750 2592 824 bom03
2634 749 2933 812 divinare
2984 749 3107 808 in·

487 829 818 910 spiciendo
846 832 1090 893 viscera
1127 830 1425 892 hominis.
1453 828 1872 902 Belomautia,
1909 828 2067 892 belos
2098 829 2327 908 sagitta
2364 829 2474 907 (de
2511 832 2627 892 bac
2659 828 3118 903 divinatione,

487 911 721 973 Ezecb.
767 927 899 986 xxi,
942 927 999 972 v.
1043 911 1170 987 21).
1216 910 1700 982 Botanomantia
1745 925 1775 970 a
1826 907 2068 981 botane,
2116 911 2288 972 erba.
2332 909 2756 972 Brizomantia
2822 926 2855 970 a
2905 907 3119 972 brizo

490 991 792 1054 dormire.
841 991 927 1052 Pb
978 992 1329 1068 siognomia
1377 1007 1406 1052 3
1453 988 1692 1069 physis,
1739 1000 1981 1052 natura.
2050 988 2425 1052 Geomantia
2472 1006 2504 1051 a
2548 1007 2683 1067 yea,
2730 999 2925 1053 terra.
2976 988 3115 1070 Hy·

492 1072 850 1135 dromantia
899 1008 977 1133 ab
1021 1071 1243 1151 hydor,
1290 1087 1472 1148 aqua.
1517 1070 1885 1133 Idololatria
1932 1071 2010 1133 ab
2044 1071 2308 1147 eiddlon,
2355 1070 2617 1145 idolum,
2660 1069 3115 1133 simulacrum

490 1152 688 1233 (quod
737 1154 993 1231 proprie
1038 1151 1357 1228 significat
1399 1151 1732 1231 imaginem
1760 1150 2087 1229 falsamet
2117 1154 2387 1227 inanem,
2434 1168 2661 1230 nempe
2692 1151 2771 1212 de
2808 1150 3113 1229 eoquod

493 1249 623 1295 non
669 1244 785 1305 est,
817 1237 926 1293 sed
960 1248 990 1292 a
1039 1232 1170 1294 sola
1220 1233 1678 1309 imaginatione
1727 1233 2042 1311 tingitur),
2086 1242 2150 1293 et
2196 1233 2396 1295 latria
2427 1233 2654 1295 cultus.
2690 1231 3111 1295 Sabaeismus

495 1313 557 1375 id
605 1322 704 1374 est
744 1313 1146 1386 astrolatria,
1170 1328 1283 1374 seu
1325 1312 1534 1375 cultus
1565 1321 1901 1377 astrorum.
1937 1312 2246 1379 Zo'olatria
2281 1330 2388 1374 seu
2429 1312 2641 1375 cultus
2669 1311 3112 1383 animalium;

468 1409 524 1460 ‚a
574 1412 749 1471 zeon,
793 1392 1052 1455 animal.
1118 1392 1640 1471 Anthropolatria
1689 1409 1812 1467 seu,
1847 1394 2174 1455 bominum
2238 1395 2464 1455 cultus.
2520 1392 2902 1455 Feticismus
2981 1409 3115 1455 seu

492 1473 705 1551 cultus
751 1489 964 1536 rerum
1023 1488 1217 1535 sensu
1261 1476 1638 1535 carentium.
1682 1472 2197 1548 Daemonolatria‚
2230 1480 2363 1536 'seu
2432 1472 2638 1536 cultus
2681 1473 3108 1547 daemonum3

492 1554 745 1615 daemon
776 1571 806 1615 a
844 1554 1118 1629 daimon,
1153 1554 1410 1632 genium
1445 1554 1703 1630 (malum
1748 1553 2307 1632 subintelligitur).
2344 1553 2564 1617 Cultus
2595 1554 3109 1629 abstractarum,

492 1651 604 1696 seu
647 1650 861 1696 rerum
903 1632 1401 1709 abstractarum,
1448 1650 1503 1694 v.
1550 1652 1628 1713 g.‚
1675 1633 1882 1707 famae,
1933 1633 2317 1710 concordiae,
2359 1644 2504 1712 etc.‚
2546 1635 2777 1713 quibus
2821 1645 2889 1697 et
2937 1645 3109 1695 tem·

492 1712 592 1793 pla
637 1716 1057 1793 erigebantur
1099 1724 1163 1775 et
1207 1713 1571 1776 sacerdotes
1615 1714 2108 1794 deputabantur.
2155 1712 2467 1777 Philtrum
2514 1731 2545 1776 a
2591 1715 3106 1794 philemamare,

494 1796 883 1869 incantatio;
933 1795 1078 1856 ideo
1124 1796 1414 1857 instituta
1462 1795 1539 1857 ad
1586 1811 1870 1857 amorem
1917 1795 2450 1874 extorquendum.
2505 1794 2715 1857 Lamia
2762 1813 2792 1856 3
2843 1795 3109 1868 mimos,

490 1876 684 1954 gula;
734 1876 954 1937 lamias
999 1873 1303 1937 dicebant
1348 1875 1658 1937 devorare
1702 1892 1858 1954 quos
1902 1887 2160 1954 possent
2205 1877 2500 1939 invenire
2558 1892 2813 1954 pueros.
2860 1875 3110 1938 Dicun-

496 1965 596 2018 tur
640 1957 836 2018 etiam
880 1971 1046 2033 sayoe
1088 1950 1120 2015 a
1166 1957 1529 2033 sagacitate.
1573 1955 1887 2019 Dicuntur
1931 1957 2125 2018 etiam
2159 1958 2508 2019 teterrimae
2555 1957 2693 2019 istae
2734 1957 2980 2036 striges
3022 1957 3107 2019 ab

491 2037 596 2098 avi
645 2037 919 2114 quadam
968 2046 1305 2109 nocturna,
1353 2037 1526 2098 stria>
1590 2036 1783 2111 dicta,
1831 2051 1971 2116 quae
2028 2046 2218 2099 noctu
2276 2037 2610 2098 stridendo
2666 2036 2861 2111 volat,
2913 2036 3108 2099 dere·

494 2115 810 2196 lictosque
860 2115 1144 2178 infantes
1187 2132 1217 2178 a
1267 2120 1451 2177 cunis
1496 2120 1685 2196 rapit,
1725 2133 2073 2194 eorumque
2105 2119 2485 2196 sanguinem
2521 2118 2837 2179 absorbet.
2868 2116 3106 2196 Magus

492 2212 527 2259 3
571 2214 784 2277 magos
830 2198 1104 2275 sapiens,
1149 2194 1249 2258 vel
1295 2212 1328 2258 a
1374 2214 1595 2276 meaos,
1645 2212 1931 2277 magnus
1974 2197 2417 2260 Necromantia
2464 2197 2565 2258 vel
2613 2199 3029 2260 necomantia
3066 2214 3102 2259 a

492 2293 702 2355 necys,
753 2286 1061 2339 mortuus,
1107 2275 1331 2349 Omen,
1376 2279 1552 2355 quasi
1592 2295 1672 2339 ea>
1714 2295 1817 2339 ore
1859 2280 2128 2340 veniens.
2174 2279 2615 2342 Ouiromantia
2661 2278 2740 2340 ab
2780 2280 3103 2353 oneriros,

494 2360 832 2419 somnium.
877 2355 1241 2433 Oracnlum,
1284 2359 1464 2435 quasi
1513 2356 1606 2418 illi
1655 2361 1810 2419 insit
1850 2360 2067 2420 divina
2108 2361 2333 2421 oratio.
2395 2358 2804 2437 Pyromantia
2868 2375 2902 2421 a
2947 2376 3103 2438 pyr,

495 2438 681 2516 ignis,
749 2438 1199 2517 Pythonismus
1248 2438 1329 2503 ita
1377 2436 1633 2513 dicitur,
1677 2442 1823 2519 quia
1890 2441 1981 2501 sic
2026 2441 2393 2510 divinantes
2438 2455 2738 2518 responsa
2788 2438 3105 2501 ferebant

495 2518 1155 2660 insidentesrtripodi,
1192 2521 1295 2595 qui
1344 2527 1684 2598 coopertus
1707 2528 1847 2581 erat
1885 2512 2050 2600 pelle
2095 2523 2414 2599 serpentis
2453 2519 2762 2599 Pythonis
2792 2520 2869 2583 ab
2910 2520 3104 2599 Apol·

522 2600 630 2661 ine
677 2603 845 2662 inter
878 2606 1021 2661 ecti.

570 2677 776 2740 254.
823 2679 888 2754 Q.
939 2680 987 2742 l.
1035 2676 1305 2751 Quinam
1348 2680 1623 2758 suspecti
1666 2678 1978 2744 habentur
2018 2679 2095 2740 de
2134 2679 2633 2759 superstitione?

574 2758 644 2819 R.
689 2761 976 2838 suspecti
1024 2760 1104 2821 de
1149 2761 1607 2837 superstitione
1657 2761 1977 2823 habentur
2019 2769 2083 2821 et
2128 2762 2272 2822 ideo
2336 2760 2688 2839 prudenter
2751 2778 2784 2823 a
2830 2760 3097 2824 confes·

494 2841 664 2900 sario
704 2839 1178 2918 interrogandi:
1226 2839 1289 2919 l)
1333 2839 1671 2918 opiliones,
1713 2843 1821 2920 qui
1866 2841 2063 2901 variis
2107 2840 2307 2902 dediti
2355 2856 2493 2903 esse
2539 2841 2749 2903 solent
2791 2841 3102 2905 observa·

497 2918 809 2996 tionibuS,
862 2930 933 2983 ut
975 2937 1235 2998 gregem
1293 2936 1473 2982 suum
1543 2921 1710 2999 lupis
1780 2920 1876 2982 vel
1942 2920 2086 2983 aliis
2143 2922 2327 2983 malis
2375 2932 2706 2993 tueantur3
2771 2921 2838 3000 2)
2900 2920 3103 2985 fabri·

495 2997 779 3075 ferrarii,
827 3002 932 3079 qui
986 3003 1151 3062 circa
1198 3017 1394 3080 equos
1449 3001 1769 3064 sanandos
1830 3010 2102 3064 utuntur
2149 3003 2359 3064 verbis
2400 3003 2503 3064 vel
2549 3019 2628 3064 ex
2686 3001 2957 3063 Psalmis
2988 3003 3098 3066 vel

499 3078 809 3143 Oratione
854 3081 1176 3144 dominica
1224 3097 1384 3143 vane
1428 3082 1825 3161 desumptis3
1867 3082 1932 3162 3)
1980 3084 2201 3159 rustici
2248 3085 2353 3162 qui
2402 3083 2478 3146 ad
2526 3082 2812 3145 sananda
2859 3098 3097 3160 pecora

499 3163 805 3224 inanibus
850 3161 1408 3225 observationibus
1453 3171 1741 3238 utuntur,
1787 3163 1885 3225 vel
1932 3174 2278 3224 recurrunt
2320 3162 2396 3225 ad
2447 3164 2684 3242 peritos
2708 3162 2954 3247 ‚talium
3001 3179 3099 3226 ar-

498 3243 695 3317 tium3
739 3245 805 3322 4)
851 3240 1270 3320 vetulae,quae
1315 3245 1480 3305 circa
1529 3247 1834 3306 mulieres
1878 3243 2245 3306 laborantes
2286 3243 2349 3306 in
2398 3255 2579 3319 partu
2611 3244 3098 3321 superstitiosas

504 3321 820 3386 adhibent
864 3325 1228 3399 orationes3
1272 3323 1512 3385 milites
1555 3326 1664 3404 qui
1711 3323 2013 3387 deferunt
2056 3340 2270 3386 secum
2338 3340 2513 3387 sacra
2577 3326 2858 3391 nomina,
2892 3327 3101 3387 numi·

497 3409 700 3469 smata
750 3403 846 3467 vel
899 3406 1212 3482 imagines
1256 3402 1461 3483 (quasi
1495 3403 1800 3484 amuleta)
1845 3404 1925 3469 ad
1954 3405 2407 3467 certitudinem
2453 3404 2621 3484 quod
2678 3406 2741 3465 in
2790 3403 2982 3481 bello,
3028 3408 3095 3466 in

499 3482 747 3562 duello,
794 3492 936 3559 etc.‚
987 3500 1113 3545 non
1160 3486 1292 3544 sint
1336 3483 1739 3559 vulnerandi,
1783 3502 1900 3547 nec
1944 3500 2104 3565 aqua
2153 3484 2250 3547 vel
2289 3488 2458 3564 igne,
2495 3485 2594 3547 vel
2642 3484 2848 3547 subita
2885 3498 3097 3547 morte

508 3567 801 3643 perituri.
849 3564 978 3625 lmo
1023 3567 1116 3627 rei
1165 3565 1244 3625 de
1289 3568 1750 3642 superstitione
1786 3575 1936 3628 sunt
1989 3566 2435 3643 interrogandi
2479 3567 2559 3628 de
2603 3565 2755 3628 aliis
2800 3568 3095 3629 crimini·

496 3643 638 3726 hus,
684 3660 828 3728 quae
861 3660 1003 3705 cum
1052 3643 1157 3706 illa
1208 3643 1286 3705 de
1330 3642 1503 3705 facili
1543 3647 2057 3725 conjunguntur:
2102 3663 2157 3706 v.
2187 3663 2243 3725 g.
2290 3663 2414 3727 quo
2446 3647 2573 3708 fine
2604 3664 2672 3708 se
2717 3645 2825 3709 tali
2873 3663 3097 3726 super·

497 3730 747 3791 stitioni
794 3721 889 3787 illi
938 3723 1329 3801 addixerint,
1372 3741 1451 3787 an
1499 3729 1751 3789 ratione
1795 3726 2197 3788 vehementis
2256 3729 2595 3807 passionis,
2644 3727 2954 3802 avaritiae,
2990 3726 3094 3789 vel

497 3806 574 3870 ad
624 3804 1102 3872 conciliandum
1153 3820 1382 3868 nomen
1433 3808 1827 3882 sanctitatis3
1871 3815 2039 3868 esset
2081 3807 2254 3868 enim
2309 3818 2373 3870 et
2435 3805 2742 3886 sacrilega
2791 3809 3113 3887 hypocri2

496 3890 603 3953 sis.
649 3890 806 3953 Item
854 3885 933 3948 de
980 3888 1319 3963 apostasia,
1363 3885 1444 3948 de
1488 3886 1745 3965 haeresi,
1794 3892 1874 3951 de
1916 3886 2119 3950 abusu
2164 3903 2380 3951 rerum
2424 3904 2775 3966 sacrarum,
2832 3890 2913 3952 de
2960 3888 3093 3951 bla-

497 3970 830 4049 sphemiis,
868 3967 947 4030 de
994 3966 1267 4043 luxuria,
1306 3976 1431 4030 etc.

573 4050 779 4113 255.
825 4047 894 4122 Q.
935 4048 992 4109 2.
1038 4045 1201 4121 Quia
1232 4065 1347 4125 pro
1387 4047 1586 4127 prame·
1626 4047 1829 4127 quoad
1871 4050 2425 4127 superstitionem?

576 4130 645 4195 R.
692 4132 786 4193 En
831 4129 1073 4191 monita
1120 4128 1194 4190 ad
1239 4128 1485 4206 praxim
1531 4130 1885 4207 spectantia
1931 4130 2137 4208 quoad
2183 4129 2749 4208 superstitionem:

660 4212 710 4273 1.
755 4211 1066 4272 Monitum
1109 4207 1345 4287 legitur
1387 4208 1553 4287 apud
1597 4209 1921 4283 Martinet,
1969 4209 2264 4289 Filosofia
2317 4210 2418 4272 del
2465 4206 2850 4271 Catechismo
2896 4215 3095 4271 catto·

499 4291 638 4366 lico,
681 4289 723 4351 1.
772 4307 867 4365 ιιι,
911 4288 943 4370 5
989 4290 1058 4352 7:
1117 4315 1139 4343 ι
1201 4287 1300 4351 Gli
1347 4290 1588 4352 nomini
1639 4290 1745 4367 piu
1788 4290 2221 4354 s’avvicinano
2267 4290 2389 4352 alla
2435 4291 2906 4367 superstizione
2947 4305 2984 4350 3
3028 4288 3107 4351 at

496 4370 854 4450 sortilegio,
883 4380 1124 4448 quanto
1157 4371 1263 4449 piu
1294 4370 1772 4432 s’allontanant·
1796 4371 1964 4434 dalla
2004 4371 2151 4434 rede
2181 4371 2499 4446 cattolica,
2536 4368 3093 4433 dall'obbedienza

498 4449 623 4514 alla
673 4450 918 4515 Cbiesa.
964 4449 1108 4513 Cosi
1150 4451 1207 4514 ci
1251 4451 1466 4516 avvisa
1513 4467 1600 4513 un
1645 4460 1870 4515 autore
1913 4461 2470 4531 contemporaneo,
2510 4452 2674 4513 assai
2720 4448 2972 4514 'versato
3024 4452 3093 4513 in

497 4531 755 4594 codesta
794 4532 1061 4593 materia
1111 4531 1254 4601 che,
1320 4532 1536 4610 prima'
1569 4529 1631 4592 di
1703 4534 2026 4596 ritornare
2089 4532 2212 4595 alla
2259 4533 2484 4595 Cbiesa
2526 4549 2563 4593 e
2607 4530 2689 4592 di·
2729 4530 3091 4594 consolaria

498 4609 660 4674 colle
707 4627 818 4674 sue
862 4610 1121 4690 egregie
1166 4611 1489 4686 scritture,
1532 4626 1686 4673 avea
1732 4615 1976 4676 vissuto
2006 4629 2041 4674 e
2085 4615 2312 4676 scritto
2343 4613 2419 4676 da
2469 4611 2824 4675 incredulo.
2868 4611 3091 4685 Questi

493 4693 536 4753 e
577 4689 784 4753 Collin
829 4688 909 4752 de
953 4688 1211 4768 Plancy,
1252 4692 1369 4752 che
1413 4690 1599 4753 dice:
1671 4690 1798 4754 Tra
1858 4692 1915 4754 le
1969 4693 2157 4772 arida
2198 4694 2472 4757 smodate
2532 4692 2634 4756 dei
2686 4692 2905 4773 filosofi
2968 4709 3092 4755 non
