3292 5167
517 170 647 238 722
1473 188 1587 235 un.
1634 189 1699 242 n.
1746 189 1955 235 rnacr.
2005 189 2131 235 vin.

516 291 801 357 divinam
843 291 1203 372 pertinent3
1247 305 1395 353 nam
1439 290 1505 353 in
1550 290 1680 372 ipsa
1729 291 2161 371 propositione
2199 290 2475 356 revelata
2523 290 2892 355 formaliter
2953 303 3108 354 con·

518 375 823 437 tinentur.
868 371 939 434 ln
1000 372 1119 434 hoc
1161 374 1396 451 quippe
1441 380 1668 435 natura
1711 371 2069 452 syllogismi
2113 373 2230 436 sita
2277 382 2398 448 est,
2439 382 2509 435 ut
2554 374 2758 453 prima
2819 374 3104 451 praemis-

517 468 731 595 saruutt
773 450 1246 516 conclusionem
1276 454 1342 513 in
1369 467 1439 516 se
1474 454 1823 529 contineat,
1851 460 1918 515 et
1944 451 2146 516 altera
2188 469 2341 516 vero
2371 470 2515 517 eam
2556 469 2698 517 esse
2723 462 3108 516 contentam

516 533 689 597 mani
720 541 903 596 estet.
2241 543 2246 550 ·

676 612 735 676 2.
779 611 949 675 Idem
996 610 1358 685 dicendum,
1387 610 1439 672 si
1485 611 1956 691 propositiones
1997 626 2078 676 ex
2106 612 2335 691 majori
2379 613 2666 693 generali
2717 611 3004 675 revelata
3033 619 3105 673 et

517 693 755 756 minori
804 708 929 756 non
978 690 1254 755 revelata
1301 690 1592 755 deductae
1634 695 1805 766 sint;
1844 708 1991 756 nam
2032 692 2243 756 adbuc
2288 695 2355 755 in
2418 693 2856 772 propositione
2921 707 3110 754 reve·

522 772 645 836 lata
693 773 1048 836 formaliter
1091 772 1547 834 continentur:
1591 772 1658 834 in
1708 773 2149 852 propositione
2192 775 2370 837 enim
2455 775 2700 837 enerali
2755 776 3103 835 continen-

522 863 647 929 tur,
690 864 755 917 et
796 857 1009 916 minor
1054 867 1179 914 non
1229 851 1507 913 revelata
1545 851 1831 916 declarat
1872 870 2010 917 esse
2053 862 2375 918 contenta.
2405 792 2529 916 god
2572 854 2836 917 omniuo
2889 852 3107 932 requi·

521 935 709 1008 riter,
754 941 823 996 ut
855 934 1061 996 minor
1102 933 1184 995 sit
1226 930 1511 995 absolute
1556 940 1749 1006 certa,
1779 934 1869 996 uti
1915 941 2014 998 est
2057 935 2123 996 in
2154 950 2340 1014 supra
2390 933 2645 997 laudato
2689 932 2989 1011 exemplo
3023 932 3110 995 de

521 1012 799 1077 Romana
831 1014 1145 1077 Ecclesia:
1188 1011 1472 1092 alioquin
1506 1013 1910 1076 firmissimus
1955 1013 2224 1092 praeberi
2262 1030 2390 1076 non
2439 1022 2652 1094 posset
2685 1028 2996 1077 assensus
3023 1012 3106 1074 ad

523 1095 712 1157 fidem
745 1094 1111 1173 requisitus.
1140 1091 1322 1156 Unde
1352 1094 1403 1155 si
1443 1095 1654 1156 minor
1684 1104 1853 1158 esset
1893 1105 2138 1158 tantum
2186 1097 2515 1158 moraliter
2543 1103 2738 1170 certa,
2772 1092 3107 1156 conclusio

522 1175 599 1237 ad
646 1175 962 1253 objectum
1011 1174 1157 1236 fidei
1207 1188 1333 1235 non
1394 1174 1788 1250 pertineret,
1835 1183 1901 1238 et
1946 1176 2297 1255 propositio
2339 1177 2397 1238 ei
2448 1175 2714 1239 adversa
2753 1190 2884 1236 non
2932 1180 3110 1236 esset

523 1256 846 1330 haeretica‚
877 1253 990 1317 sed
1027 1268 1317 1317 erronea.
1353 1252 1514 1315 Hinc
1550 1254 1613 1314 in
1650 1254 1765 1317 boc
1807 1253 2137 1334 exemplo:
2172 1254 2387 1334 infans
2421 1255 2693 1335 leqitime
2731 1253 3109 1334 baptizatus

523 1344 586 1398 et
626 1342 771 1401 ante
813 1353 994 1398 usum
1028 1335 1297 1398 rationis
1338 1336 1627 1409 moriens,
1651 1343 1748 1397 est
1785 1344 2077 1407 sanctus;
2109 1337 2294 1415 atqui
2320 1335 2544 1401 Petrus
2577 1341 2727 1400 ante
2768 1352 2954 1397 usum
2996 1349 3104 1396 ra·

524 1416 714 1479 tionis
755 1423 1059 1502 mortuus,
1108 1414 1377 1494 legitime
1416 1413 1548 1494 fuit
1588 1411 1977 1494 baptizatas,
2011 1433 2164 1495 -erqo
2208 1417 2433 1479 Petrus
2476 1424 2573 1480 est
2612 1423 2917 1483 sanctus,-
2965 1415 3108 1478 haec

525 1495 848 1558 conclusio
893 1495 971 1557 ad
1018 1493 1207 1557 fidem
1253 1509 1379 1556 non
1452 1495 1765 1572 pertinet;
1808 1499 1954 1576 quia
2005 1496 2335 1559 moraliter
2401 1503 2650 1561 tantum
2714 1504 2967 1560 certum
3004 1505 3109 1558 est

524 1575 781 1639 Petrum
827 1576 1025 1639 fuisse
1069 1574 1358 1655 legitime
1404 1571 1827 1653 baptizatum,
1872 1578 1996 1640 nisi
2054 1577 2130 1646 ad
2177 1593 2489 1641 summum
2549 1586 2848 1657 respectu
2894 1575 3105 1653 bapti·

525 1658 750 1729 zantis,
793 1666 903 1719 aut
948 1657 1070 1719 nisi
1117 1664 1209 1719 tot
1252 1655 1495 1718 fuerint
1539 1664 1752 1732 testes,
1797 1666 1866 1719 ut
1908 1657 2198 1721 absolute
2233 1666 2478 1720 certum
2522 1659 2607 1721 sit
2667 1657 2827 1720 nibil
2875 1667 3102 1718 essen·

529 1736 678 1800 tiale
725 1737 920 1800 ruisse
961 1736 1283 1799 omissum.

684 1817 737 1880 3.
783 1814 844 1878 Si
892 1823 1043 1880 vero·
1080 1815 1406 1879 conclusio
1449 1814 1806 1879 deducatur
1841 1832 1920 1879 ex
1950 1816 2179 1895 maj0ri
2226 1816 2572 1881 universali
2605 1818 2869 1878 omnino
2900 1823 3107 1890 certa,

526 1896 634 1959 sed
685 1913 812 1958 non
862 1897 1134 1960 revelata
1175 1906 1238 1958 et
1266 1912 1345 1958 ex
1374 1897 1605 1958 minori
1659 1896 1962 1969 revelata,
1994 1907 2207 1960 utrum
2253 1899 2329 1960 ad
2375 1899 2662 1962 divinam
2709 1897 2899 1959 fidem
2961 1910 3107 1974 per·

529 1977 749 2053 tineat,
800 1977 1147 2057 disputant.
1194 1977 1317 2039 Alii
1377 1992 1518 2039 cum
1564 1979 1879 2052 Autome,
1923 1976 2137 2052 Cano,
2185 1977 2509 2056 vasquez,
2548 1986 2702 2051 etc.‚
2744 1978 3112 2048 affirmant;

526 2073 672 2120 nam
721 2057 864 2120 talis
912 2058 1235 2121 conclusio
1270 2060 1698 2120 necessariam
1739 2058 1931 2121 babet
1973 2063 2438 2122 connexionem
2482 2074 2620 2122 cum
2668 2057 3110 2138 propositione

528 2137 851 2200 revelata:
894 2156 1048 2217 ergo
1094 2154 1229 2200 eam
1276 2138 1334 2199 vi
1385 2138 1732 2199 testimonii
1784 2138 1987 2200 divini
2034 2137 2297 2202 credere
2342 2139 2663 2202 debemus.
2707 2137 2833 2201 Sed
2893 2135 3104 2215 Lugo,

522 2217 783 2294 Suarez,
827 2218 1238 2282 Lberminier
1280 2215 1517 2295 aliique
1563 2217 1989 2295 probabiliter
2034 2220 2454 2295 contendunt,
2495 2216 2976 2281 conclusionem
3031 2214 3102 2278 il·

531 2297 655 2360 lam
700 2315 918 2362 veram
964 2298 1224 2378 quidem
1270 2314 1409 2361 esse
1454 2303 1726 2360 veritate
1794 2298 2189 2378 theologice;
2254 2315 2381 2362 non
2436 2309 2647 2362 autem
2690 2300 2969 2361 veritate
3015 2311 3109 2359 re·

523 2377 752 2442 velata.
798 2379 964 2441 Sane
1011 2380 1119 2442 illa
1168 2381 1514 2459 propositio
1561 2394 1687 2440 non
1732 2390 1830 2442 est
1859 2395 2010 2443 vera
2056 2382 2326 2442 veritate
2360 2380 2670 2455 revelata,
2695 2379 2843 2441 ideo
2891 2392 3103 2457 neque

523 2456 602 2520 de
639 2459 763 2521 fide
794 2459 1007 2521 divina
1054 2459 1395 2535 credenda,
1429 2475 1568 2540 quae
1615 2459 1859 2522 directe
1897 2476 2025 2522 non
2062 2459 2349 2523 creditur
2386 2461 2441 2521 vi
2486 2460 2690 2521 divini
2723 2458 3106 2528 testimonii,

523 2538 633 2601 sed
679 2542 737 2601 vi
788 2540 1099 2602 illationis
1146 2539 1562 2618 theologicae;
1626 2541 1800 2619 atqui
1851 2540 1994 2602 talis
2037 2548 2134 2602 est
2198 2541 2332 2603 ltaec
2389 2549 2607 2603 nostra
2653 2539 2784 2619 (de
2827 2554 2950 2618 qua
2999 2539 3108 2600 bic

523 2621 800 2700 agimus)
845 2619 1183 2683 conclusio.
1232 2619 1438 2682 Adde:
1489 2620 1595 2682 illa
1640 2623 1909 2683 assertio
1946 2635 2074 2682 non
2117 2629 2217 2683 est
2246 2620 2325 2683 de
2372 2622 2504 2699 ipsa
2550 2619 2678 2682 fide
2713 2620 2958 2692 divina,
2991 2634 3102 2681 cu·

516 2700 622 2779 jus
666 2701 868 2780 major
907 2701 1079 2780 (ideo
1124 2712 1189 2763 et
1231 2699 1582 2778 conclusio)
1626 2705 1769 2764 sine
1813 2717 2035 2764 errore
2072 2700 2137 2762 in
2185 2700 2308 2763 fide
2355 2703 2572 2780 negari
2623 2708 2872 2779 potest;
2922 2697 3106 2779 atqui

523 2779 585 2841 id
621 2784 838 2843 evenit
884 2782 949 2843 in
995 2798 1143 2843 casu
1190 2790 1426 2843 nostro.
1474 2780 1586 2853 Qui
1651 2797 1804 2843 sane
1865 2788 2131 2860 negaret
2171 2782 2502 2844 bominem
2546 2797 2683 2844 esse
2740 2779 3103 2854 risibilem,

520 2876 805 3003 errorem
851 2860 1111 2935 diceret,
1150 2877 1277 2923 non
1324 2862 1665 2936 haeresim;
1717 2859 1860 2924 nam
1908 2862 2164 2942 proprie
2211 2862 2331 2924 iste
2383 2876 2512 2923 non
2549 2870 2819 2940 negaret
2857 2858 3104 2939 aliquid

519 2957 671 3004 reve
697 2950 891 3007 atum.

600 3021 663 3083 Si
714 3032 925 3107 tamen
969 3021 1303 3084 accederet
1332 3021 1627 3084 definitio
1672 3020 2188 3096 Ecclesiae,·tunc
2220 3020 2469 3086 nullum
2517 3020 2793 3100 amplius
2838 3021 3106 3083 dubium

522 3109 655 3175 est,
700 3102 1171 3166 conclusionem
1240 3101 1413 3163 illam
1459 3117 1598 3164 esse
1666 3100 1746 3164 de
1792 3102 1915 3163 fide
1959 3101 2269 3163 catholica
2339 3102 2732 3175 tenendam;
2793 3100 3100 3163 Ecclesiae

523 3182 694 3243 enim
739 3193 838 3245 est
879 3183 958 3244 de
1003 3188 1271 3245 veritate
1315 3182 1625 3244 doctrinae
1678 3180 2112 3244 infallibiliter
2151 3181 2462 3260 iudicare.

599 3262 870 3326 1⁰03.
916 3264 980 3338 Q.
1044 3264 1101 3326 2.
1149 3261 1443 3337 Quaenam
1507 3269 1661 3324 sunt
1701 3263 1986 3338 criteria,
2035 3263 2275 3324 indicia
2315 3271 2377 3324 et
2416 3267 2823 3341 argumenta,
2872 3256 3102 3340 quibus

520 3341 828 3422 ‹liquos-cit
872 3344 1172 3416 Ecclesia,
1221 3359 1305 3405 art
1349 3344 1591 3422 aliquid
1635 3359 1854 3406 revera
1895 3343 1963 3405 in
1996 3325 2219 3406 divina
2247 3342 2639 3405 Revelatione
2668 3341 3108 3403 contineatur?

605 3421 670 3484 lt.
704 3422 865 3486 Sunt
897 3424 1148 3489 Petrum
1186 3427 1441 3501 scripta,
1467 3423 1612 3487 libri
1643 3421 1944 3501 liturgici,
1987 3423 2126 3485 dies
2171 3422 2337 3499 festi,
2366 3432 2501 3484 acta
2554 3421 2922 3502 Martyrum,
2974 3437 3110 3500 per·

520 3511 746 3581 petuus
809 3504 1091 3566 fidelium
1163 3519 1427 3578 sensus,
1469 3513 1535 3567 et
1600 3505 1875 3581 ipsorum
1965 3504 2412 3566 baereticorum
2482 3503 2888 3577 testimonia;
2953 3506 3106 3564 item

520 3593 932 3648 monumenta
978 3584 1454 3661 arcbeologica3
1500 3585 1779 3661 denique
1826 3585 1992 3645 inter
2024 3585 2235 3646 omnia
2268 3585 2512 3645 eminet
2545 3585 2951 3664 primumque
2982 3581 3106 3643 sibi

520 3661 726 3727 locum
779 3666 1060 3728 vindicat
1098 3666 1250 3743 juge
1296 3680 1365 3726 ac
1412 3667 1620 3728 vivum
1672 3664 1971 3728 Ecclesiae
2019 3664 2475 3743 magisterium.

599 3743 664 3818 Q.
710 3745 764 3807 3.
814 3745 1266 3823 Quotupliciter
1305 3752 1508 3823 potest
1549 3744 1863 3807 catholica
1906 3745 2144 3810 veritas
2186 3743 2482 3823 definiri?

601 3825 687 3887 R.·
714 3825 1150 3904 Multipliciter
1194 3833 1404 3904 potest
1447 3827 1683 3888 veritas
1728 3824 2040 3888 catholica
2071 3824 2331 3887 definiri
2361 3841 2376 3884 ε
2403 3856 2482 3869 -
2513 3824 2575 3903 l)
2605 3823 2872 3896 directe,
2902 3830 3107 3883 etxest

520 3920 661 3967 cum
709 3912 946 3969 veritas
991 3908 1069 3969 ab
1112 3906 1393 3969 Ecclesia
1438 3921 1761 3984 expresse,
1802 3922 1911 3968 seu
1960 3906 2287 3983 conceptis
2331 3902 2545 3966 verbis
2598 3902 2920 3967 credenda
2962 3917 3103 3981 pro·

518 3988 797 4065 ponitur,
827 3997 896 4051 ut
925 3986 1252 4051 ordinarie
1286 3990 1355 4049 fit
1378 4005 1395 4060 ;
1419 4020 1493 4034 —
1519 3988 1580 4058 Ξ)
1615 3986 1938 4060 indirecte,
1963 3987 2202 4048 cumin
2224 3982 2469 4065 obliquo
2543 3985 2784 4046 veritas
2831 3981 3104 4045 tenenda

519 4070 943 4146 proponitur;
978 4072 1044 4130 in
1087 4076 1256 4131 recto
1301 4078 1507 4130 autem
1560 4066 1992 4129 infallibilitas
2035 4065 2362 4144 Ecclesiae,
2394 4080 2535 4144 quae
2582 4075 2667 4127 tta
2723 4067 2966 4138 statuit,
3013 4064 3104 4126 uti

520 4154 618 4208 est
662 4149 850 4212 illud:
892 4148 962 4212 Si
1004 4153 1142 4228 quis
1185 4150 1427 4212 dioeerit
1470 4146 1817 4210 Ecclesiam
1858 4162 2078 4209 errare
2120 4162 2262 4207 cum
2321 4145 2538 4209 docuit
2578 4152 2639 4208 et
2677 4144 2853 4207 docet
2902 4144 3109 4221 Juxta

518 4229 935 4308 evangelicam
966 4238 1039 4296 ,et
1082 4230 1488 4308 apostolicam
1528 4228 1905 4303 doctrinam,
1944 4232 2200 4307 propter
2238 4224 2627 4290 adulterium
2668 4224 2940 4288 alterius
2963 4240 3100 4286 coit·

508 4304 736 4387 jugum
792 4311 1185 4374 matrimonii
1245 4309 1564 4373 vinculum
1626 4325 1750 4371 non
1808 4325 1982 4387 posse
2023 4306 2299 4380 dissolvi,
2341 4306 2677 4370 anathema
2699 4306 2787 4370 sit
2808 4304 3102 4382 (Triden-

524 4387 745 4464 tinum‚
768 4409 918 4454 sess.
942 4408 1110 4465 xxiv,
1139 4406 1277 4453 can.
1308 4389 1398 4468 7);
1424 4422 1502 4435 —
1521 4388 1588 4469 3)
1622 4390 1830 4465 tacite,
1862 4402 2000 4453 cum
2029 4385 2107 4448 ab
2135 4384 2417 4450 Ecclesia
2445 4387 2700 4462 factum,
2727 4386 2894 4466 quod
2914 4384 3106 4463 ajuro

521 4469 758 4546 pendet
803 4480 866 4533 et
912 4473 973 4534 in
1020 4487 1095 4533 eo
1143 4471 1472 4540 fundatur,
1521 4472 1810 4534 sancitur
1856 4469 1944 4531 uti
1991 4475 2090 4529 est
2134 4466 2328 4542 illud:
2370 4464 2439 4529 Si
2477 4467 2620 4546 quis
2678 4467 2938 4538 dixerit,
2975 4480 3086 4525 σω-

520 4552 848 4618 remonias,
883 4557 1075 4613 vestes
1115 4558 1177 4613 et
1219 4559 1483 4614 externa
1524 4550 1734 4629 siqua,
1775 4546 2001 4628 quibus
2031 4546 2113 4618 ‚in
2155 4546 2503 4611 Missurum
2532 4544 2947 4610 celebratione
2974 4543 3087 4606 Ec·

519 4625 711 4691 clesia
755 4628 1063 4694 catholica
1105 4632 1338 4704 utitur,
1395 4628 1743 4693 irritabula
1802 4628 2147 4709 impietatis
2207 4645 2335 4692 esse
2386 4628 2608 4709 magis,
2662 4642 2849 4706 quam
2908 4624 3103 4704 officia
