3292 5167
544 243 633 309 50
738 295 759 307 .
1246 264 1358 308 un.
1408 264 1469 308 n.
1518 263 1730 309 rnicr.
1777 264 1833 309 v.
1879 264 2030 310 mse.
2081 263 2122 308 ι.
2171 263 2301 309 CAP.
2343 247 2430 318 u,'

542 366 693 436 culo
742 365 1236 434 incontinentiae
1291 365 1443 452 (nisi
1494 366 1903 454 dispensatio
1954 366 2377 452 intercedat),
2430 365 2725 452 alioquin
2773 366 2877 436 vix
2926 367 3136 436 ullum

541 480 766 542 votum
813 472 1075 540 firmum
1119 481 1331 555 esset,
1383 492 1532 541 cum
1583 474 1688 542 vix
1735 475 1822 540 sit
1858 474 1971 560 qni
2020 474 2141 542 hac
2190 473 2271 542 de
2315 492 2384 541 re
2433 491 2660 559 graves
2736 474 3136 543 tentationes

542 598 672 649 non
724 580 1026 663 patiatur.
1062 581 1227 649 Hinc
1262 571 1721 649 Tridentin'um
1754 581 2020 649 damnat
2057 599 2196 663 θος,
2248 582 2359 667 qui
2396 580 2648 662 dicunt,
2692 599 2891 667 posse
2925 601 3141 649 omnes

538 687 899 754 contrahere
942 688 1414 754 matrimonium
1459 689 1568 773 qui
1611 708 1740 755 non
1769 689 2044 755 sentiunt
2086 708 2151 755 se
2187 688 2514 774 castitatis,
2551 689 2795 755 etiamsi
2840 707 2976 756 eam
3023 706 3140 755 vo-

538 794 759 874 verint,
808 794 1029 861 habere
1073 794 1303 861 donum
1312 819 1337 873 ;
1403 814 1544 861 cum
1592 799 1758 862 Deus
1826 795 1893 862 id
1935 806 2095 862 recte
2136 796 2475 880 palmitibus
2519 814 2646 862 non
2709 794 2974 881 deneyet,
3024 814 3139 863 nec

530 903 820 990 patiatur
860 922 975 968 nos
1020 921 1217 988 supra
1261 903 1344 985 id,
1392 902 1556 989 quod
1600 915 1954 989 possumus,
2004 903 2236 970 tentari
2269 899 2320 970 ¹.
2423 916 2432 924 '

716 997 788 1076 ΞΣ
824 1009 897 1077 Id
946 1011 1157 1078 multo
1224 1011 1432 1096 magis
1490 1010 1850 1079 tenendum
1922 1017 2024 1080 est
2073 1008 2155 1078 de
2223 1010 2395 1080 votis
2430 1008 2864 1078 ‘solemnibus
2924 991 3140 1077 valide

542 1118 803 1186 emissis
850 1116 916 1185 in
967 1118 1382 1203 professione
1430 1118 1759 1203 religiosa,
1809 1120 1911 1187 vel
1958 1119 2023 1186 in
2086 1119 2515 1204 susceptione
2592 1115 2928 1198 ordinum,
2982 1134 3139 1204 quae

543 1223 810 1309 quidem
858 1242 1122 1309 semper
1193 1226 1397 1294 valida
1469 1233 1625 1293 sunt
1675 1243 2071 1312 quacunque
2138 1225 2411 1295 notabili
2482 1224 2973 1294 circumstantia
3029 1224 3139 1291 in-

543 1331 967 1399 terveniente.
1018 1334 1202 1400 Ratio
1254 1332 1404 1417 quia
1456 1332 1807 1417 religiosus
1843 1338 1907 1400 et
1955 1330 2450 1400 ecclesiasticus
2500 1330 2568 1398 in
2619 1332 2746 1400 hoc
2794 1348 2949 1399 casu
3001 1348 3137 1398 non

544 1436 1003 1506 consideratur
1051 1446 1119 1506 ut
1170 1457 1454 1525 persona
1505 1438 1941 1525 particularis,
1992 1438 2098 1507 cui
2147 1439 2389 1507 melius
2438 1439 2523 1507 sit
2600 1444 2755 1507 tunc
2807 1456 2935 1506 non
2985 1454 3141 1505 esse

543 1552 696 1612 voto
745 1545 1129 1614 obstrictam
1146 1573 1166 1628 3
1239 1547 1357 1615 sed
1405 1554 1477 1614 ut
1528 1564 1677 1632 pars
1753 1545 2252 1615 communitatis
2315 1545 2652 1629 Ecclesiae,
2702 1546 2805 1613 cui
2863 1535 3143 1630 praestat

544 1661 948 1738 postponere
995 1653 1247 1721 bonum
1297 1653 1657 1739 privatum:
1708 1654 1865 1723 alias
1917 1661 2082 1741 quot
2123 1652 2676 1735 inconvenientia,
2730 1660 2894 1739 quot
2941 1670 3138 1720 scan-

543 1756 684 1826 dala
733 1766 798 1825 et
846 1759 1419 1843 perturbationesl

721 1868 781 1932 3.
830 1866 1011 1933 Idem
1043 1865 1394 1935 dicendum
1428 1866 1657 1934 eadem
1708 1865 1961 1935 ratione
1996 1865 2154 1935 boni
2200 1865 2574 1934 communis
2627 1867 2707 1935 de
2754 1865 2945 1948 votis,
2984 1882 3140 1951 quae

543 1971 938 2040 emittuntur
998 1991 1031 2038 a
1100 1974 1257 2041 viris
1327 1980 1439 2041 aut
1516 1973 1902 2041 mulieribus
1953 1973 2017 2040 in
2082 1971 2418 2059 aliquibus
2489 1971 3139 2057 congregationibuS,

541 2078 824 2147 maxime
870 2080 925 2146 si
974 2079 1251 2148 addatur
1275 2081 1727 2167 Juramentum
1773 2081 2320 2166 perseverantiae:
2361 2087 2516 2148 tunc
2565 2079 2742 2147 enim
2782 2078 3143 2147 intervenit

544 2194 925 2253 contractus
976 2204 1320 2255 onerosus,
1372 2187 1556 2257 Unde
1602 2188 1775 2256 sicut
1843 2188 2268 2272 congregatio
2342 2188 2573 2273 nequ-it
2644 2185 2985 2253 alumnum
3043 2185 3139 2253 di-

544 2293 808 2361 mittere
877 2295 962 2362 ob
1033 2296 1575 2380 supervenientes
1627 2295 2155 2364 circumstantias
2230 2294 2553 2380 (exceptis
2620 2292 3139 2362 circumstantiis

545 2400 958 2485 criminum);
1005 2402 1095 2469 ita
1145 2422 1265 2471 nec
1314 2404 1618 2471 alumnus
1667 2402 1975 2473 deserere
2023 2403 2626 2489 congregationem.

629 2506 754 2568 7¹·
805 2512 876 2590 Q.
927 2511 987 2577 3.
1038 2511 1200 2591 Quid
1242 2510 1315 2577 de
1357 2513 1485 2579 voti
1513 2512 2043 2579 commutatione?

632 2618 701 2683 R.
750 2617 899 2687 Voti
947 2618 1377 2686 commutatio
1427 2617 1768 2687 definitur:
1823 2617 2170 2686 substitutio
2215 2617 2405 2684 unius
2465 2617 2743 2685 materiae
2789 2617 2858 2684 in
2933 2616 3140 2683 locum

541 2721 735 2803 illius,
781 2743 919 2808 quae
962 2725 1088 2810 fuit
1144 2736 1281 2792 voto
1321 2726 1658 2811 promissa,
1704 2726 1876 2811 facta
1941 2726 2055 2793 sub
2110 2724 2323 2792 eadem
2367 2725 2493 2791 voti
2536 2724 2925 2811 obliqatione.
2974 2725 3139 2818 Haec

542 2830 931 2902 substitutio
981 2832 1053 2899 fit
1101 2832 1165 2898 in
1214 2833 1472 2914 meliuS,
1527 2833 1589 2899 in
1641 2829 1898 2918 aequale
1945 2839 2012 2899 et
2061 2831 2126 2897 in
2186 2830 2427 2900 minus.

628 2937 710 3002 In
754 2938 963 3004 minus
1008 2954 1251 3006 vovens
1300 2956 1432 3006 non
1482 2945 1707 3024 potest
1755 2945 2012 3007 mutare
2059 2946 2287 3006 votum
2320 2955 2562 3019 suum3
2602 2936 2759 3022 quia
2811 2953 3027 3021 neque
3065 2933 3137 3002 in

545 3043 965 3128 aequivalenti
1017 3046 1368 3131 promissio
1418 3054 1811 3114 servaretur.
1860 3043 2000 3113 Imo
2051 3044 2460 3132 probabilius
2510 3061 2730 3129 neque
2777 3044 2846 3109 in
2899 3040 3138 3127 aequale

543 3147 687 3234 ipse
736 3158 957 3236 potest
1005 3160 1286 3234 mutare;
1341 3152 1493 3239 quia
1541 3153 1889 3240 supposita
1926 3152 2389 3239 promissione,
2439 3150 2647 3235 magis
2682 3157 2942 3235 gratum
2989 3149 3133 3217 Deo

544 3255 686 3324 tore
735 3269 1071 3342 censetur,
1120 3261 1175 3328 si
1228 3280 1467 3329 vovens
1518 3267 1792 3347 praestet
1840 3278 1980 3328 rem
2030 3259 2444 3345 promissam,
2508 3275 2704 3344 quam
2754 3257 2809 3324 si
2858 3261 3137 3342 praestet

545 3362 869 3448 aequalem
919 3384 1049 3434 non
1099 3368 1511 3451 promissam.
1561 3371 1656 3436 Ita
1705 3375 1934 3435 tenent
1979 3368 2169 3447 Azor,
2206 3366 2577 3451 CaJetanuS,
2627 3366 2934 3449 Layman,
2969 3364 3136 3430 San-

543 3469 724 3551 cbez,
758 3471 1020 3554 Suarez,
1053 3473 1295 3559 aliique
1329 3492 1480 3542 cum
1502 3474 1563 3542 d.
1605 3476 1878 3555 Thoma,
1919 3473 2031 3559 qui
2081 3474 2173 3540 ait
2208 3470 2274 3535 ²:
2315 3472 2725 3539 Commutatio
2757 3482 2842 3536 est
2886 3469 3136 3554 quidem

541 3588 911 3659 contractus,
961 3580 1067 3664 qui
1112 3599 1238 3646 non
1276 3591 1474 3666 potest
1508 3581 1729 3667 perfici
1769 3582 1903 3647 sine
1965 3599 2265 3647 consensu
2307 3578 2631 3662 utriusque
2672 3578 2909 3664 partis:
2970 3574 3138 3643 unde

544 3704 686 3752 cum
730 3684 909 3751 homo
946 3705 1065 3771 per
1126 3698 1336 3754 votum
1382 3689 1508 3754 Deo
1552 3707 1616 3753 se
1662 3689 1902 3775 obliqet‚
1948 3707 2075 3754 non
2112 3697 2312 3774 potest
2377 3684 2516 3772 fieri
2568 3684 2917 3752 immutatio
2989 3685 3135 3766 ooti,

542 3792 671 3860 nisi
730 3793 1101 3859 interveniat
1158 3812 1490 3860 consensus
1548 3795 1682 3880 ejus
1733 3796 1841 3880 qui
1904 3795 2099 3862 vicem
2157 3792 2274 3861 Dei
2333 3792 2495 3879 qerit
2540 3793 2609 3859 in
2654 3791 2857 3872 terris,
2905 3790 3137 3858 scilicet

543 3899 804 3967 Praelati
822 3924 844 3965 .·
893 3910 979 3966 est
1027 3918 1364 3966 commune.

633 4006 704 4073 Si
753 4025 907 4076 vero
944 4006 1378 4076 commutatio
1427 4005 1500 4073 fit
1530 4007 1599 4075 in
1633 4004 1873 4090 melius,
1919 4015 2140 4093 potest
2174 4025 2418 4076 vovens
2452 4023 2648 4073 suum
2697 4012 2921 4073 votum
2956 4022 3137 4072 com-

549 4122 835 4194 mutare,
871 4113 1024 4199 quia
1072 4113 1252 4199 quod
1286 4113 1522 4182 melius
1570 4119 1693 4196 est,
1742 4115 1882 4180 Deo
1931 4114 2139 4198 magis
2172 4120 2432 4199 gratum
2479 4111 2928 4180 existimatur:
2967 4109 3134 4180 adde

547 4219 767 4287 minus
816 4220 882 4288 in
947 4220 1177 4307 majori
1241 4220 1609 4288 eminenter
1687 4219 2032 4287 contineri.
2103 4220 2350 4306 Excipe
2413 4225 2559 4286 vota
2599 4224 2926 4285 reservata
2977 4216 3130 4301 (nisi

567 4428 578 4438 ⁶
607 4366 627 4401 ¹
662 4365 799 4418 sess.
834 4380 985 4429 xxiv,
1019 4381 1138 4421 can.
1172 4372 1221 4421 9.
1258 4370 1377 4429 Alli,
1412 4369 1517 4421 boc
1548 4380 1677 4419 casu
1710 4367 2002 4420 intrinseco
2034 4368 2267 4429 secluso,
2302 4368 2483 4420 tenent
2515 4368 2677 4419 ettam
2701 4367 2886 4418 votum
2919 4366 3134 4417 castita·

541 4429 611 4480 tis
648 4431 901 4492 extingui,
934 4432 981 4481 si
1012 4433 1262 4483 notabilis
1294 4433 1516 4483 mutatio
1549 4433 1932 4493 supervenerit,
1970 4432 2044 4482 uti
2076 4433 2120 4481 si
2155 4430 2372 4483 foemlna
2444 4441 2525 4481 uae
2557 4429 2954 4483 votumemisit
2978 4429 3135 4479 casti·

541 4491 689 4552 tatis,
721 4494 900 4555 postea
932 4492 1002 4543 ab
1033 4493 1137 4545 alio
1171 4507 1264 4558 per
1293 4496 1403 4545 vim
1435 4505 1692 4557 oppressa
1721 4492 1897 4555 tuerit,
1920 4505 2041 4558 quae
2070 4492 2190 4545 ideo
2212 4494 2314 4544 nist
2340 4504 2412 4543 nu
2452 4492 2509 4543 at
2536 4493 2842 4543 versaretur
2867 4490 2924 4541 in
2952 4491 3132 4542 miser·

540 4553 680 4605 rima
705 4554 1033 4607 conditione:
1072 4558 1172 4606 bac
1203 4557 1605 4608 circumstantia
1636 4557 1865 4630 praevisa
1896 4558 2036 4607 certe
2069 4553 2136 4607 ab
2162 4555 2256 4605 illa
2278 4557 2462 4606 votum
2497 4565 2605 4605 non
2633 4552 2818 4604 fuisset
2837 4552 3126 4614 emissum;

542 4618 674 4668 vota
699 4617 865 4688 eni-m,
903 4616 1258 4679 peculiaribus
1292 4617 1704 4670 circumstantiis
1737 4617 2028 4681 praeclusiS,
2061 4628 2170 4667 non
2200 4614 2435 4681 obligant
2463 4617 2604 4668 ultra
2654 4614 2708 4666 id
2758 4611 2902 4678 quod
2937 4614 3024 4665 hic
3074 4617 3127 4666 et

542 4689 690 4730 nunc
719 4679 822 4730 fuit
853 4690 886 4729 a
919 4682 1142 4731 vovente
1177 4681 1515 4742 promissum.

604 4740 629 4783 ²
658 4743 720 4795 ln
750 4743 799 4805 4,
832 4740 886 4805 d,
920 4742 999 4804 38,
1033 4754 1084 4805 q.
1118 4743 1165 4803 ι,
1199 4752 1250 4793 a.
1283 4743 1333 4793 4.
1368 4767 1425 4780 --
1461 4740 1696 4805 higuori,
1728 4741 1892 4793 Homo
1923 4743 2121 4805 Apost„
2160 4740 2311 4792 tract.
2346 4751 2399 4802 v,
2434 4745 2490 4789 n.
2521 4738 2602 4791 38.
