3292 5167
466 228 603 298 652
1133 245 1248 295 me.
1295 246 1357 295 n.
1407 249 1616 295 rnxcr.
1664 245 1792 293 vlu.
1841 248 1991 294 mse.
2037 247 2078 293 1.
2128 247 2259 294 cxv.
2307 246 2389 294 iv.

470 359 668 415 totum
711 350 917 416 orbem
958 358 1206 431 spectat·
1239 351 1322 413 ad
1362 349 1742 429 Pontificem,
1788 356 1852 412 ct
1887 364 2002 429 pro
2046 348 2179 429 ipso
2223 349 2305 411 ad
2349 346 2406 410 S.
2457 344 3067 427 Conqreqationem;

466 432 765 513 Episcopi
809 440 1016 496 autem
1077 438 1139 494 et
1180 430 1588 511 Inquisitores
1652 436 1917 510 possunt
1982 427 2177 493 libros
2243 425 2568 507 prohibere
2610 429 2677 488 in
2732 426 3072 489 territorio

463 515 744 593 proprio.
810 513 1006 592 quue
1071 513 1212 574 ideo
1281 512 1494 587 etiam,
1555 513 1701 590 quia
1761 527 1888 573 non
1957 517 2080 573 tam
2152 510 2337 572 facile
2400 525 2472 573 ac.
2535 508 2749 570 statim
2825 505 3066 569 notitia

473 597 760 657 omnium
806 597 1145 657 noxiorum
1193 591 1501 656 iibrorum
1539 598 1747 671 potest
1780 591 2042 654 Romam
2091 591 2459 669 pervenire3
2492 595 2754 667 praestat
2796 600 2959 664 ergo
2993 595 3079 648 ut.

474 673 767 737 Pastores
831 675 949 752 ipsi
1016 673 1187 735 illico
1248 688 1399 736 oves
1462 688 1607 734 suas
1668 672 1921 734 abillis
1978 681 2289 751 avertant.
2353 670 2514 733 Hinc
2565 669 2689 730 Leo
2754 667 3069 746 Magnus:

468 754 539 816 Si
582 757 723 833 quis
785 754 1388 833 Episcoporum...,
1447 752 1805 832 apocrypha
1866 749 2095 815 habere
2134 768 2246 829 per
2288 752 2492 813 domos
2553 767 2679 811 non
2718 745 3053 827 prohibue-

473 835 648 911 rit...,
690 835 1047 897 haereticum
1084 852 1151 895 se
1210 834 1459 898 noverit
1508 833 1970 911 judicandum:
2014 833 2307 912 quoniam
2350 831 2458 910 qui
2500 832 2661 893 alios
2718 827 2800 891 ab
2850 844 3082 891 errore

441 933 600 978 *non
648 923 936 990 revocat,
998 915 1266 993 seipsum
1328 931 1547 977 errare
1609 915 2005 977 demonstrat.
2039 913 2085 975 ¹.
2144 911 2207 975 ld
2271 914 2463 975 etiam
2528 914 2778 974 eruitur
2845 926 2877 971 a
2944 906 3066 971 Re-

474 996 622 1074 gula
665 996 933 1058 Indicis.-
975 993 1264 1058 Liberum
1307 996 1395 1057 sit
1437 994 1839 1074 Episcopis...,
1880 1011 1977 1056 eos
2020 993 2210 1056 etiam
2267 991 2480 1066 libros,
2526 995 2633 1072 qui
2677 989 3071 1068 liis'repnlis

468 1079 758 1155 permitti
798 1077 1112 1152 videntur,
1152 1073 1565 1156 proscribere,
1607 1079 1666 1136 si
1709 1075 1819 1137 ltoc
1862 1076 1931 1136 in
1973 1076 2166 1135 suis...
2216 1071 2587 1137 Dioecesibus
2636 1070 2936 1150 expedire
2959 1071 3079 1147 jis·

475 1157 848 1221 dicaverint.
877 1156 941 1218 ld
976 1157 1187 1218 firmat
1215 1156 1339 1218 Leo
1368 1154 1497 1230 ΧΠ,
1529 1156 1786 1218 decreto
1828 1153 1889 1216 S.
1934 1154 2470 1233 congregationis
2511 1154 2590 1216 26
2634 1154 2853 1215 martii
2890 1150 3072 1217 1825.

560 1238 838 1300 Tandem
884 1237 944 1299 S.
992 1237 1224 1299 Indicis
1267 1237 1718 1315 congregatim
1763 1235 2031 1315 iubente
2075 1236 2186 1298 Pio
2252 1234 2351 1311 lx,
2416 1232 2696 1313 Epistola
2757 1233 3068 1294 circulari

478 1316 558 1379 24
600 1336 741 1398 aug.
789 1318 943 1380 1864
985 1318 1063 1381 ad
1109 1334 1333 1380 omnes
1375 1318 1720 1397 Episcopus
1749 1319 1882 1379 haec
1913 1319 2125 1379 omnia
2166 1325 2433 1378 renovat
2467 1332 2540 1377 ac
2574 1315 2810 1387 firmat,
2840 1327 3071 1374 eorum

482 1399 688 1461 zelum
737 1407 920 1477 urget
962 1407 1027 1460 et
1069 1397 1566 1474 observantiam,
1612 1400 1767 1476 ipsis
1813 1398 1961 1458 item
2001 1396 2413 1459 concedendo
2478 1393 2586 1474 (ad
2653 1410 2843 1456 omne
2907 1392 3071 1456 effu·

481 1482 658 1603 {ium
707 1480 1016 1540 matorum
1063 1477 1540 1557 auferendum),
1583 1488 1654 1540 ut
1698 1482 1765 1538 in
1796 1479 1931 1551 ,hac
1975 1493 2045 1539 re
2089 1480 2282 1539 etiam
2321 1486 2617 1556 tanquam
2664 1473 3043 1553 Apostolicae

480 1561 662 1623 §edis
706 1559 979 1637 delegati
1028 1560 1391 1637 procedant.
1439 1562 1733 1622 Attamen
1768 1552 2153 1637 (concludit)
2183 1559 2264 1620 ad
2297 1558 2725 1636 Apostolicum
2743 1556 3071 1633 judicium

479 1659 552 1706 ea
591 1640 962 1720 deferantur
1002 1656 1189 1719 opera
1231 1640 1326 1703 vel
1365 1642 1628 1718 scripta,
1673 1656 1806 1718 quae
1830 1637 2210 1718 profundius
2246 1656 2509 1700 examen
2540 1639 2828 1717 eoeiyunt,
2860 1638 2959 1700 vel
3005 1639 3077 1700 iu

478 1720 705 1804 quibus
748 1721 831 1782 ad
871 1719 1221 1782 salutarem
1263 1720 1544 1801 effectum
1587 1720 2076 1799 consequendum
2118 1736 2402 1798 supernoe
2456 1717 2872 1781 auctoritatis
2940 1735 3071 1780 sen·

485 1804 685 1867 tentia
730 1819 795 1863 re
840 1802 1102 1863 uiritur.

560 1882 734 1957 Quod
766 1819 1002 1944 dicitur
1032 1881 1111 1942 de
1140 1879 1343 1956 libris,
1370 1881 1536 1942 idem
1560 1879 1733 1942 valet
1760 1880 1839 1941 de
1864 1879 2041 1941 foliis
2065 1879 2455 1959 quotidianis
2483 1879 2704 1957 (vulgo
2728 1867 3080 1958 possetis),

480 1982 619 2044 quae
664 1963 792 2026 sub·
811 1961 985 2041 gravi
1017 1961 1338 2039 prohiberi
1368 1971 1732 2024 censentur.
1766 1959 1879 2023 Hic
1922 1962 2394 2040 enim.quaestio
2426 1976 2552 2021 non
2586 1969 2683 2021 est
2728 1959 2807 2022 de
2846 1959 3078 2037 forma,

480 2046 590 2107 sed
637 2043 715 2104 de
772 2043 1158 2104 substantia:
1223 2054 1285 2102 et
1348 2042 1711 2120 ubicunque
1770 2042 2099 2102 invenitur
2158 2057 2382 2113 error,
2453 2041 2892 2119 profligandas
2957 2050 3079 2103 est.

479 2125 643 2188 Hinc
689 2123 832 2200 Pius
879 2121 957 2183 ΙΧ
999 2120 1334 2201 Encyclica
1397 2121 1610 2185 Nostis
1656 2121 1723 2201 (8
1785 2121 1920 2183 dec.
1968 2120 2151 2200 1849)
2218 2122 2560 2199 Episcopus
2596 2124 2944 2187 hortatur.
2992 2129 3069 2183 ut

481 2207 656 2267 omni
701 2203 1138 2266 sollicitudine
1181 2202 1562 2264 adlaborent
1604 2202 1681 2264 ad
1730 2201 1952 2265 fideles
1996 2203 2382 2265 avertendos
2419 2203 2497 2263 ab
2526 2204 2700 2263 omni
2753 2201 3063 2280 pestifera

483 2285 779 2359 lectione,
816 2294 878 2346 et
922 2286 1253 2362 signanter
1299 2285 1591 2344 nominat
1650 2283 1867 2360 impios
1914 2281 2156 2346 libellos
2199 2291 2263 2344 et
2300 2281 2714 2363 ephemerides
2746 2300 2822 2345 ac
2859 2283 3071 2362 papei-

485 2367 579 2430 las
622 2362 948 2437 mendacii,
990 2363 1456 2425 calumniarum
1499 2371 1560 2425 et
1599 2363 1978 2425 seductionis
2015 2363 2251 2442 plenas.

555 2498 769 2565 933.
821 2501 893 2580 Q.
943 2503 1003 2566 4.
1052 2500 1151 2566 An
1195 2499 1304 2582 qui
1344 2499 1665 2565 moraliter
1710 2504 1912 2565 certus
1957 2508 2089 2581 est,
2138 2500 2384 2567 nullum
2429 2500 2547 2568 sibi
2581 2502 2906 2567 imminere
2936 2519 3076 2586 per·

485 2609 793 2677 versionis
833 2607 1202 2694 periculum,
1253 2607 1446 2692 tepere
1483 2606 1680 2693 possit
1727 2606 1950 2692 absque
1997 2607 2245 2674 licentia
2291 2608 2481 2674 libros
2521 2608 2905 2695 prohibitos?

580 2719 652 2784 R.
703 2714 1041 2782 Sententia
1092 2698 1633 2781 communissima
1669 2721 1733 2780 et
1767 2713 2103 2799 sequenda
2138 2715 2407 2785 omnino
2444 2724 2636 2801 negat
2653 2741 2671 2796 ;
2705 2715 2857 2783 finis
2906 2713 3081 2784 enim

491 2823 962 2910 prohibitionis
1030 2840 1162 2889 non
1221 2820 1440 2888 solum
1487 2829 1609 2903 est,
1664 2829 1737 2888 ut
1785 2820 2097 2889 damnum
2146 2823 2430 2890 evitetur
2475 2822 3076 2906 conscientiarum,

492 2930 611 3000 sed
679 2932 877 2998 etiam
942 2936 1014 2996 ut
1070 2937 1372 2997 servetur
1420 2927 1795 2997 obedientia
1847 2929 2161 2998 Ecclesiae
2212 2926 2430 2999 debita
2484 2932 2544 2998 in
2597 2950 2668 2999 re
2718 2939 2853 2998 tam
2907 2931 3079 3018 peri-

494 3039 755 3119 culosa;
803 3055 877 3105 ac
928 3056 1008 3104 ne
1055 3037 1249 3103 detur
1298 3036 1628 3106 haereticis
1687 3047 1802 3106 aut
1860 3037 2003 3105 aliis
2046 3038 2366 3124 improbis
2421 3041 2863 3126 scriptoribus
2928 3058 3087 3109 ansa

496 3143 1055 3233 perniciosissima
1090 3143 1298 3211 malos
1330 3143 1536 3212 libros
1574 3144 1953 3232 evulgandi;
1988 3145 2162 3214 unde
2189 3162 2525 3232 nunquam
2558 3156 2774 3217 cessat
2816 3148 3088 3216 omuino

497 3251 648 3318 finis
687 3249 1072 3335 adaequatus
1124 3249 1608 3334 prohibitionis.
1660 3253 1738 3317 Et
1786 3270 1943 3320 sane
1991 3253 2055 3320 in
2104 3253 2310 3322 Bullis
2381 3254 2798 3340 prohibitivis
2848 3254 3093 3323 dicitur

499 3358 835 3446 prohiberi
883 3357 1234 3426 lectionem
1283 3357 1516 3426 factam
1560 3381 1642 3426 ex
1687 3361 1907 3445 quavis
1951 3381 2143 3428 causa
2186 3364 2281 3429 vet
2324 3364 2540 3430 colore.

590 3465 773 3533 Adde
822 3467 1154 3532 neminem
1198 3468 1620 3551 quantumvis
1673 3468 1853 3552 pium
1882 3486 1957 3537 ac
2006 3468 2276 3537 doctum
2314 3479 2462 3551 tuto
2500 3489 2697 3555 posse
2731 3470 3091 3554 confidere,

508 3571 690 3660 quod
740 3571 993 3649 nullum
1043 3570 1512 3641 detrimentum
1549 3575 1763 3660 capiat
1810 3593 1889 3643 ex
1939 3576 2047 3641 tali
2098 3577 2404 3661 lectione,
2455 3578 2736 3647 maxime
2783 3579 2836 3647 si
2874 3578 3093 3649 elabo-

504 3687 650 3750 rato
699 3680 872 3766 stylo
922 3697 996 3748 ac
1044 3680 1343 3765 captioso
1395 3682 1497 3766 (ut
1544 3683 1743 3768 solet)
1794 3682 1962 3751 liber
2008 3682 2093 3752 sit
2141 3688 2580 3772 conscriptus,
2632 3696 2696 3755 et
2744 3689 2961 3756 zelum
3018 3705 3095 3755 ac

510 3786 898 3857 charitatem
947 3795 1256 3855 ostentet.
1299 3788 1628 3875 Quidquid
1664 3791 1840 3859 enim
1873 3792 2136 3878 legitur,
2174 3794 2261 3860 ita
2298 3804 2587 3863 mentem
2622 3805 2927 3883 occupat,
2958 3798 3097 3864 ani-

511 3912 695 3962 mum
743 3892 1114 3976 demulcet,
1164 3901 1361 3981 atque
1410 3894 1490 3963 ad
1538 3914 1655 3965 cor
1702 3899 2076 3982 pertransit,
2128 3908 2201 3968 ut
2248 3901 2498 3969 sensim
2546 3901 2688 3971 sine
2738 3921 2939 3971 sensu
2990 3920 3099 3971 res

512 4002 683 4072 lecta
731 4001 870 4070 fieri
922 4001 1133 4070 soleat
1182 4004 1450 4090 propria
1486 4004 1785 4073 lectoris:
1837 4005 2010 4075 unde
2045 4008 2215 4076 bene
2249 4027 2302 4076 s.
2338 4009 2619 4079 Basilius
2658 4010 2861 4079 libros
2895 4011 3095 4077 cibum

516 4112 877 4178 animarum
945 4109 1251 4196 appellat.
1317 4113 1646 4181 Luctuosa
1719 4115 2119 4199 experientia
2183 4118 2373 4184 testis
2425 4126 2561 4199 est;
2624 4118 2719 4185 sic
2766 4119 3103 4204 Eutyches

595 4372 610 4410 ²
646 4374 740 4435 Ep.
775 4385 865 4433 xv,
892 4372 1023 4452 ali-,as
1045 4386 1170 4425 xcm
1202 4375 1270 4425 ad
1307 4376 1620 4438 Turribium,
1656 4389 1699 4427 c.
1734 4381 1809 4429 15.
1843 4404 1903 4415 —
1928 4380 1985 4428 V.
2022 4381 2203 4441 croix,
2229 4381 2317 4431 Th.
2345 4382 2501 4443 Mor„
2522 4381 2557 4432 l.
2589 4393 2682 4443 vn,
2720 4395 2774 4434 n.
2807 4385 2920 4444 394,
2944 4395 2995 4447 q.
3022 4385 3105 4434 46.

519 4458 586 4470 -
620 4435 682 4483 lt.
716 4435 867 4510 Belia
897 4439 960 4486 2⁶·
993 4448 1135 4496 nov„
1169 4439 1310 4497 1766,
1348 4438 1632 4511 Clementis
1666 4442 1759 4502 Pp.
1796 4442 1932 4501 ΧΙΙΙ,
1966 4443 2119 4505 cujus
2154 4448 2323 4494 totum
2356 4447 2725 4508 argumentum
2760 4448 2839 4497 est
2888 4450 3111 4496 cunctos

519 4499 944 4570 pei-cutfta›licurn
980 4498 1162 4571 Qrbem
1181 4500 1617 4573 ..i-rchiepiscopos,
1658 4503 1949 4567 Episcopo&
1997 4508 2284 4567 ceterosque
2336 4507 2613 4557 Diceceseon
2672 4510 2905 4560 nectores
2952 4512 3101 4559 enixe

525 4560 748 4617 hortari,
783 4564 838 4609 ut
870 4562 1115 4610 creditam
1147 4562 1240 4612 sebi
1271 4566 1394 4623 ipsis
1427 4565 1748 4616 Dominicum
1778 4578 1977 4629 qreqem
2010 4580 2044 4616 a
2073 4571 2350 4618 noa-iorum
2387 4569 2640 4619 librorum
2689 4571 2898 4621 tectione
2952 4582 3091 4621 aver·

524 4625 658 4673 toni.
696 4623 821 4672 Item
855 4624 1070 4683 Encycl.
1109 4626 1173 4675 15
1204 4636 1350 4698 augg,
1386 4627 1525 4685 1832,
1562 4628 1793 4689 Gregorii
1830 4632 1919 4692 Pp.
1957 4628 2086 4679 XVI.
2120 4632 2250 4683 Item
2283 4632 2446 4682 Breve
2481 4632 2558 4682 Ad
2589 4633 2891 4694 Apostolicae
2942 4634 3107 4691 Sedis,

524 4687 590 4736 22
625 4695 745 4746 aug.
780 4686 922 4743 1851,
952 4685 1222 4745 regnantis
1255 4688 1331 4738 Pu
1366 4688 1462 4750 Pp.
1496 4689 1584 4739 IX.
1617 4713 1683 4726 —
1714 4691 1943 4753 Lignori,
1983 4690 2117 4754 Opus
2156 4692 2309 4755 Mor„
2346 4693 2381 4744 Ι.
2419 4705 2511 4756 Ἧι,
2548 4707 2600 4745 n.
2635 4697 2769 4749 290..
2904 4734 2913 4739 -
