3292 5167
505 259 649 368 744Ι
1522 283 1636 329 tin.
1686 283 1750 329 11.
1799 284 2009 330 rnao'r.
2059 283 2182 328 vm.

505 399 540 444 e
570 381 887 446 luminoso
912 398 1115 461 ;.1)ure
1149 381 1406 447 talvolta
1446 384 1828 463 potrebbero
1861 383 2150 449 lasciarci
2202 381 2687 458 insoddisfatti;
2719 383 2786 461 3)
2812 383 3097 446 convien

508 478 665 541 pure
707 461 1190 526 solennemente
1238 464 1562 529 inculcare
1605 466 1723 528 che
1769 467 1932 542 cioe,
1961 482 1998 527 o
2042 462 2410 548 soddisfatti
2456 479 2492 525 o
2540 478 2670 526 non
2705 462 3103 539 soddisratti,

510 541 553 604 il
599 539 891 606 risultato
922 541 1106 628 delle·
1137 545 1939 627 private-,considerazioni
1986 546 2091 608 nei
2139 544 2510 607 documenti
2559 543 2871 623 originali
2920 542 3100 606 della

511 621 918 698 rivelazione,
961 623 1021 687 la
1068 623 1212 687 rede
1257 625 1335 687 ha
1383 626 1530 688 base
1575 628 1973 700 inconcussa,
2026 642 2061 688 e
2104 626 2160 688 ci
2207 624 2462 704 obbliga
2506 640 2541 688 e
2586 626 2791 704 prima
2836 640 2873 688 e
2930 623 3102 703 dopo

508 702 549 764 l'
573 720 785 788 esame
830 704 893 765 di
939 705 1060 767 essi
1108 705 1474 768 documenti
1521 707 1947 786 egualmente.
1994 731 2014 761 ι

502 811 525 820 -
588 783 763 861 Quod
811 784 906 845 vel
953 785 1030 847 ab
1100 786 1253 864 ipsis
1302 788 1721 850 oecumenicis
1766 785 2070 850 Conciliis
2128 785 2268 848 fieri
2331 783 2663 858 videmus:
2720 808 2743 837 ι
2788 783 2811 845 1
2853 783 3105 845 concili

507 863 627 941 (ait
670 865 774 927 cit.
810 873 1049 941 auctor,
1075 883 1215 944 par.
1248 866 1325 946 n)
1368 865 1565 929 ranno
1603 869 2030 947 inquisizione
2074 866 2500 928 conveniente
2537 882 2572 926 e
2604 880 2716 926 uso
2749 864 2812 926 di
2860 879 3103 927 umane

510 944 845 1020 industrie,
878 957 976 1007 ma
1026 950 1120 1024 poi
1171 948 1609 1023 pronunziano
1660 965 1769 1027 per
1815 949 1984 1010 lume
2032 946 2524 1026 sopranaturale
2572 943 2958 1007 infallibile:
3007 945 3098 1007 oi·

509 1032 786 1088 sum-est
849 1024 1026 1089 nobis
1102 1027 1529 1106 inquisizione
1575 1029 1837 1106 umana)
1883 1035 1946 1092 et
1990 1025 2266 1107 Spiritui
2310 1025 2536 1089 Sancto
2580 1024 3105 1105 (supranaturale

512 1104 1042 1187 i-llustrazione).‚
1108 1108 1348 1170 camois
1392 1108 1631 1185 (diceil
1681 1109 2163 1185 Panormitano)
2209 1108 2274 1169 in
2296 1104 2766 1198 definitionibus
2803 1105 3107 1168 Ecclesia

504 1187 864 1265 praecedant
906 1187 1231 1268 theoloqici
1272 1189 1598 1251 discursus
1642 1198 1704 1252 et
1744 1187 2198 1269 disputationes
2261 1186 2759 1267 diltyentissimoe
2803 1204 2939 1265 quoe
2990 1203 3105 1265 per

508 1267 978 1345 consequentias
1022 1276 1084 1330 et
1152 1270 1464 1332 illationes
1505 1269 1716 1349 fiunt;
1757 1270 1928 1333 sicut
1967 1268 2254 1348 Apostoli
2316 1269 2617 1329 Actorum
2658 1282 2766 1327 xvi
2829 1267 2912 1329 ad
2952 1266 3104 1346 defi·

508 1346 802 1409 'tiendum
872 1348 1101 1428 leqalia
1176 1367 1297 1411 non
1360 1367 1488 1413 esse
1554 1349 1986 1426 observanda,
2032 1365 2324 1428 magnam
2386 1348 2870 1427 inquisitionem
2944 1346 3104 1426 fece·

509 1435 679 1488 runt.
729 1426 876 1489 Cum
923 1436 1128 1492 tamen
1169 1430 1425 1492 venitur
1466 1430 1548 1492 ad
1609 1431 2020 1510 definiendum
2061 1430 2414 1492 discursus·
2455 1429 2583 1507 ipse
2626 1433 2688 1490 et
2746 1427 3106 1506 disputatio

513 1523 687 1569 more
724 1509 1000 1571 humano
1031 1506 1250 1572 habita
1278 1529 1401 1573 nou
1445 1517 1596 1573 sunt
1622 1513 1795 1572 ratio
1839 1510 2170 1590 definiendi
2208 1517 2269 1571 et
2297 1507 2608 1582 credendi,
2637 1525 2747 1570 nec
2773 1514 3107 1587 ponuntur

512 1587 579 1650 in
602 1588 844 1650 decreto
887 1589 1264 1668 definitionis
1287 1610 1313 1663 ;
1336 1591 1442 1653 sed
1465 1591 1609 1670 quia
1658 1594 1864 1653 visum
1898 1601 1993 1653 est
2036 1590 2304 1668 Spiritui
2355 1589 2609 1662 Sancto,
2641 1588 2751 1667 qai
2781 1588 2959 1650 illam
3006 1605 3108 1652 oe·

512 1669 768 1730 ritatem
816 1671 1017 1748 primo
1058 1671 1334 1754 eliminet
1364 1681 1574 1751 postea
1619 1671 1877 1752 aperuit
1919 1672 2270 1734 immediate
2314 1670 2625 1733 contineri
2648 1671 2713 1730 in
2760 1667 3108 1747 Scriptura

510 1749 606 1811 vel
657 1748 1034 1820 Traditione‚
1076 1769 1199 1813 non
1239 1769 1350 1830 per
1392 1768 1607 1814 novam
1651 1751 2107 1826 revelationem,
2148 1752 2254 1814 sed
2335 1767 2404 1813 er
2449 1765 2676 1811 novam
2722 1748 3103 1828 manifesta·

517 1829 743 1891 tionem
786 1832 1153 1893 immediatae
1212 1832 1612 1894 revelationis
1672 1842 1860 1895 antea
1907 1832 2130 1912 factae,
2176 1839 2237 1893 et
2324 1833 2428 1893 ein
2473 1829 2769 1892 Ecclesiae
2817 1831 2985 1912 ipsi,
3034 1835 3110 1891 ut

515 1910 633 1972 toti
673 1910 979 1973 dominico
1019 1913 1195 1992 (περὶ
1236 1911 1674 1991 infallibiliter
1713 1919 2085 1991 proponeret
2118 1913 2600 1974 communicata.
2649 1935 2670 1963 ι

592 1990 850 2050 1025.
893 1991 1343 2053 Methofflns
1386 1990 1913 2075 disputarunt
1961 1992 2297 2055 methodus
2342 1992 2615 2053 validior
2660 1991 2728 2052 in
2795 1988 3100 2051 docendo

518 2068 744 2131 fideles
788 2079 884 2133 est
927 2073 1263 2136 methodus
1303 2075 1786 2155 positiva,‘quoe
1834 2074 2056 2136 volens
2119 2073 2381 2134 erudire
2447 2070 2638 2133 simul
2703 2081 2769 2132 et
2832 2070 3109 2133 suadere

512 2152 713 2212 utitur
749 2150 1003 2214 dicendi
1053 2155 1301 2215 ratione
1346 2157 1622 2216 oratoria
1675 2154 1877 2234 magis
1926 2170 2118 2234 qnam
2172 2152 2535 2227 dialectica,
2591 2150 2897 2229 quasdam
2968 2159 3108 2213 tan·

516 2236 648 2292 tum
695 2232 995 2316 veritates
1040 2231 1402 2312 seligendo:
1458 2235 1593 2297 haec
1639 2237 1704 2296 in
1762 2232 2206 2297 concionando
2281 2240 2379 2296 est
2434 2232 2670 2311 optima
2741 2231 3109 2308 methodus.

512 2307 634 2372 Sed
683 2313 747 2374 in
793 2312 1119 2376 scholares
1165 2313 1477 2390 docendo,
1530 2323 1596 2378 et
1640 2316 1706 2377 in
1752 2314 2140 2395 disputando
2184 2315 2391 2392 aptior
2427 2323 2523 2375 est
2556 2311 2896 2374 methodus
2927 2311 3103 2373 scho-

515 2391 764 2468 tostico,
808 2409 947 2455 cum
995 2395 1382 2474 sophismata
1430 2394 1895 2458 invincibiliter
1941 2404 2006 2458 et
2046 2394 2258 2457 lucide
2303 2392 2641 2457 dissolvat:
2672 2408 2797 2471 qua
2838 2392 3106 2471 quidem

514 2476 1071 2550 argumentatione
1131 2491 1301 2552 saepe
1368 2477 1663 2539 utebatur
1711 2478 1845 2554 ipse
1890 2475 2180 2539 Christus
2220 2474 2298 2536 ad
2345 2474 2694 2554 pharisaeos
2739 2483 2803 2534 et
2858 2471 3109 2535 scribas

521 2552 1027 2630 confundendos.
1073 2553 1150 2617 Et
1193 2571 1345 2618 sane
1391 2557 1793 2635 scholastica,
1838 2557 2182 2636 amputatis
2228 2555 2570 2618 verborum
2641 2551 2798 2615 luxu
2859 2561 2928 2615 et
2995 2552 3110 2613 tlo-

514 2632 727 2708 sculi5‚
773 2635 1073 2696 materias
1117 2635 1402 2714 disponit
1435 2637 1664 2699 ordine
1706 2637 1981 2716 quodam
2039 2636 2450 2715 geometricO,
2495 2643 2565 2698 ut
2606 2632 2752 2696 aliae
2817 2632 2900 2695 ab
2962 2633 3111 2695 aliis

514 2716 905 2794 profluentes
951 2724 1235 2779 mutuam
1283 2717 1399 2778 sihi
1452 2719 1579 2779 vim
1622 2724 1687 2780 et
1736 2719 1939 2781 lucem
1997 2719 2294 2792 afferant,
2337 2709 2710 2796 possintque
2741 2729 2815 2776 ea
2848 2721 3111 2777 utentes

518 2809 630 2872 per
674 2795 1101 2874 syntheticum
1147 2813 1509 2875 processum
1556 2815 1589 2861 a
1635 2800 1843 2877 capite
1888 2797 1966 2861 ad
2014 2798 2277 2876 calcem,
2323 2807 2390 2860 et
2437 2812 2547 2875 per
2582 2793 2973 2874 analyticum
3013 2811 3108 2857 re·

514 2891 801 2954 gressum
847 2892 877 2938 a
926 2876 1097 2938 calce
1142 2876 1218 2938 ad
1265 2887 1471 2953 caput,
1515 2878 1874 2957 pleniorem
1934 2878 2360 2956 singularium
2436 2878 2716 2957 partium
2784 2882 2850 2937 et
2915 2875 3113 2937 totius

516 2957 948 3033 cognitionem
992 2957 1261 3036 assequi.
1307 2956 1481 3031 Quod
1530 2960 1581 3020 si
1648 2975 1720 3020 ea
1789 2959 2083 3021 nonnu'lli
2175 2960 2355 3022 abusi
2431 2967 2580 3020 sunt
2639 2954 3114 3037 quaestionibus

515 3036 736 3098 otiosis
780 3041 847 3098 et'
889 3037 1186 3098 inanibus
1232 3037 1438 3100 locum
1486 3039 1719 3112 dando,
1763 3040 1885 3101 hoc
1921 3041 2150 3102 vitium
2196 3038 2479 3101 hominis
2526 3045 2643 3114 est,
2706 3054 2834 3100 non
2913 3037 3113 3116 ipsius

519 3117 631 3191 rei,
678 3126 745 3178 ut
789 3117 1086 3179 monebat
1129 3117 1275 3181 Pius
1320 3117 1398 3181 Vl
1444 3118 1621 3184 Bulla
1671 3120 2010 3183 Auctorem
2048 3119 2212 3199 fidei,
2262 3136 2440 3198 prop.
2492 3118 2592 3192 76,
2667 3119 2772 3182 uhi
2839 3116 3112 3179 Theolo-

515 3196 683 3273 giam
724 3195 1167 3261 scholasticam
1215 3199 1502 3263 vindicat
1543 3217 1577 3265 a
1622 3200 2193 3264 criminationibus
2245 3198 2526 3262 Pseudos
2576 3199 2727 3262 nodi
2772 3199 3116 3278 pistorien-

517 3275 640 3369 sis:
686 3278 791 3340 vix
833 3278 1006 3339 enim
1052 3277 1175 3340 dici
1226 3289 1433 3357 potest
1473 3282 1696 3359 quanti
1747 3284 1878 3361 ipsa
1929 3280 2247 3359 profuerit
2290 3280 2368 3343 ad
2429 3217 2780 3342 catholicas
2803 3278 3116 3341 veritates

514 3356 953 3435 vindicandaS,
1000 3358 1287 3422 tuendas.
1332 3359 1408 3422 Et
1452 3361 1598 3423 Pius
1643 3359 1725 3423 lX
1769 3366 1835 3424 in
1883 3360 2134 3440 Syllabo
2178 3361 2511 3425 damnavit
2551 3361 2723 3422 hanc
2757 3375 2817 3420 n.
2857 3357 2934 3424 13
2967 3373 3115 3438 pro-

398 3445 403 3452 ·
517 3437 931 3513 positionem:
976 3439 1298 3506 Methodus
1342 3446 1403 3504 et
1442 3443 1768 3521 principia
1799 3441 2055 3521 -quibus
2102 3443 2358 3521 antiqui
2410 3441 2687 3504 doctores
2750 3438 3120 3510 scholastici

525 3515 912 3598 Theoloqiam
937 3521 1368 3596 excoluerunt,
1406 3528 1743 3602 temporum
1769 3529 2128 3585 nostrorum
2158 3519 2639 3586 necessitatibus
2669 3520 3115 3584 scientiarum·

516 3614 629 3676 que
670 3601 1029 3679 progressui
1072 3601 1320 3663 minime
1363 3619 1474 3664 con
1522 3609 1739 3664 ruunt.
1784 3635 1863 3647 --
1919 3601 1976 3665 V.
2023 3601 2347 3678 Martium,
2382 3602 2596 3665 Instit.
2638 3601 2862 3677 Theoi„
2907 3599 3034 3661 vol.
3076 3616 3116 3663 1.

514 3713 592 3725 —
641 3680 699 3740 P.
723 3678 1030 3754 Ventura,
1078 3681 1167 3743 La
1202 3698 1350 3745 vera
1393 3700 1422 3745 e
1463 3621 1632 3762 [gulsa
1675 3682 2051 3763 filosofia.--
2078 3683 2345 3759 Balmes,
2387 3682 2446 3744 ll
2501 3684 2782 3746 criterio.
2833 3712 2904 3731 --·
2962 3678 3116 3742 Ger·

516 3759 629 3837 dil,
673 3759 898 3841 Sayqio
920 3761 983 3823 d’
1011 3762 1357 3824 istrazion'e
1382 3763 1533 3826 teolo
1582 3763 1681 3825 ica
1707 3779 1832 3826 ecc.
1859 3799 1934 3809 —
1963 3764 2415 3838 Liebermann,
2449 3762 2663 3827 Instit.
2703 3762 2936 3837 Theoi„
2968 3760 3113 3823 Pro·

518 3840 868 3920 legomena.
914 3875 991 3887 --
1026 3841 1461 3916 Bohrbacber,
1560 3845 1728 3906 toria
1770 3845 2220 3921 ecclesiastica,
2266 3843 2306 3905 1.
2359 3859 2542 3906 cxix:
2596 3844 2686 3908 La
2753 3844 3116 3907 scolastica.

514 3955 591 3966 —
633 3921 1017 3998 Muzzarelli,
1060 3923 1117 3986 ll
1162 3921 1323 3987 buon
1365 3942 1475 3987 aso
1514 3924 1683 3987 della
1730 3925 1954 4006 topica,
2022 3940 2236 4007 opusc.
2310 3924 2366 3996 1,
2430 3933 2471 3987 t.
2523 3940 2565 3987 1.
2643 3958 2722 3969 —
2795 3923 3119 4003 Margotti,

512 4000 706 4065 Roma
747 4019 778 4065 e
824 4003 1091 4080 Londra,
1134 4020 1186 4066 c.
1233 4020 1359 4067 xvi.
2246 4009 2254 4016 '

1576 4262 1686 4345 (J)
1729 4263 1890 4343 Paq.
1929 4261 2067 4326 650.

600 4478 867 4569 ψὲθ.
914 4483 1014 4546 An
1056 4483 1365 4565 (quares)
1392 4486 1606 4550 ·liceat
1651 4484 2013 4548 llaereticam
2067 4482 2277 4546 dicere
2322 4482 2615 4560 aliquem,
2678 4498 2744 4544 eo
2806 4483 2971 4562 qnod
3007 4483 3114 4547 do·

515 4565 795 4621 ctrmam
827 4560 1184 4626 haereticam
1228 4567 1536 4628 tenaciter
1580 4563 1764 4629 verbo
1812 4566 2032 4628 tradat
2071 4570 2188 4625 aut
2228 4562 2510 4640 scripsit,
2557 4562 2814 4627 etiamsi
2841 4563 3115 4627 noudum

519 4637 602 4702 ab
650 4637 931 4703 Ecclesia
975 4644 1075 4705 uti
1120 4642 1269 4707 talis
1313 4645 1515 4724 faerit
1558 4645 1908 4709 decretorie
1952 4644 2369 4728 denuntiatus
2395 4644 2427 4704 9

603 4717 671 4780 R.
718 4715 1012 4791 Quamvis
1060 4723 1279 4801 regula
1316 4726 1641 4803 generalis
1686 4727 1789 4802 sit,
1833 4733 1901 4788 ut
1946 4723 2130 4787 malae
2177 4727 2578 4786 insectentur
2622 4721 2942 4786 doctrinae
2973 4737 3111 4802 par·
