<?xml version="1.0" encoding="UTF-8"?>
<!DOCTYPE html PUBLIC "-//W3C//DTD XHTML 1.0 Transitional//EN"
    "http://www.w3.org/TR/xhtml1/DTD/xhtml1-transitional.dtd">
<html xmlns="http://www.w3.org/1999/xhtml" xml:lang="en" lang="en">
 <head>
  <title>
</title>
<meta http-equiv="Content-Type" content="text/html;charset=utf-8" />
  <meta name='ocr-system' content='tesseract 3.04.00' />
  <meta name='ocr-capabilities' content='ocr_page ocr_carea ocr_par ocr_line ocrx_word'/>
</head>
<body>
  <div class='ocr_page' id='page_1' title='image "./theologiamorali04scavgoog_0341.png"; bbox 0 0 3292 5167; ppageno 0'>
   <div class='ocr_carea' id='block_1_1' title="bbox 0 1832 5 2472">
    <p class='ocr_par' dir='ltr' id='par_1_1' title="bbox 0 1832 5 2472">
     <span class='ocr_line' id='line_1_1' title="bbox 0 1832 5 2472; baseline 0 0"><span class='ocrx_word' id='word_1_1' title='bbox 0 1832 5 2472; x_wconf 95' lang='lat' dir='ltr'> </span> 
     </span>
    </p>
   </div>
   <div class='ocr_carea' id='block_1_2' title="bbox 1334 177 2913 246">
    <p class='ocr_par' dir='ltr' id='par_1_2' title="bbox 1334 177 2913 246">
     <span class='ocr_line' id='line_1_2' title="bbox 1334 177 2913 246; baseline 0.005 -8"><span class='ocrx_word' id='word_1_2' title='bbox 1334 194 1413 238; x_wconf 73' lang='lat' dir='ltr'>uu</span> <span class='ocrx_word' id='word_1_3' title='bbox 1460 193 1909 241; x_wconf 68' lang='lat' dir='ltr'>comtum-mus</span> <span class='ocrx_word' id='word_1_4' title='bbox 2789 177 2913 246; x_wconf 78' lang='lat'>331</span> 
     </span>
    </p>
   </div>
   <div class='ocr_carea' id='block_1_3' title="bbox 273 290 2978 4030">
    <p class='ocr_par' dir='ltr' id='par_1_3' title="bbox 273 290 2978 2629">
     <span class='ocr_line' id='line_1_3' title="bbox 276 290 2916 387; baseline 0.005 -29"><span class='ocrx_word' id='word_1_5' title='bbox 276 290 603 380; x_wconf 80' lang='lat' dir='ltr'>profugi.</span> <span class='ocrx_word' id='word_1_6' title='bbox 676 292 983 364; x_wconf 85' lang='lat' dir='ltr'>Nonnulli</span> <span class='ocrx_word' id='word_1_7' title='bbox 1048 299 1268 362; x_wconf 90' lang='lat' dir='ltr'>autem</span> <span class='ocrx_word' id='word_1_8' title='bbox 1334 295 1639 364; x_wconf 82' lang='lat' dir='ltr'>catholici</span> <span class='ocrx_word' id='word_1_9' title='bbox 1690 294 1933 381; x_wconf 80' lang='lat' dir='ltr'>duplex</span> <span class='ocrx_word' id='word_1_10' title='bbox 1979 295 2191 365; x_wconf 82' lang='lat' dir='ltr'>mutui</span> <span class='ocrx_word' id='word_1_11' title='bbox 2243 313 2451 382; x_wconf 80' lang='lat' dir='ltr'>genus</span> <span class='ocrx_word' id='word_1_12' title='bbox 2504 295 2916 387; x_wconf 81' lang='lat' dir='ltr'>distinguen-</span> 
     </span>
     <span class='ocr_line' id='line_1_4' title="bbox 277 402 2914 489; baseline 0.005 -24"><span class='ocrx_word' id='word_1_13' title='bbox 277 402 445 481; x_wconf 79' lang='lat' dir='ltr'>teS,</span> <span class='ocrx_word' id='word_1_14' title='bbox 504 403 797 470; x_wconf 80' lang='lat' dir='ltr'>alterum</span> <span class='ocrx_word' id='word_1_15' title='bbox 843 402 1391 488; x_wconf 69' lang='lat' dir='ltr'>comumptionis,</span> <span class='ocrx_word' id='word_1_16' title='bbox 1444 420 1576 488; x_wconf 88' lang='lat' dir='ltr'>quo</span> <span class='ocrx_word' id='word_1_17' title='bbox 1628 404 1908 487; x_wconf 86' lang='lat' dir='ltr'>pecunia</span> <span class='ocrx_word' id='word_1_18' title='bbox 1957 403 2042 469; x_wconf 82' lang='lat' dir='ltr'>ad</span> <span class='ocrx_word' id='word_1_19' title='bbox 2087 404 2670 489; x_wconf 78' lang='lat' dir='ltr'>consumptionem</span> <span class='ocrx_word' id='word_1_20' title='bbox 2719 408 2914 478; x_wconf 90' lang='lat' dir='ltr'>datur</span> 
     </span>
     <span class='ocr_line' id='line_1_5' title="bbox 273 506 2920 603; baseline 0.005 -33"><span class='ocrx_word' id='word_1_21' title='bbox 273 506 606 576; x_wconf 82' lang='lat' dir='ltr'>maxime</span> <span class='ocrx_word' id='word_1_22' title='bbox 654 507 1078 594; x_wconf 78' lang='lat' dir='ltr'>pauperibuS,</span> <span class='ocrx_word' id='word_1_23' title='bbox 1126 506 1406 576; x_wconf 88' lang='lat' dir='ltr'>alterum</span> <span class='ocrx_word' id='word_1_24' title='bbox 1458 509 1820 576; x_wconf 80' lang='lat' dir='ltr'>incrementi</span> <span class='ocrx_word' id='word_1_25' title='bbox 1867 528 1984 578; x_wconf 89' lang='lat' dir='ltr'>seu</span> <span class='ocrx_word' id='word_1_26' title='bbox 2031 516 2402 598; x_wconf 80' lang='lat' dir='ltr'>commercii,</span> <span class='ocrx_word' id='word_1_27' title='bbox 2453 534 2586 603; x_wconf 82' lang='lat' dir='ltr'>quo</span> <span class='ocrx_word' id='word_1_28' title='bbox 2637 533 2743 583; x_wconf 87' lang='lat' dir='ltr'>res</span> <span class='ocrx_word' id='word_1_29' title='bbox 2793 522 2920 583; x_wconf 88' lang='lat' dir='ltr'>tra-</span> 
     </span>
     <span class='ocr_line' id='line_1_6' title="bbox 284 610 2915 711; baseline 0.004 -31"><span class='ocrx_word' id='word_1_30' title='bbox 284 610 502 682; x_wconf 82' lang='lat' dir='ltr'>ditur</span> <span class='ocrx_word' id='word_1_31' title='bbox 553 615 633 683; x_wconf 86' lang='lat' dir='ltr'>ad</span> <span class='ocrx_word' id='word_1_32' title='bbox 684 614 1155 700; x_wconf 85' lang='lat' dir='ltr'>negotiandum</span> <span class='ocrx_word' id='word_1_33' title='bbox 1180 642 1198 697; x_wconf 83' lang='lat'>3</span> <span class='ocrx_word' id='word_1_34' title='bbox 1244 616 1310 683; x_wconf 89' lang='lat' dir='ltr'>in</span> <span class='ocrx_word' id='word_1_35' title='bbox 1359 616 1474 684; x_wconf 92' lang='lat' dir='ltr'>illo</span> <span class='ocrx_word' id='word_1_36' title='bbox 1520 617 1782 685; x_wconf 91' lang='lat' dir='ltr'>lucrum</span> <span class='ocrx_word' id='word_1_37' title='bbox 1819 618 2197 704; x_wconf 83' lang='lat' dir='ltr'>reprobant,</span> <span class='ocrx_word' id='word_1_38' title='bbox 2237 621 2304 689; x_wconf 91' lang='lat' dir='ltr'>in</span> <span class='ocrx_word' id='word_1_39' title='bbox 2337 622 2464 691; x_wconf 89' lang='lat' dir='ltr'>hoc</span> <span class='ocrx_word' id='word_1_40' title='bbox 2501 622 2915 711; x_wconf 87' lang='lat' dir='ltr'>permittunt.</span> 
     </span>
     <span class='ocr_line' id='line_1_7' title="bbox 381 722 2918 809; baseline 0.004 -21"><span class='ocrx_word' id='word_1_41' title='bbox 381 724 619 790; x_wconf 69' lang='grc'>456.</span> <span class='ocrx_word' id='word_1_42' title='bbox 690 726 823 791; x_wconf 90' lang='lat' dir='ltr'>Nos</span> <span class='ocrx_word' id='word_1_43' title='bbox 889 722 1169 791; x_wconf 86' lang='lat' dir='ltr'>dicimus</span> <span class='ocrx_word' id='word_1_44' title='bbox 1218 742 1368 809; x_wconf 84' lang='lat' dir='ltr'>cum</span> <span class='ocrx_word' id='word_1_45' title='bbox 1409 724 1769 793; x_wconf 88' lang='lat' dir='ltr'>Benedicto</span> <span class='ocrx_word' id='word_1_46' title='bbox 1819 728 1961 795; x_wconf 85' lang='lat' dir='ltr'>xlv</span> <span class='ocrx_word' id='word_1_47' title='bbox 2010 732 2073 792; x_wconf 81' lang='lat'>1:</span> <span class='ocrx_word' id='word_1_48' title='bbox 2128 728 2320 795; x_wconf 79' lang='lat' dir='ltr'>Omne</span> <span class='ocrx_word' id='word_1_49' title='bbox 2367 731 2608 797; x_wconf 81' lang='lat' dir='ltr'>tucrum</span> <span class='ocrx_word' id='word_1_50' title='bbox 2654 751 2736 799; x_wconf 75' lang='lat' dir='ltr'>ex</span> <span class='ocrx_word' id='word_1_51' title='bbox 2781 753 2918 798; x_wconf 82' lang='lat' dir='ltr'>mu-</span> 
     </span>
     <span class='ocr_line' id='line_1_8' title="bbox 276 832 2920 920; baseline 0.004 -24"><span class='ocrx_word' id='word_1_52' title='bbox 276 840 402 898; x_wconf 68' lang='lat' dir='ltr'>tuo</span> <span class='ocrx_word' id='word_1_53' title='bbox 450 833 727 919; x_wconf 64' lang='lat' dir='ltr'>praecise</span> <span class='ocrx_word' id='word_1_54' title='bbox 769 833 1012 899; x_wconf 83' lang='lat' dir='ltr'>ratione</span> <span class='ocrx_word' id='word_1_55' title='bbox 1056 832 1277 914; x_wconf 77' lang='lat' dir='ltr'>mutui,</span> <span class='ocrx_word' id='word_1_56' title='bbox 1326 845 1395 899; x_wconf 81' lang='lat' dir='ltr'>ut</span> <span class='ocrx_word' id='word_1_57' title='bbox 1442 835 1778 918; x_wconf 80' lang='lat' dir='ltr'>loquuntur</span> <span class='ocrx_word' id='word_1_58' title='bbox 1830 834 2116 920; x_wconf 74' lang='lat' dir='ltr'>Theoloyi</span> <span class='ocrx_word' id='word_1_59' title='bbox 2163 837 2305 919; x_wconf 85' lang='lat' dir='ltr'>(hoc</span> <span class='ocrx_word' id='word_1_60' title='bbox 2348 850 2434 905; x_wconf 85' lang='lat' dir='ltr'>est</span> <span class='ocrx_word' id='word_1_61' title='bbox 2482 839 2643 906; x_wconf 81' lang='lat' dir='ltr'>lucri</span> <span class='ocrx_word' id='word_1_62' title='bbox 2674 859 2920 906; x_wconf 78' lang='lat' dir='ltr'>cessan-</span> 
     </span>
     <span class='ocr_line' id='line_1_9' title="bbox 280 939 2915 1028; baseline 0.003 -23"><span class='ocrx_word' id='word_1_63' title='bbox 280 939 376 1005; x_wconf 78' lang='lat' dir='ltr'>tis</span> <span class='ocrx_word' id='word_1_64' title='bbox 405 991 427 1022; x_wconf 87' lang='lat'>‚</span> <span class='ocrx_word' id='word_1_65' title='bbox 512 940 730 1006; x_wconf 81' lang='lat' dir='ltr'>damni</span> <span class='ocrx_word' id='word_1_66' title='bbox 798 940 1180 1025; x_wconf 67' lang='lat' dir='ltr'>eme-rpentis,</span> <span class='ocrx_word' id='word_1_67' title='bbox 1228 941 1429 1007; x_wconf 83' lang='lat' dir='ltr'>aliove</span> <span class='ocrx_word' id='word_1_68' title='bbox 1468 941 1819 1008; x_wconf 72' lang='lat' dir='ltr'>ezctrinseco</span> <span class='ocrx_word' id='word_1_69' title='bbox 1865 941 2045 1007; x_wconf 79' lang='lat' dir='ltr'>titulo</span> <span class='ocrx_word' id='word_1_70' title='bbox 2089 945 2352 1028; x_wconf 80' lang='lat' dir='ltr'>remoto)</span> <span class='ocrx_word' id='word_1_71' title='bbox 2399 946 2767 1012; x_wconf 80' lang='lat' dir='ltr'>usurarium</span> <span class='ocrx_word' id='word_1_72' title='bbox 2812 958 2915 1013; x_wconf 81' lang='lat' dir='ltr'>at-</span> 
     </span>
     <span class='ocr_line' id='line_1_10' title="bbox 278 1047 2902 1136; baseline 0.003 -24"><span class='ocrx_word' id='word_1_73' title='bbox 278 1062 418 1129; x_wconf 74' lang='lat' dir='ltr'>que</span> <span class='ocrx_word' id='word_1_74' title='bbox 497 1047 672 1113; x_wconf 80' lang='lat' dir='ltr'>omni</span> <span class='ocrx_word' id='word_1_75' title='bbox 729 1050 881 1114; x_wconf 81' lang='lat' dir='ltr'>Jure</span> <span class='ocrx_word' id='word_1_76' title='bbox 903 1099 922 1127; x_wconf 93' lang='lat'>,</span> <span class='ocrx_word' id='word_1_77' title='bbox 970 1047 1255 1113; x_wconf 75' lang='lat' dir='ltr'>naturali</span> <span class='ocrx_word' id='word_1_78' title='bbox 1299 1047 1547 1129; x_wconf 77' lang='lat' dir='ltr'>scilicet,</span> <span class='ocrx_word' id='word_1_79' title='bbox 1597 1047 1808 1117; x_wconf 82' lang='lat' dir='ltr'>divino</span> <span class='ocrx_word' id='word_1_80' title='bbox 1855 1060 1910 1114; x_wconf 84' lang='lat' dir='ltr'>et</span> <span class='ocrx_word' id='word_1_81' title='bbox 1954 1049 2356 1116; x_wconf 79' lang='lat' dir='ltr'>ecclesiastico</span> <span class='ocrx_word' id='word_1_82' title='bbox 2402 1051 2691 1118; x_wconf 60' lang='lat' dir='ltr'>illicitum</span> <span class='ocrx_word' id='word_1_83' title='bbox 2736 1072 2862 1119; x_wconf 82' lang='lat' dir='ltr'>esse</span> <span class='ocrx_word' id='word_1_84' title='bbox 2883 1105 2902 1136; x_wconf 95' lang='lat'>,</span> 
     </span>
     <span class='ocr_line' id='line_1_11' title="bbox 278 1154 2904 1243; baseline 0.003 -24"><span class='ocrx_word' id='word_1_85' title='bbox 278 1166 614 1241; x_wconf 78' lang='lat' dir='ltr'>perpetua</span> <span class='ocrx_word' id='word_1_86' title='bbox 643 1155 763 1238; x_wconf 77' lang='lat' dir='ltr'>suit</span> <span class='ocrx_word' id='word_1_87' title='bbox 799 1165 852 1219; x_wconf 81' lang='lat' dir='ltr'>et</span> <span class='ocrx_word' id='word_1_88' title='bbox 884 1164 970 1219; x_wconf 84' lang='lat' dir='ltr'>est</span> <span class='ocrx_word' id='word_1_89' title='bbox 1001 1154 1317 1220; x_wconf 81' lang='lat' dir='ltr'>catholicae</span> <span class='ocrx_word' id='word_1_90' title='bbox 1352 1155 1799 1221; x_wconf 59' lang='lat' dir='ltr'>Ecclesiasticoe</span> <span class='ocrx_word' id='word_1_91' title='bbox 1822 1155 2129 1235; x_wconf 81' lang='lat' dir='ltr'>doctrina,</span> <span class='ocrx_word' id='word_1_92' title='bbox 2158 1157 2438 1223; x_wconf 77' lang='lat' dir='ltr'>omnium</span> <span class='ocrx_word' id='word_1_93' title='bbox 2467 1158 2904 1243; x_wconf 78' lang='lat' dir='ltr'>Conciliorum,</span> 
     </span>
     <span class='ocr_line' id='line_1_12' title="bbox 284 1261 2910 1350; baseline 0.003 -24"><span class='ocrx_word' id='word_1_94' title='bbox 284 1261 581 1329; x_wconf 74' lang='lat' dir='ltr'>Petrum</span> <span class='ocrx_word' id='word_1_95' title='bbox 647 1271 705 1327; x_wconf 81' lang='lat' dir='ltr'>et</span> <span class='ocrx_word' id='word_1_96' title='bbox 770 1261 1213 1345; x_wconf 76' lang='lat' dir='ltr'>Theoloqorum</span> <span class='ocrx_word' id='word_1_97' title='bbox 1257 1262 1548 1329; x_wconf 76' lang='lat' dir='ltr'>unanimi</span> <span class='ocrx_word' id='word_1_98' title='bbox 1591 1263 1987 1329; x_wconf 71' lang='lat' dir='ltr'>consensione</span> <span class='ocrx_word' id='word_1_99' title='bbox 2028 1265 2324 1350; x_wconf 76' lang='lat' dir='ltr'>firmata,·</span> <span class='ocrx_word' id='word_1_100' title='bbox 2370 1271 2436 1332; x_wconf 85' lang='lat' dir='ltr'>et</span> <span class='ocrx_word' id='word_1_101' title='bbox 2483 1264 2565 1333; x_wconf 84' lang='lat' dir='ltr'>de</span> <span class='ocrx_word' id='word_1_102' title='bbox 2614 1266 2740 1334; x_wconf 88' lang='lat' dir='ltr'>hoc</span> <span class='ocrx_word' id='word_1_103' title='bbox 2791 1284 2910 1335; x_wconf 80' lang='lat' dir='ltr'>ne-</span> 
     </span>
     <span class='ocr_line' id='line_1_13' title="bbox 294 1366 2910 1459; baseline 0.003 -25"><span class='ocrx_word' id='word_1_104' title='bbox 294 1368 464 1452; x_wconf 85' lang='lat' dir='ltr'>quit</span> <span class='ocrx_word' id='word_1_105' title='bbox 497 1368 781 1455; x_wconf 84' lang='lat' dir='ltr'>amplius</span> <span class='ocrx_word' id='word_1_106' title='bbox 816 1366 1099 1436; x_wconf 84' lang='lat' dir='ltr'>dubitari</span> <span class='ocrx_word' id='word_1_107' title='bbox 1132 1375 1284 1452; x_wconf 89' lang='lat' dir='ltr'>post</span> <span class='ocrx_word' id='word_1_108' title='bbox 1316 1369 1576 1454; x_wconf 86' lang='lat' dir='ltr'>Encycl.</span> <span class='ocrx_word' id='word_1_109' title='bbox 1611 1368 2106 1438; x_wconf 88' lang='lat' dir='ltr'>Benedictinam</span> <span class='ocrx_word' id='word_1_110' title='bbox 2149 1373 2269 1438; x_wconf 78' lang='lat' dir='ltr'>Vioe</span> <span class='ocrx_word' id='word_1_111' title='bbox 2294 1374 2575 1457; x_wconf 79' lang='lat' dir='ltr'>pervenit</span> <span class='ocrx_word' id='word_1_112' title='bbox 2621 1376 2705 1440; x_wconf 79' lang='grc'>26</span> <span class='ocrx_word' id='word_1_113' title='bbox 2734 1373 2910 1459; x_wconf 88' lang='lat' dir='ltr'>junii</span> 
     </span>
     <span class='ocr_line' id='line_1_14' title="bbox 293 1477 2900 1565; baseline 0.004 -25"><span class='ocrx_word' id='word_1_114' title='bbox 293 1477 508 1559; x_wconf 72' lang='lat'>1749,</span> <span class='ocrx_word' id='word_1_115' title='bbox 551 1494 701 1562; x_wconf 84' lang='lat' dir='ltr'>quae</span> <span class='ocrx_word' id='word_1_116' title='bbox 751 1478 813 1543; x_wconf 89' lang='lat' dir='ltr'>in</span> <span class='ocrx_word' id='word_1_117' title='bbox 864 1494 944 1544; x_wconf 86' lang='lat' dir='ltr'>eo</span> <span class='ocrx_word' id='word_1_118' title='bbox 989 1483 1123 1543; x_wconf 86' lang='lat' dir='ltr'>tota</span> <span class='ocrx_word' id='word_1_119' title='bbox 1164 1483 1284 1560; x_wconf 89' lang='lat' dir='ltr'>est,</span> <span class='ocrx_word' id='word_1_120' title='bbox 1318 1485 1392 1544; x_wconf 90' lang='lat' dir='ltr'>ut</span> <span class='ocrx_word' id='word_1_121' title='bbox 1424 1496 1694 1545; x_wconf 90' lang='lat' dir='ltr'>usuram</span> <span class='ocrx_word' id='word_1_122' title='bbox 1731 1479 1994 1565; x_wconf 88' lang='lat' dir='ltr'>proprie</span> <span class='ocrx_word' id='word_1_123' title='bbox 2033 1478 2293 1560; x_wconf 87' lang='lat' dir='ltr'>dictam,</span> <span class='ocrx_word' id='word_1_124' title='bbox 2328 1480 2396 1546; x_wconf 88' lang='lat' dir='ltr'>id</span> <span class='ocrx_word' id='word_1_125' title='bbox 2434 1488 2536 1548; x_wconf 91' lang='lat' dir='ltr'>est</span> <span class='ocrx_word' id='word_1_126' title='bbox 2574 1482 2632 1549; x_wconf 85' lang='lat' dir='ltr'>vi</span> <span class='ocrx_word' id='word_1_127' title='bbox 2678 1483 2900 1550; x_wconf 88' lang='lat' dir='ltr'>mutui</span> 
     </span>
     <span class='ocr_line' id='line_1_15' title="bbox 296 1583 2907 1675; baseline 0.003 -25"><span class='ocrx_word' id='word_1_128' title='bbox 296 1591 649 1675; x_wconf 54' lang='lat' dir='ltr'>perpetuo,</span> <span class='ocrx_word' id='word_1_129' title='bbox 691 1583 975 1651; x_wconf 87' lang='lat' dir='ltr'>damnet.</span> <span class='ocrx_word' id='word_1_130' title='bbox 1029 1587 1240 1664; x_wconf 82' lang='lat' dir='ltr'>Quare</span> <span class='ocrx_word' id='word_1_131' title='bbox 1289 1603 1509 1653; x_wconf 89' lang='lat' dir='ltr'>usurae</span> <span class='ocrx_word' id='word_1_132' title='bbox 1561 1594 1850 1671; x_wconf 87' lang='lat' dir='ltr'>acceptae</span> <span class='ocrx_word' id='word_1_133' title='bbox 1902 1586 2328 1654; x_wconf 70' lang='lat' dir='ltr'>restituendae</span> <span class='ocrx_word' id='word_1_134' title='bbox 2357 1595 2513 1656; x_wconf 88' lang='lat' dir='ltr'>sunt</span> <span class='ocrx_word' id='word_1_135' title='bbox 2574 1607 2723 1657; x_wconf 92' lang='lat' dir='ltr'>cum</span> <span class='ocrx_word' id='word_1_136' title='bbox 2773 1590 2907 1657; x_wconf 89' lang='lat' dir='ltr'>sint</span> 
     </span>
     <span class='ocr_line' id='line_1_16' title="bbox 300 1691 2908 1780; baseline 0.004 -27"><span class='ocrx_word' id='word_1_137' title='bbox 300 1706 417 1757; x_wconf 85' lang='lat' dir='ltr'>res</span> <span class='ocrx_word' id='word_1_138' title='bbox 467 1691 769 1773; x_wconf 83' lang='lat' dir='ltr'>alterius3</span> <span class='ocrx_word' id='word_1_139' title='bbox 820 1709 951 1757; x_wconf 76' lang='lat' dir='ltr'>non</span> <span class='ocrx_word' id='word_1_140' title='bbox 1001 1697 1220 1759; x_wconf 89' lang='lat' dir='ltr'>tamen</span> <span class='ocrx_word' id='word_1_141' title='bbox 1269 1693 1522 1761; x_wconf 86' lang='lat' dir='ltr'>fructus</span> <span class='ocrx_word' id='word_1_142' title='bbox 1571 1693 1651 1761; x_wconf 89' lang='lat' dir='ltr'>ab</span> <span class='ocrx_word' id='word_1_143' title='bbox 1700 1692 1829 1760; x_wconf 91' lang='lat' dir='ltr'>illis</span> <span class='ocrx_word' id='word_1_144' title='bbox 1882 1693 2367 1778; x_wconf 82' lang='lat' dir='ltr'>provenienteS,</span> <span class='ocrx_word' id='word_1_145' title='bbox 2418 1695 2570 1779; x_wconf 87' lang='lat' dir='ltr'>quia</span> <span class='ocrx_word' id='word_1_146' title='bbox 2606 1713 2754 1762; x_wconf 92' lang='lat' dir='ltr'>cum</span> <span class='ocrx_word' id='word_1_147' title='bbox 2795 1714 2908 1780; x_wconf 92' lang='lat' dir='ltr'>pe·</span> 
     </span>
     <span class='ocr_line' id='line_1_17' title="bbox 302 1782 2903 1886; baseline 0.002 -21"><span class='ocrx_word' id='word_1_148' title='bbox 302 1797 507 1865; x_wconf 84' lang='lat' dir='ltr'>cunia</span> <span class='ocrx_word' id='word_1_149' title='bbox 557 1782 639 1866; x_wconf 85' lang='lat' dir='ltr'>de</span> <span class='ocrx_word' id='word_1_150' title='bbox 687 1818 761 1866; x_wconf 91' lang='lat' dir='ltr'>se</span> <span class='ocrx_word' id='word_1_151' title='bbox 806 1800 891 1865; x_wconf 89' lang='lat' dir='ltr'>sit</span> <span class='ocrx_word' id='word_1_152' title='bbox 937 1798 1181 1866; x_wconf 89' lang='lat' dir='ltr'>sterilis</span> <span class='ocrx_word' id='word_1_153' title='bbox 1230 1806 1295 1867; x_wconf 88' lang='lat' dir='ltr'>et</span> <span class='ocrx_word' id='word_1_154' title='bbox 1344 1818 1449 1866; x_wconf 89' lang='lat' dir='ltr'>res</span> <span class='ocrx_word' id='word_1_155' title='bbox 1497 1817 1621 1865; x_wconf 90' lang='lat' dir='ltr'>usu</span> <span class='ocrx_word' id='word_1_156' title='bbox 1673 1799 2231 1884; x_wconf 77' lang='lat' dir='ltr'>consumptibilis,</span> <span class='ocrx_word' id='word_1_157' title='bbox 2260 1800 2513 1869; x_wconf 82' lang='lat' dir='ltr'>fructus</span> <span class='ocrx_word' id='word_1_158' title='bbox 2562 1817 2695 1867; x_wconf 90' lang='lat' dir='ltr'>non</span> <span class='ocrx_word' id='word_1_159' title='bbox 2744 1819 2903 1886; x_wconf 90' lang='lat' dir='ltr'>pro-</span> 
     </span>
     <span class='ocr_line' id='line_1_18' title="bbox 300 1904 2905 1991; baseline 0.002 -19"><span class='ocrx_word' id='word_1_160' title='bbox 300 1905 492 1976; x_wconf 87' lang='lat' dir='ltr'>ducit</span> <span class='ocrx_word' id='word_1_161' title='bbox 540 1924 620 1974; x_wconf 86' lang='lat' dir='ltr'>ex</span> <span class='ocrx_word' id='word_1_162' title='bbox 670 1924 784 1988; x_wconf 86' lang='lat' dir='ltr'>se,</span> <span class='ocrx_word' id='word_1_163' title='bbox 833 1904 981 1973; x_wconf 88' lang='lat' dir='ltr'>ideo</span> <span class='ocrx_word' id='word_1_164' title='bbox 1031 1905 1121 1972; x_wconf 89' lang='lat' dir='ltr'>illi</span> <span class='ocrx_word' id='word_1_165' title='bbox 1173 1912 1328 1973; x_wconf 89' lang='lat' dir='ltr'>sunt</span> <span class='ocrx_word' id='word_1_166' title='bbox 1376 1906 1631 1974; x_wconf 85' lang='lat' dir='ltr'>fructus</span> <span class='ocrx_word' id='word_1_167' title='bbox 1682 1905 2046 1991; x_wconf 76' lang='lat' dir='ltr'>industriae,</span> <span class='ocrx_word' id='word_1_168' title='bbox 2096 1927 2229 1976; x_wconf 90' lang='lat' dir='ltr'>non</span> <span class='ocrx_word' id='word_1_169' title='bbox 2280 1909 2408 1977; x_wconf 89' lang='lat' dir='ltr'>rei:</span> <span class='ocrx_word' id='word_1_170' title='bbox 2458 1907 2632 1975; x_wconf 89' lang='lat' dir='ltr'>unde</span> <span class='ocrx_word' id='word_1_171' title='bbox 2677 1907 2737 1977; x_wconf 88' lang='lat' dir='ltr'>ei</span> <span class='ocrx_word' id='word_1_172' title='bbox 2786 1907 2905 1977; x_wconf 86' lang='lat' dir='ltr'>de·</span> 
     </span>
     <span class='ocr_line' id='line_1_19' title="bbox 309 2011 2906 2100; baseline 0.001 -18"><span class='ocrx_word' id='word_1_173' title='bbox 309 2015 551 2082; x_wconf 85' lang='lat' dir='ltr'>bentur</span> <span class='ocrx_word' id='word_1_174' title='bbox 600 2013 710 2097; x_wconf 89' lang='lat' dir='ltr'>qui</span> <span class='ocrx_word' id='word_1_175' title='bbox 762 2011 1085 2080; x_wconf 82' lang='lat' dir='ltr'>industrie</span> <span class='ocrx_word' id='word_1_176' title='bbox 1133 2012 1288 2097; x_wconf 85' lang='lat' dir='ltr'>egit.</span> <span class='ocrx_word' id='word_1_177' title='bbox 1340 2012 1505 2080; x_wconf 91' lang='lat' dir='ltr'>Hinc</span> <span class='ocrx_word' id='word_1_178' title='bbox 1557 2020 1738 2098; x_wconf 88' lang='lat' dir='ltr'>patet</span> <span class='ocrx_word' id='word_1_179' title='bbox 1786 2013 2131 2083; x_wconf 83' lang='lat' dir='ltr'>diversitas</span> <span class='ocrx_word' id='word_1_180' title='bbox 2182 2032 2217 2081; x_wconf 89' lang='lat' dir='ltr'>a</span> <span class='ocrx_word' id='word_1_181' title='bbox 2264 2033 2357 2098; x_wconf 90' lang='lat' dir='ltr'>re,</span> <span class='ocrx_word' id='word_1_182' title='bbox 2393 2032 2541 2100; x_wconf 80' lang='lat' dir='ltr'>quae</span> <span class='ocrx_word' id='word_1_183' title='bbox 2579 2034 2710 2083; x_wconf 91' lang='lat' dir='ltr'>non</span> <span class='ocrx_word' id='word_1_184' title='bbox 2747 2034 2906 2085; x_wconf 90' lang='lat' dir='ltr'>con-</span> 
     </span>
     <span class='ocr_line' id='line_1_20' title="bbox 310 2119 2900 2207; baseline 0.001 -20"><span class='ocrx_word' id='word_1_185' title='bbox 310 2121 597 2187; x_wconf 85' lang='lat' dir='ltr'>sumitur</span> <span class='ocrx_word' id='word_1_186' title='bbox 642 2138 805 2200; x_wconf 89' lang='lat' dir='ltr'>usu;</span> <span class='ocrx_word' id='word_1_187' title='bbox 857 2124 1013 2186; x_wconf 87' lang='lat' dir='ltr'>tunc</span> <span class='ocrx_word' id='word_1_188' title='bbox 1064 2119 1239 2186; x_wconf 87' lang='lat' dir='ltr'>enim</span> <span class='ocrx_word' id='word_1_189' title='bbox 1288 2137 1440 2187; x_wconf 91' lang='lat' dir='ltr'>cum</span> <span class='ocrx_word' id='word_1_190' title='bbox 1489 2139 1687 2187; x_wconf 89' lang='lat' dir='ltr'>usura</span> <span class='ocrx_word' id='word_1_191' title='bbox 1736 2121 1822 2188; x_wconf 91' lang='lat' dir='ltr'>sit</span> <span class='ocrx_word' id='word_1_192' title='bbox 1868 2138 1903 2187; x_wconf 87' lang='lat' dir='ltr'>a</span> <span class='ocrx_word' id='word_1_193' title='bbox 1945 2138 2016 2189; x_wconf 88' lang='lat' dir='ltr'>re</span> <span class='ocrx_word' id='word_1_194' title='bbox 2066 2138 2214 2207; x_wconf 86' lang='lat' dir='ltr'>quae</span> <span class='ocrx_word' id='word_1_195' title='bbox 2252 2121 2738 2189; x_wconf 86' lang='lat' dir='ltr'>usumfructum</span> <span class='ocrx_word' id='word_1_196' title='bbox 2772 2122 2900 2190; x_wconf 91' lang='lat' dir='ltr'>im-</span> 
     </span>
     <span class='ocr_line' id='line_1_21' title="bbox 316 2225 2978 2313; baseline 0.003 -23"><span class='ocrx_word' id='word_1_197' title='bbox 316 2233 548 2310; x_wconf 79' lang='lat' dir='ltr'>portat,</span> <span class='ocrx_word' id='word_1_198' title='bbox 598 2233 671 2294; x_wconf 84' lang='lat' dir='ltr'>ut</span> <span class='ocrx_word' id='word_1_199' title='bbox 718 2225 955 2293; x_wconf 90' lang='lat' dir='ltr'>domus</span> <span class='ocrx_word' id='word_1_200' title='bbox 1003 2225 1101 2292; x_wconf 85' lang='lat' dir='ltr'>vel</span> <span class='ocrx_word' id='word_1_201' title='bbox 1151 2243 1324 2310; x_wconf 88' lang='lat' dir='ltr'>ager,</span> <span class='ocrx_word' id='word_1_202' title='bbox 1375 2225 1486 2311; x_wconf 90' lang='lat' dir='ltr'>qui</span> <span class='ocrx_word' id='word_1_203' title='bbox 1536 2226 1714 2294; x_wconf 85' lang='lat' dir='ltr'>illam</span> <span class='ocrx_word' id='word_1_204' title='bbox 1763 2227 2036 2313; x_wconf 88' lang='lat' dir='ltr'>accepit,</span> <span class='ocrx_word' id='word_1_205' title='bbox 2085 2248 2212 2294; x_wconf 81' lang='lat' dir='ltr'>non</span> <span class='ocrx_word' id='word_1_206' title='bbox 2256 2229 2460 2294; x_wconf 83' lang='lat' dir='ltr'>solum</span> <span class='ocrx_word' id='word_1_207' title='bbox 2504 2240 2743 2296; x_wconf 81' lang='lat' dir='ltr'>tenetur</span> <span class='ocrx_word' id='word_1_208' title='bbox 2793 2249 2898 2297; x_wconf 88' lang='lat' dir='ltr'>re·</span> <span class='ocrx_word' id='word_1_209' title='bbox 2969 2232 2978 2240; x_wconf 81' lang='grc'><em>’</em></span> 
     </span>
     <span class='ocr_line' id='line_1_22' title="bbox 313 2333 2900 2421; baseline 0.001 -22"><span class='ocrx_word' id='word_1_210' title='bbox 313 2335 557 2400; x_wconf 76' lang='lat' dir='ltr'>stituere</span> <span class='ocrx_word' id='word_1_211' title='bbox 595 2334 847 2400; x_wconf 78' lang='lat' dir='ltr'>domum</span> <span class='ocrx_word' id='word_1_212' title='bbox 891 2333 986 2400; x_wconf 88' lang='lat' dir='ltr'>vel</span> <span class='ocrx_word' id='word_1_213' title='bbox 1030 2352 1298 2419; x_wconf 68' lang='lat' dir='ltr'>aprum:</span> <span class='ocrx_word' id='word_1_214' title='bbox 1344 2334 1450 2399; x_wconf 84' lang='lat' dir='ltr'>sed</span> <span class='ocrx_word' id='word_1_215' title='bbox 1495 2335 1684 2399; x_wconf 85' lang='lat' dir='ltr'>etiam</span> <span class='ocrx_word' id='word_1_216' title='bbox 1728 2336 1970 2418; x_wconf 76' lang='lat' dir='ltr'>fructus</span> <span class='ocrx_word' id='word_1_217' title='bbox 2015 2334 2157 2401; x_wconf 82' lang='lat' dir='ltr'>inde</span> <span class='ocrx_word' id='word_1_218' title='bbox 2183 2347 2499 2421; x_wconf 81' lang='lat' dir='ltr'>perceptos</span> <span class='ocrx_word' id='word_1_219' title='bbox 2512 2359 2539 2413; x_wconf 90' lang='lat'><em>;</em></span> <span class='ocrx_word' id='word_1_220' title='bbox 2574 2336 2723 2420; x_wconf 81' lang='lat' dir='ltr'>quia</span> <span class='ocrx_word' id='word_1_221' title='bbox 2752 2347 2900 2402; x_wconf 80' lang='lat' dir='ltr'>sunt</span> 
     </span>
     <span class='ocr_line' id='line_1_23' title="bbox 313 2440 2894 2525; baseline 0.001 -18"><span class='ocrx_word' id='word_1_222' title='bbox 313 2442 549 2524; x_wconf 77' lang='lat' dir='ltr'>fructus</span> <span class='ocrx_word' id='word_1_223' title='bbox 594 2459 826 2522; x_wconf 79' lang='lat' dir='ltr'>rerum,</span> <span class='ocrx_word' id='word_1_224' title='bbox 875 2459 1143 2525; x_wconf 83' lang='lat' dir='ltr'>quarum</span> <span class='ocrx_word' id='word_1_225' title='bbox 1189 2440 1355 2507; x_wconf 81' lang='lat' dir='ltr'>alius</span> <span class='ocrx_word' id='word_1_226' title='bbox 1402 2452 1488 2506; x_wconf 82' lang='lat' dir='ltr'>est</span> <span class='ocrx_word' id='word_1_227' title='bbox 1532 2441 1843 2523; x_wconf 71' lang='lat' dir='ltr'>domium,</span> <span class='ocrx_word' id='word_1_228' title='bbox 1893 2455 1949 2508; x_wconf 87' lang='lat' dir='ltr'>et</span> <span class='ocrx_word' id='word_1_229' title='bbox 1995 2442 2128 2508; x_wconf 84' lang='lat' dir='ltr'>ideo</span> <span class='ocrx_word' id='word_1_230' title='bbox 2175 2443 2232 2508; x_wconf 87' lang='lat' dir='ltr'>ei</span> <span class='ocrx_word' id='word_1_231' title='bbox 2277 2442 2585 2509; x_wconf 79' lang='lat' dir='ltr'>debentur.</span> <span class='ocrx_word' id='word_1_232' title='bbox 2633 2443 2728 2508; x_wconf 86' lang='lat' dir='ltr'>Ita</span> <span class='ocrx_word' id='word_1_233' title='bbox 2760 2443 2894 2510; x_wconf 89' lang='lat' dir='ltr'>An·</span> 
     </span>
     <span class='ocr_line' id='line_1_24' title="bbox 316 2546 959 2629; baseline -0.005 -14"><span class='ocrx_word' id='word_1_234' title='bbox 316 2546 556 2629; x_wconf 82' lang='lat' dir='ltr'>gelicus</span> <span class='ocrx_word' id='word_1_235' title='bbox 603 2547 854 2615; x_wconf 86' lang='lat' dir='ltr'>Ductor</span> <span class='ocrx_word' id='word_1_236' title='bbox 905 2553 959 2612; x_wconf 83' lang='lat'>².</span> 
     </span>
    </p>

    <p class='ocr_par' dir='ltr' id='par_1_4' title="bbox 397 2653 2696 2739">
     <span class='ocr_line' id='line_1_25' title="bbox 397 2653 2696 2739; baseline 0.001 -21"><span class='ocrx_word' id='word_1_237' title='bbox 397 2657 591 2721; x_wconf 69' lang='lat'>45⁷.</span> <span class='ocrx_word' id='word_1_238' title='bbox 646 2657 718 2735; x_wconf 87' lang='lat' dir='ltr'>Q.</span> <span class='ocrx_word' id='word_1_239' title='bbox 767 2657 827 2722; x_wconf 84' lang='lat'>6.</span> <span class='ocrx_word' id='word_1_240' title='bbox 881 2653 1043 2735; x_wconf 77' lang='lat' dir='ltr'>Quid</span> <span class='ocrx_word' id='word_1_241' title='bbox 1086 2654 1159 2720; x_wconf 84' lang='lat' dir='ltr'>de</span> <span class='ocrx_word' id='word_1_242' title='bbox 1203 2654 1302 2735; x_wconf 82' lang='lat' dir='ltr'>iis,</span> <span class='ocrx_word' id='word_1_243' title='bbox 1353 2656 1463 2739; x_wconf 82' lang='lat' dir='ltr'>qui</span> <span class='ocrx_word' id='word_1_244' title='bbox 1505 2665 1651 2721; x_wconf 80' lang='lat' dir='ltr'>sunt</span> <span class='ocrx_word' id='word_1_245' title='bbox 1694 2674 1908 2736; x_wconf 81' lang='lat' dir='ltr'>causa,</span> <span class='ocrx_word' id='word_1_246' title='bbox 1960 2668 2026 2719; x_wconf 78' lang='lat' dir='ltr'>ut</span> <span class='ocrx_word' id='word_1_247' title='bbox 2070 2674 2281 2721; x_wconf 77' lang='lat' dir='ltr'>usura&gt;</span> <span class='ocrx_word' id='word_1_248' title='bbox 2329 2656 2696 2722; x_wconf 80' lang='lat' dir='ltr'>solvantur?</span> 
     </span>
    </p>

    <p class='ocr_par' dir='ltr' id='par_1_5' title="bbox 300 2760 2894 4030">
     <span class='ocr_line' id='line_1_26' title="bbox 395 2760 2893 2846; baseline -0 -15"><span class='ocrx_word' id='word_1_249' title='bbox 395 2765 463 2831; x_wconf 88' lang='lat' dir='ltr'>R.</span> <span class='ocrx_word' id='word_1_250' title='bbox 526 2763 640 2830; x_wconf 91' lang='lat' dir='ltr'>Isti</span> <span class='ocrx_word' id='word_1_251' title='bbox 700 2781 829 2829; x_wconf 90' lang='lat' dir='ltr'>non</span> <span class='ocrx_word' id='word_1_252' title='bbox 880 2762 1098 2830; x_wconf 87' lang='lat' dir='ltr'>solum</span> <span class='ocrx_word' id='word_1_253' title='bbox 1146 2770 1455 2846; x_wconf 86' lang='lat' dir='ltr'>peccant;</span> <span class='ocrx_word' id='word_1_254' title='bbox 1507 2761 1622 2829; x_wconf 88' lang='lat' dir='ltr'>sed</span> <span class='ocrx_word' id='word_1_255' title='bbox 1673 2769 1982 2831; x_wconf 91' lang='lat' dir='ltr'>tenentur</span> <span class='ocrx_word' id='word_1_256' title='bbox 2029 2761 2226 2829; x_wconf 86' lang='lat' dir='ltr'>etiam</span> <span class='ocrx_word' id='word_1_257' title='bbox 2274 2760 2354 2829; x_wconf 92' lang='lat' dir='ltr'>ad</span> <span class='ocrx_word' id='word_1_258' title='bbox 2403 2761 2893 2831; x_wconf 89' lang='lat' dir='ltr'>restitutionem</span> 
     </span>
     <span class='ocr_line' id='line_1_27' title="bbox 314 2869 2894 2956; baseline 0 -19"><span class='ocrx_word' id='word_1_259' title='bbox 314 2888 459 2939; x_wconf 89' lang='lat' dir='ltr'>casu</span> <span class='ocrx_word' id='word_1_260' title='bbox 509 2889 642 2956; x_wconf 88' lang='lat' dir='ltr'>quo</span> <span class='ocrx_word' id='word_1_261' title='bbox 692 2870 1060 2952; x_wconf 82' lang='lat' dir='ltr'>usurariuS,</span> <span class='ocrx_word' id='word_1_262' title='bbox 1111 2869 1223 2955; x_wconf 88' lang='lat' dir='ltr'>qui</span> <span class='ocrx_word' id='word_1_263' title='bbox 1274 2869 1488 2955; x_wconf 91' lang='lat' dir='ltr'>primo</span> <span class='ocrx_word' id='word_1_264' title='bbox 1537 2870 1685 2937; x_wconf 91' lang='lat' dir='ltr'>loco</span> <span class='ocrx_word' id='word_1_265' title='bbox 1735 2877 2018 2952; x_wconf 89' lang='lat' dir='ltr'>tenetur,</span> <span class='ocrx_word' id='word_1_266' title='bbox 2073 2870 2578 2950; x_wconf 82' lang='lat' dir='ltr'>nonrestituat3</span> <span class='ocrx_word' id='word_1_267' title='bbox 2616 2886 2766 2937; x_wconf 92' lang='lat' dir='ltr'>cum</span> <span class='ocrx_word' id='word_1_268' title='bbox 2804 2870 2894 2937; x_wconf 83' lang='lat' dir='ltr'>ef-</span> 
     </span>
     <span class='ocr_line' id='line_1_28' title="bbox 312 2976 2888 3075; baseline 0 -31"><span class='ocrx_word' id='word_1_269' title='bbox 312 2979 594 3047; x_wconf 85' lang='lat' dir='ltr'>ficaciter</span> <span class='ocrx_word' id='word_1_270' title='bbox 640 2976 915 3047; x_wconf 81' lang='lat' dir='ltr'>influant</span> <span class='ocrx_word' id='word_1_271' title='bbox 964 2979 1027 3044; x_wconf 91' lang='lat' dir='ltr'>in</span> <span class='ocrx_word' id='word_1_272' title='bbox 1080 2977 1350 3045; x_wconf 87' lang='lat' dir='ltr'>alterius</span> <span class='ocrx_word' id='word_1_273' title='bbox 1385 2976 1717 3075; x_wconf 43' lang='lat' dir='ltr'>damnum:</span> <span class='ocrx_word' id='word_1_274' title='bbox 1755 2978 1919 3045; x_wconf 89' lang='lat' dir='ltr'>Hinc</span> <span class='ocrx_word' id='word_1_275' title='bbox 1953 2983 2296 3044; x_wconf 87' lang='lat' dir='ltr'>tenentur:</span> <span class='ocrx_word' id='word_1_276' title='bbox 2340 2977 2405 3061; x_wconf 80' lang='lat' dir='ltr'>l)</span> <span class='ocrx_word' id='word_1_277' title='bbox 2442 2976 2888 3058; x_wconf 84' lang='lat' dir='ltr'>consulenteS‚</span> 
     </span>
     <span class='ocr_line' id='line_1_29' title="bbox 320 3083 2888 3169; baseline -0 -18"><span class='ocrx_word' id='word_1_278' title='bbox 320 3086 435 3154; x_wconf 90' lang='lat' dir='ltr'>nisi</span> <span class='ocrx_word' id='word_1_279' title='bbox 508 3084 575 3151; x_wconf 89' lang='lat' dir='ltr'>id</span> <span class='ocrx_word' id='word_1_280' title='bbox 644 3085 898 3169; x_wconf 83' lang='lat' dir='ltr'>egerint</span> <span class='ocrx_word' id='word_1_281' title='bbox 968 3084 1032 3152; x_wconf 88' lang='lat' dir='ltr'>in</span> <span class='ocrx_word' id='word_1_282' title='bbox 1083 3084 1358 3168; x_wconf 84' lang='lat' dir='ltr'>gratiam</span> <span class='ocrx_word' id='word_1_283' title='bbox 1406 3084 1819 3165; x_wconf 81' lang='lat' dir='ltr'>mutuatarii3</span> <span class='ocrx_word' id='word_1_284' title='bbox 1870 3083 2311 3152; x_wconf 83' lang='lat' dir='ltr'>consentienti</span> <span class='ocrx_word' id='word_1_285' title='bbox 2362 3084 2539 3152; x_wconf 92' lang='lat' dir='ltr'>enim</span> <span class='ocrx_word' id='word_1_286' title='bbox 2588 3084 2767 3152; x_wconf 88' lang='lat' dir='ltr'>nulla</span> <span class='ocrx_word' id='word_1_287' title='bbox 2816 3083 2888 3150; x_wconf 91' lang='lat' dir='ltr'>fit</span> 
     </span>
     <span class='ocr_line' id='line_1_30' title="bbox 317 3191 2887 3278; baseline 0.001 -21"><span class='ocrx_word' id='word_1_288' title='bbox 317 3193 580 3278; x_wconf 71' lang='lat' dir='ltr'>injuria,</span> <span class='ocrx_word' id='word_1_289' title='bbox 614 3192 683 3277; x_wconf 78' lang='lat'>2)</span> <span class='ocrx_word' id='word_1_290' title='bbox 711 3191 989 3276; x_wconf 89' lang='lat' dir='ltr'>judices,</span> <span class='ocrx_word' id='word_1_291' title='bbox 1029 3191 1342 3273; x_wconf 86' lang='lat' dir='ltr'>advocati,</span> <span class='ocrx_word' id='word_1_292' title='bbox 1377 3191 1639 3272; x_wconf 82' lang='lat' dir='ltr'>notarii,</span> <span class='ocrx_word' id='word_1_293' title='bbox 1676 3192 2004 3272; x_wconf 82' lang='lat' dir='ltr'>consuleS,</span> <span class='ocrx_word' id='word_1_294' title='bbox 2045 3191 2477 3276; x_wconf 81' lang='lat' dir='ltr'>legislatores,</span> <span class='ocrx_word' id='word_1_295' title='bbox 2521 3208 2887 3276; x_wconf 88' lang='lat' dir='ltr'>omnesque</span> 
     </span>
     <span class='ocr_line' id='line_1_31' title="bbox 308 3297 2885 3385; baseline -0.001 -18"><span class='ocrx_word' id='word_1_296' title='bbox 308 3306 712 3384; x_wconf 78' lang='lat' dir='ltr'>potestates,</span> <span class='ocrx_word' id='word_1_297' title='bbox 762 3316 911 3385; x_wconf 85' lang='lat' dir='ltr'>quae</span> <span class='ocrx_word' id='word_1_298' title='bbox 963 3300 1059 3366; x_wconf 87' lang='lat' dir='ltr'>vel</span> <span class='ocrx_word' id='word_1_299' title='bbox 1110 3317 1239 3366; x_wconf 92' lang='lat' dir='ltr'>non</span> <span class='ocrx_word' id='word_1_300' title='bbox 1291 3297 1703 3366; x_wconf 85' lang='lat' dir='ltr'>excludendo</span> <span class='ocrx_word' id='word_1_301' title='bbox 1752 3316 1786 3365; x_wconf 89' lang='lat' dir='ltr'>a</span> <span class='ocrx_word' id='word_1_302' title='bbox 1836 3298 2107 3384; x_wconf 86' lang='lat' dir='ltr'>proprio</span> <span class='ocrx_word' id='word_1_303' title='bbox 2159 3297 2495 3366; x_wconf 87' lang='lat' dir='ltr'>territorio</span> <span class='ocrx_word' id='word_1_304' title='bbox 2543 3298 2885 3365; x_wconf 89' lang='lat' dir='ltr'>usurarios</span> 
     </span>
     <span class='ocr_line' id='line_1_32' title="bbox 310 3394 2885 3491; baseline -0.002 -17"><span class='ocrx_word' id='word_1_305' title='bbox 310 3406 457 3491; x_wconf 87' lang='lat' dir='ltr'>(nisi</span> <span class='ocrx_word' id='word_1_306' title='bbox 506 3414 728 3475; x_wconf 90' lang='lat' dir='ltr'>tamen</span> <span class='ocrx_word' id='word_1_307' title='bbox 777 3404 859 3472; x_wconf 90' lang='lat' dir='ltr'>ad</span> <span class='ocrx_word' id='word_1_308' title='bbox 908 3406 1153 3490; x_wconf 87' lang='lat' dir='ltr'>majora</span> <span class='ocrx_word' id='word_1_309' title='bbox 1201 3405 1458 3472; x_wconf 88' lang='lat' dir='ltr'>vitanda</span> <span class='ocrx_word' id='word_1_310' title='bbox 1506 3394 1676 3472; x_wconf 80' lang='lat' dir='ltr'>m&#39;aia</span> <span class='ocrx_word' id='word_1_311' title='bbox 1725 3423 1840 3472; x_wconf 92' lang='lat' dir='ltr'>eos</span> <span class='ocrx_word' id='word_1_312' title='bbox 1889 3403 2348 3490; x_wconf 88' lang='lat' dir='ltr'>permittant),</span> <span class='ocrx_word' id='word_1_313' title='bbox 2419 3403 2517 3471; x_wconf 72' lang='lat' dir='ltr'>vel</span> <span class='ocrx_word' id='word_1_314' title='bbox 2575 3403 2764 3471; x_wconf 78' lang='lat' dir='ltr'>aliter</span> <span class='ocrx_word' id='word_1_315' title='bbox 2818 3403 2885 3470; x_wconf 92' lang='lat' dir='ltr'>in</span> 
     </span>
     <span class='ocr_line' id='line_1_33' title="bbox 304 3511 2884 3611; baseline -0.002 -28"><span class='ocrx_word' id='word_1_316' title='bbox 304 3532 493 3583; x_wconf 88' lang='lat' dir='ltr'>causa</span> <span class='ocrx_word' id='word_1_317' title='bbox 544 3520 720 3597; x_wconf 91' lang='lat' dir='ltr'>sunt,</span> <span class='ocrx_word' id='word_1_318' title='bbox 770 3520 844 3581; x_wconf 91' lang='lat' dir='ltr'>ut</span> <span class='ocrx_word' id='word_1_319' title='bbox 890 3513 1230 3581; x_wconf 85' lang='lat' dir='ltr'>solvantur</span> <span class='ocrx_word' id='word_1_320' title='bbox 1277 3531 1533 3581; x_wconf 88' lang='lat' dir='ltr'>usurae:</span> <span class='ocrx_word' id='word_1_321' title='bbox 1585 3514 1694 3611; x_wconf 81' lang='lat' dir='ltr'>qui</span> <span class='ocrx_word' id='word_1_322' title='bbox 1747 3513 2021 3597; x_wconf 88' lang='lat' dir='ltr'>insuper</span> <span class='ocrx_word' id='word_1_323' title='bbox 2067 3529 2101 3578; x_wconf 90' lang='lat' dir='ltr'>a</span> <span class='ocrx_word' id='word_1_324' title='bbox 2141 3513 2479 3580; x_wconf 88' lang='lat' dir='ltr'>Clemente</span> <span class='ocrx_word' id='word_1_325' title='bbox 2527 3514 2578 3580; x_wconf 90' lang='lat' dir='ltr'>V</span> <span class='ocrx_word' id='word_1_326' title='bbox 2618 3511 2681 3578; x_wconf 92' lang='lat' dir='ltr'>in</span> <span class='ocrx_word' id='word_1_327' title='bbox 2719 3512 2884 3579; x_wconf 91' lang='lat' dir='ltr'>Con·</span> 
     </span>
     <span class='ocr_line' id='line_1_34' title="bbox 303 3619 2885 3707; baseline -0.002 -17"><span class='ocrx_word' id='word_1_328' title='bbox 303 3623 450 3690; x_wconf 90' lang='lat' dir='ltr'>cilio</span> <span class='ocrx_word' id='word_1_329' title='bbox 496 3623 853 3693; x_wconf 88' lang='lat' dir='ltr'>Viennensi</span> <span class='ocrx_word' id='word_1_330' title='bbox 910 3621 1056 3707; x_wconf 91' lang='lat' dir='ltr'>ipso</span> <span class='ocrx_word' id='word_1_331' title='bbox 1118 3621 1287 3689; x_wconf 85' lang='lat' dir='ltr'>facto</span> <span class='ocrx_word' id='word_1_332' title='bbox 1351 3620 2027 3690; x_wconf 84' lang='lat' dir='ltr'>excommunicantur.</span> <span class='ocrx_word' id='word_1_333' title='bbox 2079 3622 2159 3686; x_wconf 89' lang='lat' dir='ltr'>At</span> <span class='ocrx_word' id='word_1_334' title='bbox 2193 3619 2623 3707; x_wconf 41' lang='lat' dir='ltr'>‚legislatores</span> <span class='ocrx_word' id='word_1_335' title='bbox 2687 3619 2885 3686; x_wconf 90' lang='lat' dir='ltr'>etiam</span> 
     </span>
     <span class='ocr_line' id='line_1_35' title="bbox 303 3723 2883 3801; baseline -0.003 -4"><span class='ocrx_word' id='word_1_336' title='bbox 303 3729 710 3799; x_wconf 87' lang='lat' dir='ltr'>benemorati</span> <span class='ocrx_word' id='word_1_337' title='bbox 773 3729 839 3795; x_wconf 91' lang='lat' dir='ltr'>in</span> <span class='ocrx_word' id='word_1_338' title='bbox 888 3729 1272 3796; x_wconf 85' lang='lat' dir='ltr'>manifestos</span> <span class='ocrx_word' id='word_1_339' title='bbox 1337 3736 1402 3796; x_wconf 89' lang='lat' dir='ltr'>et</span> <span class='ocrx_word' id='word_1_340' title='bbox 1472 3729 1850 3797; x_wconf 86' lang='lat' dir='ltr'>habituatos</span> <span class='ocrx_word' id='word_1_341' title='bbox 1901 3726 2239 3801; x_wconf 80' lang='lat' dir='ltr'>usurarios</span> <span class='ocrx_word' id='word_1_342' title='bbox 2290 3734 2544 3794; x_wconf 88' lang='lat' dir='ltr'>tantum</span> <span class='ocrx_word' id='word_1_343' title='bbox 2595 3723 2883 3792; x_wconf 88' lang='lat' dir='ltr'>animad-</span> 
     </span>
     <span class='ocr_line' id='line_1_36' title="bbox 302 3832 2882 3919; baseline -0.002 -17"><span class='ocrx_word' id='word_1_344' title='bbox 302 3844 552 3905; x_wconf 84' lang='lat' dir='ltr'>vertere</span> <span class='ocrx_word' id='word_1_345' title='bbox 622 3837 840 3904; x_wconf 87' lang='lat' dir='ltr'>solent</span> <span class='ocrx_word' id='word_1_346' title='bbox 909 3835 1086 3903; x_wconf 88' lang='lat' dir='ltr'>illius</span> <span class='ocrx_word' id='word_1_347' title='bbox 1143 3836 1423 3904; x_wconf 89' lang='lat' dir='ltr'>Baconis</span> <span class='ocrx_word' id='word_1_348' title='bbox 1472 3836 1797 3903; x_wconf 86' lang='lat' dir='ltr'>rationem</span> <span class='ocrx_word' id='word_1_349' title='bbox 1847 3834 2033 3919; x_wconf 88' lang='lat' dir='ltr'>quasi</span> <span class='ocrx_word' id='word_1_350' title='bbox 2083 3834 2436 3902; x_wconf 89' lang='lat' dir='ltr'>habentes:</span> <span class='ocrx_word' id='word_1_351' title='bbox 2497 3861 2518 3890; x_wconf 74' lang='grc' dir='ltr'><strong><em>ι</em></strong></span> <span class='ocrx_word' id='word_1_352' title='bbox 2576 3832 2631 3899; x_wconf 93' lang='lat' dir='ltr'>si</span> <span class='ocrx_word' id='word_1_353' title='bbox 2682 3849 2882 3898; x_wconf 90' lang='lat' dir='ltr'>usura</span> 
     </span>
     <span class='ocr_line' id='line_1_37' title="bbox 300 3938 2882 4030; baseline -0.002 -17"><span class='ocrx_word' id='word_1_354' title='bbox 300 3945 561 4029; x_wconf 89' lang='lat' dir='ltr'>penitus</span> <span class='ocrx_word' id='word_1_355' title='bbox 611 3945 919 4029; x_wconf 86' lang='lat' dir='ltr'>extirpari</span> <span class='ocrx_word' id='word_1_356' title='bbox 976 3945 1245 4030; x_wconf 85' lang='lat' dir='ltr'>nequit,</span> <span class='ocrx_word' id='word_1_357' title='bbox 1298 3944 1531 4012; x_wconf 88' lang='lat' dir='ltr'>saltem</span> <span class='ocrx_word' id='word_1_358' title='bbox 1578 3943 1759 4011; x_wconf 91' lang='lat' dir='ltr'>illius</span> <span class='ocrx_word' id='word_1_359' title='bbox 1809 3942 2041 4012; x_wconf 88' lang='lat' dir='ltr'>dentes</span> <span class='ocrx_word' id='word_1_360' title='bbox 2090 3939 2355 4010; x_wconf 90' lang='lat' dir='ltr'>limandi</span> <span class='ocrx_word' id='word_1_361' title='bbox 2408 3946 2606 4022; x_wconf 87' lang='lat' dir='ltr'>sunt,</span> <span class='ocrx_word' id='word_1_362' title='bbox 2660 3945 2732 4006; x_wconf 92' lang='lat' dir='ltr'>ut</span> <span class='ocrx_word' id='word_1_363' title='bbox 2781 3938 2882 4007; x_wconf 90' lang='lat' dir='ltr'>sic</span> 
     </span>
    </p>
   </div>
   <div class='ocr_carea' id='block_1_4' title="bbox 296 4053 967 4121">
    <p class='ocr_par' dir='ltr' id='par_1_6' title="bbox 296 4053 967 4121">
     <span class='ocr_line' id='line_1_38' title="bbox 296 4053 967 4121; baseline 0.003 -2"><span class='ocrx_word' id='word_1_364' title='bbox 296 4054 513 4121; x_wconf 87' lang='lat' dir='ltr'>minus</span> <span class='ocrx_word' id='word_1_365' title='bbox 562 4053 885 4121; x_wconf 89' lang='lat' dir='ltr'>mordeat.</span> <span class='ocrx_word' id='word_1_366' title='bbox 946 4080 967 4109; x_wconf 69' lang='grc' dir='ltr'><strong>ι</strong></span> 
     </span>
    </p>
   </div>
   <div class='ocr_carea' id='block_1_5' title="bbox 354 4334 2881 4515">
    <p class='ocr_par' dir='ltr' id='par_1_7' title="bbox 354 4334 2881 4515">
     <span class='ocr_line' id='line_1_39' title="bbox 356 4334 1993 4402; baseline -0.002 -14"><span class='ocrx_word' id='word_1_367' title='bbox 356 4337 376 4377; x_wconf 79' lang='grc'>1</span> <span class='ocrx_word' id='word_1_368' title='bbox 412 4340 479 4388; x_wconf 82' lang='lat' dir='ltr'>De</span> <span class='ocrx_word' id='word_1_369' title='bbox 514 4339 633 4402; x_wconf 70' lang='lat' dir='ltr'>Syn.</span> <span class='ocrx_word' id='word_1_370' title='bbox 666 4342 839 4402; x_wconf 65' lang='lat' dir='ltr'>Dioec„</span> <span class='ocrx_word' id='word_1_371' title='bbox 873 4340 909 4390; x_wconf 90' lang='lat' dir='ltr'>l.</span> <span class='ocrx_word' id='word_1_372' title='bbox 945 4352 1000 4400; x_wconf 86' lang='lat' dir='ltr'>x,</span> <span class='ocrx_word' id='word_1_373' title='bbox 1037 4349 1084 4388; x_wconf 91' lang='lat' dir='ltr'>c.</span> <span class='ocrx_word' id='word_1_374' title='bbox 1118 4338 1163 4388; x_wconf 72' lang='lat'>4.</span> <span class='ocrx_word' id='word_1_375' title='bbox 1195 4360 1259 4372; x_wconf 96' lang='lat'>—</span> <span class='ocrx_word' id='word_1_376' title='bbox 1300 4336 1355 4386; x_wconf 86' lang='lat' dir='ltr'>V.</span> <span class='ocrx_word' id='word_1_377' title='bbox 1392 4334 1586 4395; x_wconf 75' lang='lat' dir='ltr'>Alesia,</span> <span class='ocrx_word' id='word_1_378' title='bbox 1624 4334 1860 4395; x_wconf 86' lang='lat' dir='ltr'>Billuart,</span> <span class='ocrx_word' id='word_1_379' title='bbox 1895 4336 1993 4386; x_wconf 85' lang='lat' dir='ltr'>etc.</span> 
     </span>
     <span class='ocr_line' id='line_1_40' title="bbox 354 4392 2881 4515; baseline -0.005 -61"><span class='ocrx_word' id='word_1_380' title='bbox 354 4401 381 4441; x_wconf 79' lang='lat'>²</span> <span class='ocrx_word' id='word_1_381' title='bbox 411 4404 459 4462; x_wconf 69' lang='grc' dir='ltr'>Ξ,</span> <span class='ocrx_word' id='word_1_382' title='bbox 495 4406 549 4461; x_wconf 77' lang='lat'>2,</span> <span class='ocrx_word' id='word_1_383' title='bbox 583 4414 636 4515; x_wconf 72' lang='lat' dir='ltr'>qv.</span> <span class='ocrx_word' id='word_1_384' title='bbox 667 4406 747 4461; x_wconf 85' lang='grc'>78,</span> <span class='ocrx_word' id='word_1_385' title='bbox 781 4415 831 4453; x_wconf 84' lang='lat' dir='ltr'>a.</span> <span class='ocrx_word' id='word_1_386' title='bbox 866 4404 911 4453; x_wconf 86' lang='lat'>3.</span> <span class='ocrx_word' id='word_1_387' title='bbox 957 4427 1020 4439; x_wconf 90' lang='lat'>—</span> <span class='ocrx_word' id='word_1_388' title='bbox 1080 4401 1137 4450; x_wconf 78' lang='lat' dir='ltr'>V.</span> <span class='ocrx_word' id='word_1_389' title='bbox 1172 4397 1404 4461; x_wconf 77' lang='lat' dir='ltr'>Lignori,</span> <span class='ocrx_word' id='word_1_390' title='bbox 1444 4396 1532 4459; x_wconf 82' lang='lat' dir='ltr'>Op.</span> <span class='ocrx_word' id='word_1_391' title='bbox 1564 4396 1724 4457; x_wconf 72' lang='lat' dir='ltr'>Mor„</span> <span class='ocrx_word' id='word_1_392' title='bbox 1781 4397 1813 4447; x_wconf 89' lang='lat' dir='ltr'>l.</span> <span class='ocrx_word' id='word_1_393' title='bbox 1848 4408 1923 4457; x_wconf 82' lang='grc' dir='ltr'>ιιι,</span> <span class='ocrx_word' id='word_1_394' title='bbox 1979 4405 2070 4445; x_wconf 90' lang='lat' dir='ltr'>nn.</span> <span class='ocrx_word' id='word_1_395' title='bbox 2121 4395 2233 4453; x_wconf 82' lang='lat'>763,</span> <span class='ocrx_word' id='word_1_396' title='bbox 2282 4393 2399 4452; x_wconf 85' lang='grc'><strong>773,</strong></span> <span class='ocrx_word' id='word_1_397' title='bbox 2430 4394 2525 4445; x_wconf 87' lang='grc'>783</span> <span class='ocrx_word' id='word_1_398' title='bbox 2555 4392 2606 4443; x_wconf 86' lang='lat' dir='ltr'>et</span> <span class='ocrx_word' id='word_1_399' title='bbox 2638 4403 2782 4455; x_wconf 83' lang='lat' dir='ltr'>seqq.</span> <span class='ocrx_word' id='word_1_400' title='bbox 2816 4417 2881 4429; x_wconf 94' lang='lat'><strong>—</strong></span> 
     </span>
    </p>
   </div>
   <div class='ocr_carea' id='block_1_6' title="bbox 288 4453 2880 4703">
    <p class='ocr_par' dir='ltr' id='par_1_8' title="bbox 288 4453 2880 4703">
     <span class='ocr_line' id='line_1_41' title="bbox 293 4453 2876 4526; baseline -0.004 -12"><span class='ocrx_word' id='word_1_401' title='bbox 293 4464 558 4526; x_wconf 48' lang='grc' dir='ltr'>δἐι-παύω</span> <span class='ocrx_word' id='word_1_402' title='bbox 694 4467 880 4516; x_wconf 76' lang='lat' dir='ltr'>Usura.</span> <span class='ocrx_word' id='word_1_403' title='bbox 918 4476 974 4500; x_wconf 86' lang='lat'>-·-</span> <span class='ocrx_word' id='word_1_404' title='bbox 1009 4462 1163 4523; x_wconf 81' lang='lat' dir='ltr'>Zech,</span> <span class='ocrx_word' id='word_1_405' title='bbox 1197 4463 1352 4524; x_wconf 67' lang='lat' dir='ltr'>thor</span> <span class='ocrx_word' id='word_1_406' title='bbox 1384 4460 1683 4512; x_wconf 72' lang='lat' dir='ltr'>moderatus</span> <span class='ocrx_word' id='word_1_407' title='bbox 1716 4460 1961 4511; x_wconf 75' lang='lat' dir='ltr'>docti-lnce</span> <span class='ocrx_word' id='word_1_408' title='bbox 1989 4456 2266 4520; x_wconf 69' lang='lat' dir='ltr'>pontificiae</span> <span class='ocrx_word' id='word_1_409' title='bbox 2297 4456 2436 4505; x_wconf 79' lang='lat' dir='ltr'>circa</span> <span class='ocrx_word' id='word_1_410' title='bbox 2469 4466 2673 4505; x_wconf 81' lang='lat' dir='ltr'>usuras.</span> <span class='ocrx_word' id='word_1_411' title='bbox 2707 4480 2769 4492; x_wconf 93' lang='lat'>-</span> <span class='ocrx_word' id='word_1_412' title='bbox 2795 4453 2876 4505; x_wconf 86' lang='lat' dir='ltr'>Bl-</span> 
     </span>
     <span class='ocr_line' id='line_1_42' title="bbox 291 4516 2880 4595; baseline -0.004 -20"><span class='ocrx_word' id='word_1_413' title='bbox 291 4535 405 4587; x_wconf 83' lang='lat' dir='ltr'>ner‚</span> <span class='ocrx_word' id='word_1_414' title='bbox 442 4528 739 4581; x_wconf 76' lang='lat' dir='ltr'>Dissertatio</span> <span class='ocrx_word' id='word_1_415' title='bbox 761 4528 996 4591; x_wconf 73' lang='lat' dir='ltr'>jnridica</span> <span class='ocrx_word' id='word_1_416' title='bbox 1025 4526 1087 4575; x_wconf 77' lang='lat' dir='ltr'>de</span> <span class='ocrx_word' id='word_1_417' title='bbox 1117 4526 1305 4575; x_wconf 79' lang='lat' dir='ltr'>usuris.</span> <span class='ocrx_word' id='word_1_418' title='bbox 1336 4548 1402 4560; x_wconf 93' lang='lat'><em>-</em></span> <span class='ocrx_word' id='word_1_419' title='bbox 1431 4521 1609 4583; x_wconf 83' lang='lat' dir='ltr'>Barth,</span> <span class='ocrx_word' id='word_1_420' title='bbox 1647 4524 1716 4594; x_wconf 72' lang='lat' dir='ltr'>De</span> <span class='ocrx_word' id='word_1_421' title='bbox 1751 4523 1951 4595; x_wconf 66' lang='lat' dir='ltr'>Spatmo</span> <span class='ocrx_word' id='word_1_422' title='bbox 1979 4518 2264 4592; x_wconf 33' lang='lat' dir='ltr'>principis..</span> <span class='ocrx_word' id='word_1_423' title='bbox 2304 4543 2368 4555; x_wconf 91' lang='lat'><em>-</em></span> <span class='ocrx_word' id='word_1_424' title='bbox 2420 4518 2605 4583; x_wconf 78' lang='lat' dir='ltr'>Boyer,</span> <span class='ocrx_word' id='word_1_425' title='bbox 2642 4516 2880 4589; x_wconf 70' lang='lat' dir='ltr'>Apotoyie</span> 
     </span>
     <span class='ocr_line' id='line_1_43' title="bbox 288 4578 2876 4703; baseline -0.005 -63"><span class='ocrx_word' id='word_1_426' title='bbox 288 4589 723 4703; x_wconf 52' lang='lat' dir='ltr'>ggisggnltigffiie</span> <span class='ocrx_word' id='word_1_427' title='bbox 753 4592 882 4641; x_wconf 81' lang='lat' dir='ltr'>dans</span> <span class='ocrx_word' id='word_1_428' title='bbox 912 4589 998 4639; x_wconf 79' lang='lat' dir='ltr'>des</span> <span class='ocrx_word' id='word_1_429' title='bbox 1027 4588 1274 4639; x_wconf 70' lang='lat' dir='ltr'>decisions</span> <span class='ocrx_word' id='word_1_430' title='bbox 1302 4598 1395 4671; x_wconf 59' lang='lat' dir='ltr'>gur</span> <span class='ocrx_word' id='word_1_431' title='bbox 1427 4587 1473 4636; x_wconf 83' lang='lat' dir='ltr'>te</span> <span class='ocrx_word' id='word_1_432' title='bbox 1516 4585 1635 4647; x_wconf 74' lang='lat' dir='ltr'>pret</span> <span class='ocrx_word' id='word_1_433' title='bbox 1682 4598 1719 4635; x_wconf 85' lang='lat' dir='ltr'><strong><em>a</em></strong></span> <span class='ocrx_word' id='word_1_434' title='bbox 1769 4585 1970 4637; x_wconf 67' lang='lat' dir='ltr'>anteiret.</span> <span class='ocrx_word' id='word_1_435' title='bbox 2001 4607 2065 4620; x_wconf 89' lang='lat'><em>-</em></span> <span class='ocrx_word' id='word_1_436' title='bbox 2096 4583 2352 4642; x_wconf 76' lang='lat' dir='ltr'>Cart-tere,</span> <span class='ocrx_word' id='word_1_437' title='bbox 2398 4580 2470 4632; x_wconf 82' lang='lat' dir='ltr'>De</span> <span class='ocrx_word' id='word_1_438' title='bbox 2509 4578 2876 4639; x_wconf 66' lang='lat' dir='ltr'>contrectabas,</span> 
     </span>
    </p>
   </div>
  </div>
 </body>
</html>
