3292 5167
562 245 695 313 230
1253 265 1366 310 uu.
1412 266 1477 310 11.
1524 264 1738 311 macr.
1784 260 1864 308 vt.
1910 263 2057 309 mss.
2105 258 2186 307 ιν.
2234 262 2364 307 cst.
2415 261 2502 307 ιιι.

561 387 821 456 cunque
892 368 984 437 rei
1057 366 1194 436 sive
1265 368 1481 436 bonus
1533 369 1621 436 sit
1669 370 1806 437 sive
1854 367 2100 434 malus:
2151 382 2298 433 mos
2347 373 2566 434 tamen
2615 365 2914 448 invaluit,
2965 364 3154 433 utin

558 478 796 545 malam
843 482 1097 561 partem
1145 484 1521 543 assumatur
1567 476 1615 544 ¹.
1667 480 1876 546 Usura
1925 481 2147 542 autem
2180 474 2624 542 communiter
2662 472 3018 541 definitur:
3062 472 3161 537 lu-

559 603 736 681 orum
780 604 864 649 em
907 594 1120 650 mutuo
1159 583 1533 669 proveniens
1579 583 1951 664 immediate,
2002 601 2109 649 seu
2147 582 2409 668 proecise
2452 583 2517 648 vi
2561 582 2762 667 ipsius
2805 580 3030 651 mutui.

647 690 915 758 Dicitur·
972 693 1030 758 l.
1076 693 1371 773 Lucrum,
1422 707 1555 776 quo
1605 689 1874 759 nomine
1922 687 2315 773 intelligitur
2362 705 2495 756 uon
2544 688 2762 755 solum
2813 687 3156 772 pecunia,

560 798 680 867 sed
727 817 832 867 res
880 797 1198 883 quaelibet
1248 798 1527 883 pecunia
1575 796 2009 878 aestimabiliS,
2047 795 2148 863 vel
2182 814 2351 864 onus
2409 795 2858 882 quodcunque
2894 801 3161 863 mutua-

562 907 728 973 tario
777 906 1184 990 impositum,
1237 906 1317 972 ad
1365 904 1544 989 quod
1592 886 1881 991 alioquin
1935 922 2066 977 uon
2116 909 2486 983 teneretur;
2520 902 2702 988 quod
2732 900 2879 969 ideo
2917 902 3156 986 nequit

562 1013 629 1081 in
672 1019 926 1099 pactam
962 1011 1218 1079 deduci.
1262 1011 1627 1097 Ideossquod
1665 1030 1793 1079 non
1827 1016 1931 1078 est
1968 1010 2181 1095 pretio
2217 1009 2631 1090 aestimabile,
2672 1010 2772 1077 vel
2812 1008 2994 1094 quod
3014 1008 3157 1094 jam

567 1120 831 1188 aliunde
879 1118 1176 1187 debitum
1225 1127 1326 1186 est
1375 1138 1454 1186 ex
1495 1119 1774 1206 justitia,
1825 1136 1958 1185 non
2010 1118 2134 1185 erit
2168 1118 2504 1204 obJ‘ectum
2541 1134 2793 1197 usurae3
2827 1114 2980 1202 quia
3018 1132 3155 1182 uon

563 1236 664 1296 est
714 1228 969 1298 lucrum
1015 1226 1405 1294 indebitum.
1458 1230 1596 1295 Hoc
1644 1208 1902 1294 lucrum
1952 1244 2031 1294 ex
2079 1233 2312 1294 mutuo
2348 1224 2743 1312 proveniens
2776 1222 3160 1308 appellatur

564 1334 759 1402 etiam
830 1334 1187 1402 auctarium
1228 1332 1678 1419 (vocabulum
1736 1349 1770 1399 a
1827 1332 2058 1399 Plauto
2105 1331 2472 1399 adhibitum
2521 1331 2603 1397 ad
2648 1327 3158 1415 significandam

561 1441 912 1509 utilitatem
973 1441 1168 1507 alicui
1214 1442 1308 1507 rei
1352 1442 1535 1525 quasi
1578 1440 2099 1528 superadditam).
2149 1439 2282 1507 Sed
2327 1439 2576 1523 vulgari
2623 1436 2947 1506 vocabulo
2990 1454 3157 1504 nun·

564 1555 845 1634 cupatur
892 1550 1200 1616 interesse.

741 1658 804 1723 2.
879 1659 987 1724 Eoe
1028 1665 1244 1721 mutuo
1284 1656 1657 1741 proveniens
1673 1679 1697 1732 ;
1742 1656 1893 1742 quia
1937 1674 2018 1724 ex
2065 1650 2400 1722 communi
2450 1649 2792 1720 hominum
2834 1666 3038 1717 sensu
3087 1646 3156 1714 in

559 1763 705 1832 solo
748 1770 981 1830 mutuo
1032 1779 1231 1829 usura
1282 1763 1548 1846 proprie
1598 1762 1795 1831 habet
1845 1762 2105 1831 sedem:
2155 1768 2221 1829 et
2269 1761 2326 1828 si
2375 1760 2438 1827 in
2490 1758 2635 1826 aliis
2699 1752 3178 1825 contractibus·

562 1870 780 1956 aliqua
828 1869 1166 1954 contingat
1214 1869 1554 1954 injustitia,
1608 1888 1740 1937 uon
1790 1870 2161 1964 appellatur
2204 1888 2422 1949 usura,
2468 1867 2589 1935 nisi
2629 1867 2714 1935 ibi
2758 1883 2983 1934 revera
3020 1865 3159 1933 exi-

563 1982 696 2044 stat
758 1983 1064 2043 mutuum
1113 1975 1346 2044 saltem
1395 1975 1809 2060 implicitum.
1856 1975 2169 2044 Additur:
2219 1974 2592 2055 immediate,
2637 1993 2747 2039 seu
2783 1972 3048 2060 proecise
3091 1970 3158 2037 vi

562 2084 761 2169 ipsius
809 2083 1007 2149 mutui
1022 2108 1048 2161 ,·
1094 2083 1245 2168 quia
1296 2100 1425 2149 non
1474 2090 1573 2149 est
1615 2101 1817 2151 usura
1866 2083 2115 2168 aliquid
2164 2081 2508 2168 percipere
2542 2081 2762 2148 solum
2795 2078 3154 2146 occasione

492 2232 495 2241 ·
560 2190 794 2271 mutui,
848 2189 933 2258 ob
984 2189 1249 2256 titulum
1298 2190 1655 2258 honestum
1704 2197 1769 2257 et
1817 2197 2050 2258 mutuo
2100 2188 2224 2276 ipsi
2275 2188 2742 2257 extrinsecum.

647 2301 849 2363 ⁴154.
898 2301 1107 2366 Usura
1156 2297 1278 2363 alia
1328 2305 1428 2365 est
1465 2298 1782 2384 eoeplicita,
1818 2299 1872 2366 si
1909 2316 2148 2383 nempe
2181 2282 2495 2381 expressa
2530 2296 2641 2362 fiat
2676 2292 3027 2363 conventio
3069 2292 3155 2359 de

567 2403 678 2470 illa
750 2401 1080 2471 solvenda.
1153 2402 1293 2469 Alia
1340 2403 1665 2489 implicita,
1716 2411 1781 2471 et
1829 2404 2050 2472 locum
2095 2403 2292 2471 habet
2340 2420 2491 2471 cum
2544 2408 2849 2469 mutuans
2898 2398 3156 2466 nullam

562 2508 830 2596 quidem
879 2508 999 2575 init
1048 2509 1559 2577 conventionem
1593 2508 1675 2576 de
1709 2510 1894 2578 lucro
1911 2536 1930 2592 3
1981 2511 2097 2579 sed
2134 2509 2539 2579 sufficienter
2586 2507 2871 2577 declarat
2926 2505 3153 2591 aliquo

561 2634 684 2684 suo
733 2622 903 2698 actu,
950 2632 1027 2683 se
1075 2614 1237 2682 illud
1286 2623 1676 2700 expectare:
1728 2617 1923 2684 veluti
1975 2617 2030 2684 si
2080 2615 2274 2699 dicat,
2324 2634 2398 2684 se
2448 2615 2745 2700 indigere
2782 2621 2855 2681 ut
2887 2630 3004 2682 sua
3043 2631 3156 2698 pe-

558 2724 754 2790 cunia
805 2722 1053 2825 aliquid
1100 2722 1224 2791 sibi
1276 2722 1614 2808 producat.
1666 2722 1804 2791 Alia
1833 2726 2103 2811 palliata
2150 2741 2301 2810 quae
2353 2722 2720 2806 intervenit,
2775 2720 3038 2807 quaudo
3084 2720 3151 2786 in

560 2830 688 2898 alio
739 2837 1083 2899 contractu
1131 2829 1449 2915 implicite
1496 2831 1896 2915 continetur,
1947 2838 2019 2899 ut
2067 2832 2284 2901 evenit
2333 2831 2397 2898 in
2447 2838 2791 2900 contractu
2825 2829 3149 2897 mohatra.

557 2939 805 3006 lterum
852 2937 974 3004 alia
1022 2943 1124 3004 est
1168 2937 1382 3020 realiS,
1432 2944 1497 3005 et
1546 2944 1647 3005 est
1697 2938 1958 3024 quando
2007 2956 2086 3007 ex
2136 2938 2357 3025 aliquo
2409 2945 2598 3023 pacto
2648 2938 2784 3006 sive
2834 2935 3151 3021 explicito

558 3044 693 3113 sive
728 3045 1048 3130 implicito
1098 3062 1172 3112 ea
1238 3045 1619 3132 percipitur.
1671 3046 1812 3113 Alia
1853 3065 2013 3133 pure
2080 3048 2387 3129 mentalis,
2439 3045 2702 3132 quaudo
2773 3062 3014 3130 nempe
3083 3042 3148 3109 in

565 3151 710 3218 solo
759 3152 978 3218 animo
1026 3150 1395 3219 intenditur
1469 3152 1569 3222 vel
1641 3159 1967 3238 speratur,
2016 3152 2158 3220 siue
2206 3154 2337 3220 ulla
2388 3171 2537 3221 vera
2587 3170 2811 3221 usurae
2862 3150 3149 3218 datione.

558 3258 697 3324 Alia
745 3259 1033 3325 mentalis
1051 3284 1076 3338 ,·
1123 3265 1225 3327 est
1296 3258 1558 3345 quando
1630 3277 1830 3328 usura
1900 3277 2126 3327 revera
2193 3259 2597 3346 percipitur,
2670 3259 2854 3328 nullo
2930 3265 3147 3325 tamen

562 3364 987 3447 praecedente
1035 3365 1171 3433 sive
1219 3366 1541 3452 implicito
1590 3368 1726 3435 sive
1773 3366 2085 3452 explicito
2137 3372 2349 3450 pacto.

645 3472 844 3534 455.
895 3473 967 3551 Q.
1017 3472 1077 3538 5.
1129 3474 1231 3539 An
1275 3493 1475 3539 usura
1515 3476 1771 3561 proprie
1817 3475 2002 3556 dicta,
2051 3473 2118 3541 id
2162 3486 2248 3542 est
2292 3476 2535 3542 lucrum
2579 3495 2662 3542 ea.-
2690 3486 2905 3541 mutuo
2937 3475 3152 3540 imme-

558 3578 721 3645 diate
756 3578 1130 3664 proveniens
1174 3580 1238 3645 vi
1282 3580 1480 3666 ipsius
1525 3582 1728 3647 mutui
1765 3582 2212 3668 prohibeatur?

644 3686 715 3753 R.
764 3683 839 3751 Id
884 3692 1125 3769 negant
1167 3685 1378 3753 Judaei
1427 3692 1757 3772 putantes,
1807 3688 1932 3756 sibi
1982 3705 2018 3755 a
2065 3690 2203 3757 Deo
2244 3704 2508 3757 omnem
2543 3704 2810 3755 usuram
2844 3704 3001 3771 erga
3035 3705 3149 3755 ex-

559 3800 825 3859 traneos
873 3790 1120 3859 licitam
1168 3809 1316 3861 esse
1363 3797 1414 3859 ².
1464 3792 1535 3860 Id
1584 3801 1824 3880 negant
1864 3813 2134 3880 quoque
2170 3790 2840 3874 Pseudo-Reformati,
2877 3793 3148 3861 Calvino

558 3899 747 3980 duce,
800 3916 873 3967 ac
922 3898 1295 3986 praesertim
1341 3901 1688 3969 Molinaeus
1737 3910 1803 3969 et
1850 3901 2209 3969 Salmasius
2257 3902 2655 3969 affirmantes
2702 3918 2971 3969 usuram
3013 3918 3149 3968 nou

559 4024 707 4077 esse
740 4005 1162 4093 prohibitam,
1191 4006 1314 4074 nisi
1356 4006 1418 4073 in
1458 4016 1777 4093 quantum
1803 4015 2163 4077 estcontra
2197 4008 2625 4090 charitatem3
2673 4025 2867 4077 secus
2900 3992 3150 4089 licitam

557 4130 708 4183 esse
778 4114 874 4182 uti
924 4113 1209 4200 pretium
1259 4114 1490 4181 locatae
1541 4116 1884 4201 pecuniae,
1934 4116 2057 4184 etsi
2107 4115 2361 4182 ratione
2413 4115 2620 4200 ipsius
2670 4114 2880 4184 mutui
2932 4115 3150 4201 exiga-

559 4226 690 4290 tur.
762 4223 972 4301 Quam
1040 4222 1438 4290 senteutiam
1511 4222 1775 4290 fortiter
1842 4229 2200 4291 tenuerunt
2251 4222 2646 4291 Jansenistae
2698 4222 2762 4290 iu
2812 4222 3149 4290 Bataviam

623 4463 646 4503 ¹
678 4464 799 4514 Haec
831 4464 1023 4533 dieitur
1051 4468 1210 4539 etiam
1240 4468 1407 4532 [centis
1438 4479 1471 4520 a
1518 4480 1687 4532 graeca
1739 4479 1888 4527 voce,
1921 4480 2038 4533 quae
2071 4468 2256 4520 toetum
2289 4468 2568 4532 significat,
2603 4480 2667 4520 eo
2700 4468 2866 4533 {quod
2920 4469 3153 4531 pecunia

558 4526 679 4577 licet
711 4524 776 4576 de
811 4537 867 4577 se
916 4529 1126 4589 sterilis,
1160 4529 1343 4581 toetum
1376 4534 1551 4582 tamen
1605 4543 1700 4582 seu
1729 4528 1982 4592 {fructum
2017 4532 2206 4593 pariat.
2244 4531 2321 4581 Ab
2357 4532 2589 4582 Hebraeis
2620 4532 2796 4581 autem
2849 4533 3152 4594 apponatur

556 4590 844 4663 nascebech,
877 4588 928 4639 id
964 4592 1046 4641 est
1076 4604 1320 4654 morsus;
1355 4593 1596 4655 thar-bitti,
1620 4591 1677 4645 id
1705 4595 1786 4645 est
1809 4592 2213 4655 incrementum,
2235 4605 2328 4644 seu
2350 4592 2861 4656 superabundantia.
2890 4618 2955 4632 —
2990 4595 3042 4643 V.
3068 4595 3147 4645 Li·

549 4663 753 4766 ‘guioss’e
755 4652 860 4764 311
862 4652 1047 4764 xg‘is'
1078 4652 1115 4704 l.
1150 4666 1227 4715 nt,
1264 4667 1318 4706 n.
1354 4658 1465 4707 758.
