3292 5167
492 201 627 269 236
1207 217 1326 266 un.
1371 220 1438 266 n.
1487 220 1701 266 msc-r.
1752 220 1836 267 vr.
1889 219 2039 266 mss.
2088 218 2153 265 u.
2201 217 2333 263 cst.
2381 212 2425 260 1.

492 322 737 393 Titium
783 321 1171 390 institueret
1214 321 1572 408 haeredem,
1609 322 1665 390 si
1717 321 1961 391 coelum
2009 337 2210 400 manu
2268 316 2582 405 tetigerit.
2649 316 3091 389 conditiones

487 443 699 519 turpes
743 436 899 497 sunt
947 447 1097 514 quse
1148 428 1316 498 fiunt
1364 437 1593 498 contra
1644 429 1990 498 hominum
2040 428 2484 511 honestatem,
2536 433 2608 495 ut
2653 426 2706 495 si
2757 427 2909 513 quis
2966 425 3090 494 ali-

488 554 687 623 quem
734 543 924 606 vocet
971 531 1328 620 haeredem,
1377 537 1432 607 si
1480 538 1731 607 furtum
1803 537 1996 604 faciat
2065 535 2169 604 vel
2233 541 2491 624 patrem
2568 533 2847 604 occidat.
2913 533 3091 604 Cou-

486 644 773 713 ditiones
819 656 1039 712 contra
1088 633 1449 731 lepes'sunt
1493 644 1661 727 illae,
1714 662 1864 731 quae
1918 650 2215 730 pugnant
2264 661 2417 711 cum
2465 641 3001 712 ordinationibus
3050 660 3088 710 a

486 751 798 837 legitimis
843 750 1306 838 superioribus
1357 751 1778 820 constitutis:
1830 750 1977 818 talis
2028 757 2130 818 est
2187 748 2506 832 conditio,
2573 768 2723 836 quae
2795 748 3092 836 praefinit

485 859 682 942 diem,
728 876 857 945 qua
907 858 1221 927 inchoare
1271 857 1370 927 vel
1421 876 1685 928 cessare
1733 855 1932 927 debet
1979 855 2314 924 institutio
2364 854 2671 939 haerediS,
2720 861 2794 923 ut
2827 855 2882 923 si
2932 854 3090 942 quis

485 968 770 1040 diceret:
826 966 1024 1035 Titius
1070 986 1242 1033 mem
1286 968 1484 1034 haeres
1531 979 1656 1034 esto
1703 967 1788 1033 ad
1844 966 2162 1035 biennium
2196 976 2464 1049 tantum,
2528 965 2632 1033 vel
2696 966 2895 1032 hoeres
2956 976 3090 1033 exo

474 1087 617 1164 post
665 1075 977 1143 biennium
1019 1085 1267 1141 ‘tantum
1312 1093 1355 1140 a
1418 1087 1616 1142 morte
1663 1089 1824 1142 ‘mea
1891 1072 2143 1161 (quoad
2197 1072 2587 1160 legatarium
2651 1079 2872 1140 tamen
2937 1070 3092 1142 haec

486 1181 778 1253 conditio
824 1181 1059 1266 staret)
1092 1178 1142 1248 ¹.

572 1292 741 1359 Item
790 1286 1086 1357 conditio
1137 1304 1288 1373 quae
1338 1285 1616 1372 impedit
1671 1287 1939 1373 nuptias
2001 1287 2140 1354 sive
2188 1285 2434 1373 primas
2499 1286 2635 1355 sive
2692 1286 3090 1367 ulteriores3

487 1395 766 1465 interest
832 1395 1009 1463 enim
1079 1393 1510 1481 Reipublicae,
1575 1401 1650 1463 ut
1713 1394 1938 1480 proles
2015 1400 2337 1479 augeatur
2413 1399 2479 1463 et
2557 1393 3092 1480 multiplicentur

485 1501 659 1572 cives
695 1501 744 1570 ².
791 1500 1073 1586 Excipe:
1125 1500 1191 1586 1)
1240 1499 1295 1568 si
1345 1508 1576 1588 agatur
1609 1500 1692 1569 de
1739 1500 1958 1587 aliqua
2006 1500 2350 1585 pensione,
2399 1520 2529 1570 usu
2577 1501 2678 1569 vel
2729 1501 3088 1570 usufructu

485 1605 887 1694 praestando,
936 1606 1217 1676 durante
1269 1607 1375 1675 tali
1426 1616 1646 1689 statu,
1691 1609 1842 1675 nam
1892 1612 2052 1674 tunc
2103 1624 2234 1675 non
2290 1607 2558 1694 proprie
2592 1591 2888 1676 conditio
2933 1625 3091 1694 pro-

484 1715 721 1785 hibens
772 1714 1070 1803 ponitur3
1128 1714 1245 1782 sed
1294 1712 1776 1784 determinatur
1837 1721 2093 1783 tantum
2144 1713 2404 1783 duratio
2473 1715 2926 1802 praestationis
2989 1715 3088 1785 fa-

484 1823 736 1894 ciendae
789 1823 899 1891 tali
941 1829 1243 1910 tempore
1284 1822 1724 1909 perdurante;
1771 1821 1839 1909 2)
1890 1822 1945 1891 si
1996 1821 2292 1891 conditio
2342 1841 2379 1890 a
2427 1824 2711 1910 conjuge
2744 1825 2832 1892 sit
2869 1800 3096 1910 posita·

488 1931 755 2016 conJ'ugi
805 1928 1194 2016 superstiti;
1237 1929 1364 1999 hoc
1412 1929 1589 1999 enim
1639 1929 1934 2017 postulat
1980 1928 2147 1997 fides
2197 1927 2347 1997 data
2399 1929 2613 2017 primo
2665 1933 2927 2001 marito.

900 2217 1052 2283 Anr.
1096 2215 1175 2282 ΙΙ.
1222 2252 1315 2264 -
1359 2217 1449 2282 De
1494 2225 1802 2299 testatore,
1850 2215 1923 2283 de
1973 2216 2252 2302 legitima
2285 2228 2354 2286 .et
2382 2159 2659 2293 *haereda

575 2448 787 2515 8216.
838 2447 910 2526 Q.
963 2447 1021 2514 1.
1074 2445 1345 2527 Quinam
1383 2446 1600 2513 testari
1642 2461 1904 2533 possunt
1938 2457 2017 2517 ³?
2499 2517 2506 2524 ,

574 2557 645 2624 Β.
692 2556 849 2622 Jure
898 2561 1151 2622 naturae
1200 2553 1475 2622 facultas
1529 2555 1813 2626 testandi
1866 2555 1946 2625 de
1985 2557 2187 2626 rebus
2225 2556 2367 2626 suis
2403 2557 2723 2644 competit
2756 2558 3088 2642 omnibuS,

487 2662 597 2750 qui
648 2664 932 2748 gaudent
983 2661 1181 2729 animi
1230 2661 1629 2746 integritate,
1682 2670 1747 2731 et
1799 2663 1982 2732 nullo
2031 2664 2335 2733 laborant
2385 2665 2692 2751 corporis
2733 2665 2917 2749 vitio,
2954 2685 3089 2752 quo

484 2767 930 2855 impediantur
977 2768 1313 2836 declarare
1361 2767 1521 2854 quid
1572 2767 1654 2835 de
1703 2771 1903 2839 rebus
1954 2771 2094 2839 suis
2145 2771 2283 2840 fieri
2335 2772 2537 2840 velint
2589 2778 2741 2856 post
2777 2779 3085 2842 mortem.

482 2876 656 2945 Nihil
703 2878 879 2946 enim
930 2882 1120 2959 vetat,
1170 2882 1243 2942 ut
1289 2875 1400 2942 ille
1449 2875 1558 2972 qui
1601 2884 1827 2961 potest
1878 2895 2019 2947 rem
2069 2895 2255 2947 suam
2309 2879 2370 2944 in
2424 2878 2624 2945 alium
2699 2880 3076 2961 transferre,

483 2984 573 3054 ita
619 2982 990 3070 provideat,
1044 2973 1114 3051 ut
1165 2981 1309 3068 ejus
1359 2979 1726 3051 dominium
1791 2984 2012 3071 quoad
2079 2985 2233 3053 vivit
2298 2985 2424 3053 sibi
2491 2983 2864 3070 adhaereat,
2933 2998 3089 3076 post

482 3098 767 3159 mortem
819 3108 973 3161 vero
1026 3094 1316 3157 transeat
1368 3087 1429 3154 in
1483 3088 1709 3158 alium.

569 3199 856 3283 Legibus
906 3204 1123 3265 tamen
1175 3195 1497 3279 civilibuS‚
1548 3214 1829 3283 quarum
1881 3200 2173 3269 officium
2232 3205 2335 3268 est
2381 3198 2563 3269 bono
2612 3202 2884 3287 publico
2934 3224 3090 3292 pro-

480 3308 757 3394 spicere,
813 3307 1128 3388 nonnulla
1199 3304 1319 3372 hac
1369 3321 1573 3389 super
1619 3323 1692 3374 re
1749 3306 2016 3376 inducta
2066 3313 2256 3388 sunt;
2307 3306 2483 3377 unde
2545 3308 2623 3378 iis
2675 3310 3083 3382 inhaerentes

481 3413 783 3498 dicimuS,
832 3417 949 3483 eos
995 3413 1203 3482 libere
1251 3409 1485 3480 testari
1518 3429 1737 3497 posse,
1789 3415 1901 3501 qui
1950 3414 2178 3485 testari
2232 3432 2367 3482 non
2420 3416 2868 3500 prohibentur
2916 3438 2951 3488 a
3001 3422 3088 3489 ci-

476 3522 589 3590 vili
638 3522 803 3607 lege.
852 3521 1300 3590 Prohibentur
1344 3526 1601 3587 autem:
1640 3522 1706 3608 1)
1757 3522 2047 3591 minores
2099 3527 2294 3590 aetate
2331 3539 2658 3591 annorum
2708 3526 3086 3597 octodecim

481 3628 989 3716 completorum,
1027 3626 1150 3706 etsi
1186 3624 1501 3695 militares
1536 3629 1634 3696 vel
1673 3629 1917 3713 clerici,
1954 3631 2066 3716 qui
2101 3631 2276 3700 bona
2310 3632 2671 3701 castrensia
2720 3632 2821 3701 vel
2870 3634 3087 3721 quasi-

482 3734 842 3804 castrensia
894 3732 1314 3821 possideant:
1367 3734 1547 3823 quod
1587 3734 1640 3802 si
1694 3736 1759 3804 in
1794 3735 1905 3804 illa
1954 3743 2150 3807 aetate
2196 3744 2671 3810 testamentum
2705 3741 3086 3844 conficiant,
3155 3809 3160 3820 ,
3251 3689 3252 3782 3

478 3859 614 3911 non
661 3840 736 3909 fit
782 3839 1088 3923 validum,
1161 3848 1521 3929 postquam
1571 3841 1680 3908 illa
1729 3842 2059 3929 completa
2107 3851 2231 3929 est,
2282 3852 2518 3934 utpote
2592 3847 2957 3919 invalidum
3005 3851 3086 3921 ab

541 4106 564 4147 ¹
596 4105 849 4159 conditio
880 4116 991 4170 qua
1021 4104 1146 4169 quis
1181 4105 1412 4168 aliquem
1448 4106 1717 4159 haeredem
1752 4109 1838 4159 vel
1872 4108 2188 4173 legatarium
2222 4113 2460 4174 vocaret,
2496 4111 2793 4168 dummodo
2814 4118 3088 4183 etipseab

473 4169 571 4221 ilio
605 4171 824 4221 vocetur
857 4169 1026 4219 liaeres
1056 4168 1140 4220 vel
1175 4167 1461 4238 legatarius
1495 4170 1702 4223 nullum
1736 4170 1863 4222 lacit
1893 4173 2071 4236 ipsum
2103 4174 2479 4227 testamentum
2514 4177 2644 4236 (art.
2676 4177 2809 4238 823).

598 4229 900 4303 indvero
932 4229 999 4282 de
1030 4230 1341 4303 conditione
1373 4232 1697 4304 ingrediendi
1715 4234 2026 4306 Reliflionem
2072 4237 2408 4299 amplectendi
2429 4242 2624 4290 statum
2649 4240 3087 4294 ecclesiasticum?

473 4292 670 4366 civiles
704 4292 980 4366 disputant
1009 4290 1075 4343 de
1107 4292 1304 4342 licitate
1339 4293 1497 4356 hujus
1532 4293 1859 4348 conditionis
1893 4298 1973 4347 vel
2011 4271 2264 4352 illicitate.
2301 4300 2570 4366 Quidquid
2604 4302 2675 4353 sit
2707 4302 2822 4354 haec
2850 4306 3087 4359 conditio

474 4354 597 4418 (nisi
630 4364 809 4405 rerum
843 4356 1098 4418 adjuncta
1133 4355 1288 4405 aliter
1313 4356 1596 4410 suadeant)
1631 4368 1739 4408 non
1774 4360 1854 4409 est
1885 4358 2193 4423 impediti-va
2224 4362 2478 4426 conjugii,
2503 4375 2601 4416 nec
2637 4364 2758 4417 ideo
2786 4369 2978 4419 contra
2993 4367 3086 4419 bo·

473 4427 576 4469 nos
610 4425 788 4468 mores
807 4428 824 4478 ;
858 4427 1034 4482 neque
1065 4417 1209 4469 enim
1238 4418 1416 4469 status
1448 4420 1847 4472 ecclesiasticus
1881 4432 1944 4471 ac
1975 4423 2256 4485 religiosus
2286 4434 2358 4475 ex
2394 4428 2585 4478 natura
2617 4437 2719 4478 sua
2770 4432 2853 4481 est
2903 4430 2958 4480 in
2991 4441 3086 4482 nu·

473 4479 708 4542 ptiarum
740 4477 953 4542 odium3
989 4489 1115 4529 cum
1144 4477 1347 4551 directe
1380 4483 1595 4534 nonnisi
1632 4484 1920 4546 perlection
2073 4543 2074 4546 Ἴ
2109 4486 2472 4540 cellentiorem
2505 4489 2767 4541 intendat.

537 4548 564 4588 s
594 4542 720 4593 lure
754 4540 931 4592 tamen
967 4551 1232 4591 canonico
1264 4542 1503 4596 conditio
1536 4545 1817 4596 servandas
1849 4544 1978 4597 vidu
2081 4547 2125 4598 is
2156 4548 2474 4611 sustinetur,
2545 4552 2636 4601 uia
2670 4551 2960 4606 honestum
3007 4556 3089 4607 est

478 4613 511 4652 a
558 4599 809 4660 secundis
838 4602 1040 4675 nuptiis
1073 4601 1359 4657 abstinere.
1390 4631 1457 4644 —
1495 4606 1551 4658 V.
1587 4607 1643 4657 Li
1717 4607 1822 4668 ori,
1856 4607 1945 4669 Op.
1984 4609 2141 4668 Hor„
2174 4609 2209 4660 l.
2247 4624 2323 4673 m,
2359 4624 2410 4663 n.
2442 4615 2505 4666 93
2540 4649 2555 4675 ,
2591 4612 2720 4664 dub.
2754 4617 2803 4667 7.

535 4664 560 4705 ⁸
635 4663 688 4716 V.
723 4663 957 4727 Liguon,
990 4662 1081 4727 Op.
1111 4666 1271 4730 Mor„
1298 4666 1338 4720 Ι.
1372 4678 1449 4730 ιιι,
1482 4679 1581 4720 nn.
1614 4673 1644 4720 9
1678 4672 1709 4721 2
1741 4671 1795 4721 et
1823 4679 1973 4733 seqq.
2005 4695 2072 4709 —
2101 4671 2369 4737 Ferraris;
2395 4675 2456 4727 V.
2493 4677 2890 4739 Testamentum,
2914 4679 3015 4731 ast.
3035 4680 3085 4731 3.
