3292 5167
404 220 534 286 462
1122 235 1238 281 un.
1286 235 1350 281 u.
1398 235 1609 281 rnnc‘r.
1660 234 1760 279 vu.
1812 231 1965 280 nisi».
2015 235 2055 280 ι.
2105 234 2235 281 cm».
2286 233 2363 280 1.·
2444 214 2453 223 ”

289 322 294 327 ’
403 341 644 412 debitis
681 360 760 410 ex
795 340 988 409 titulo
1024 339 1332 426 gratuito,
1382 359 1438 407 v.
1489 357 1571 425 g.‚
1612 357 1692 407 ex
1726 336 2104 422 donatione,
2143 344 2218 406 ut
2252 338 2707 408 communiter=
2726 337 2997 420 docent,

403 449 658 519 etiamsi
709 449 852 518 haec
900 449 1067 517 facta
1115 450 1201 515 sit
1248 448 1329 515 ab
1379 465 1482 530 eo,
1532 448 1642 532 qui
1694 446 1958 531 quando
1997 446 2284 536 donavit,
2324 447 2537 534 impar
2569 466 2701 515 non
2738 454 2879 515 erat
2915 433 3023 514 ad‘

403 557 715 627 solvenda
765 556 1024 637 debita;
1075 573 1224 623 nam
1273 556 1339 623 in
1391 555 1568 623 omni
1622 554 2069 641 promissione
2108 550 2387 640 gratuita
2425 556 2568 624 haec
2605 572 2871 640 semper
2901 555 3001 623 in-

403 663 693 735 cluditur
740 663 1032 733 conditio
1077 663 1434 750 generalis:
1484 663 1541 729 si
1583 663 1815 749 fortius
1846 663 2165 731 vinculum
2195 654 2324 730 nori
2356 662 2511 730 obsit
2549 665 2596 730 ¹.
2639 665 2755 731 Est
2795 662 2996 730 etiam

405 774 695 842 axioma:
744 793 921 841 nemo
971 772 1261 855 liberalis,
1307 772 1435 839 nisi
1481 773 1792 839 liberatus.
1845 773 2011 839 Hinc
2057 770 2278 840 debita
2326 770 2615 840 defuncti
2685 769 2997 839 solvenda

405 882 578 949 sunt'
610 887 760 947 ante
809 880 1030 946 omnia
1076 886 1226 946 vota
1277 884 1342 946 et
1394 878 1603 961 legata
1653 879 1853 946 etiam
1925 879 2049 965 pia.
2098 914 2189 927 -
2235 877 2305 964 3)
2355 877 2437 945 Si'
2471 877 2736 946 debitor
2778 875 3001 945 omni-

403 988 530 1056 bus
580 987 1019 1056 creditoribus
1055 986 1433 1081 satisfacere
1471 994 1712 1071 potest,
1752 986 1976 1053 nullus
2014 986 2180 1054 ordo
2216 987 2595 1055 necessario
2637 985 2996 1055 servandus

407 1103 528 1177 est,
583 1103 653 1161 ut
703 1102 900 1181 patet,
956 1093 1150 1161 modo
1202 1112 1324 1161 suo
1376 1102 1676 1179 tempore
1736 1094 2048 1162 omnibus
2105 1094 2337 1161 solvat.
2389 1094 2454 1161 Si
2511 1112 2664 1163 vero
2715 1099 3000 1179 nequeat
3066 1088 3081 1097 '

409 1203 719 1271 omnibus
760 1202 1157 1281 satisfacere,
1192 1208 1351 1269 tunc
1383 1201 1751 1289 creditores
1779 1219 1819 1266 ·a
1856 1200 2300 1270 creditoribus
2337 1210 2493 1270 sunt
2525 1198 2997 1285 distinguendi,

409 1327 694 1397 quorum
744 1309 848 1376 alii
901 1314 1055 1375 sunt
1098 1309 1483 1394 privileqiati
1533 1308 1643 1394 qui
1696 1327 1773 1376 ex
1826 1308 1990 1394 legis
2040 1309 2249 1377 civilis
2309 1308 2652 1395 privilegio
2714 1310 2824 1394 jus
2882 1308 3000 1375 ha—

408 1418 568 1486 bent
616 1416 912 1484 debitum
960 1432 1155 1482 suum
1205 1422 1356 1483 ante
1390 1416 1554 1484 alios
1588 1415 1969 1501 repetendi;
2020 1417 2125 1484 alii
2166 1417 2609 1505 hypothecarii,
2651 1416 2760 1500 qui
2808 1414 2999 1483 titulo

412 1522 925 1592 assecurationis
974 1523 1057 1589 in·
1093 1522 1284 1588 bonis
1333 1521 1713 1590 debitorum
1764 1523 2072 1604 fundatae,
2115 1524 2226 1610 jus
2291 1524 2535 1590 habent
2596 1522 3001 1603 solutionem

412 1631 751 1702 obtinendi
804 1636 956 1716 post
1006 1629 1449 1714 privilegiatos
1466 1657 1484 1713 3
1535 1618 1640 1698 alii
1714 1651 2067 1698 communes
2114 1639 2178 1699 et
2225 1632 2579 1717 simplices,
2631 1631 2741 1715 qui
2816 1629 2997 1697 nullo

421 1740 762 1827 privilegio
811 1740 910 1807 vel
959 1738 1750 1825 hypothecaeprivilegio
1800 1739 2106 1825 gaudent.
2160 1742 2319 1820 Quae
2371 1738 2709 1806 distinctio
2747 1737 3001 1806 obtinet

412 1846 608 1915 etiam
658 1847 722 1911 in
775 1844 1172 1912 conscientia
1222 1863 1369 1913 cum
1420 1844 1505 1912 sit
1553 1845 1618 1912 in
1673 1849 1921 1913 bonum
1972 1863 2344 1927 commune,
2397 1850 2469 1911 ut
2518 1844 2692 1911 aits.
2733 1842 3001 1911 Antoni-

412 1972 537 2021 nus
587 1970 737 2020 cum
787 1951 1140 2036 Theologis
1189 1952 1566 2020 universim.
1619 1957 1757 2021 Hoc
1807 1954 2061 2040 posito:

505 2063 571 2128 R.
627 2062 688 2126 2.
738 2062 904 2127 Ante
954 2060 1173 2126 omnia
1209 2059 1272 2126 in
1307 2061 1710 2129 conscientia
1764 2061 2076 2129 solvenda
2116 2067 2270 2127 sunt
2311 2059 2532 2128 debita
2569 2059 3003 2146 privilegiata,

416 2168 538 2236 etsi
591 2168 733 2236 aliis
783 2167 1022 2235 debitis
1072 2168 1203 2235 sint
1253 2176 1553 2255 tempore
1604 2170 2010 2256 posteriora3
2060 2170 2147 2236 ita
2191 2168 2342 2254 jure
2391 2175 2712 2235 statutum
2764 2174 2885 2235 est.
2936 2166 3002 2233 Si

416 2294 614 2361 porro
665 2275 893 2344 eadem
945 2283 1046 2343 est
1095 2276 1263 2344 ratio
1317 2276 1658 2362 privilegii,
1699 2276 1927 2344 eadem
1976 2283 2078 2344 est
2126 2275 2294 2345 ratio
2336 2293 2703 2343 concursus
2737 2272 2787 2356 ²,
2820 2275 3005 2360 juxta

414 2400 791 2449 mensuram
841 2380 1043 2450 debiti
1098 2377 1163 2465 ³3
1214 2400 1408 2451 secus
1460 2382 1758 2452 videatur
1823 2401 1953 2452 non
2005 2391 2294 2468 tempus,
2355 2382 2469 2451 sed
2509 2377 3007 2467 privilegiorum

416 2489 717 2574 qualitas.
765 2490 1022 2556 Etenim
1076 2490 1412 2576 privilegia
1472 2492 1591 2557 alia
1646 2492 2008 2560 constituta
2059 2498 2215 2558 sunt
2263 2491 2327 2556 in
2380 2490 2690 2557 omnibus
2742 2488 3006 2556 mobili-

413 2596 559 2678 bus
612 2596 696 2663 ita
748 2602 820 2662 ut
866 2595 948 2664 de
990 2597 1069 2663 iis
1121 2584 1432 2667 omnibus
1487 2599 1619 2684 peti
1673 2598 1883 2683 possit
1932 2597 2216 2665 solutio:
2294 2598 2462 2664 tales
2512 2602 2669 2664 sunt
2711 2596 3012 2682 impensae

403 2704 735 2792 judiciales
805 2713 872 2771 et
922 2707 1186 2791 funeris,
1232 2707 1539 2792 stipendia
1606 2707 2006 2789 medicorum,
2053 2707 2466 2791 famulorum,
2515 2702 3011 2770 subministratio

412 2812 850 2879 alimentorum
882 2833 923 2877 α
953 2833 1068 2879 seoe
1098 2814 1336 2880 ultimis
1381 2815 1710 2896 mensibus,
1759 2821 1884 2882 etc.
1920 2812 2056 2881 Alia
2116 2813 2613 2881 constituuntur
2639 2810 2701 2877 in
2731 2809 3012 2896 quibus-

414 2919 560 2986 dam
612 2919 969 2988 mobilibus
1024 2927 1300 2988 tantum.
1358 2922 1520 2988 ltom
1562 2921 1683 2988 alia
1721 2920 1782 2988 in
1820 2920 2297 2989 immobilibus.
2349 2920 2486 2987 Alia
2531 2918 2594 2986 in
2632 2918 2825 2986 bonis
2866 2924 3008 2985 tum

417 3026 778 3095 mobilibus
826 3035 967 3096 tum
1016 3028 1489 3111 immobilibuS,
1524 3029 1727 3123 idest
1760 3029 1824 3096 in
1862 3028 2234 3096 universam
2284 3026 2746 3109 substantiam,
2804 3028 2891 3092 ita
2938 3029 3013 3093 ut

416 3135 498 3202 de
545 3135 850 3203 universa
900 3135 1268 3203 substantia
1318 3135 1564 3203 solutio
1617 3135 1747 3222 peti
1793 3135 2194 3222 Judicialiter
2240 3134 2472 3222 possit.

505 3242 812 3309 Secundo
862 3241 1010 3311 loco
1062 3242 1560 3311 solvendi-sunt
1609 3244 1973 3312 creditores
2023 3243 2499 3330 hypothecarii‚
2551 3249 2810 3310 servato
2849 3249 3010 3308 tem-

420 3351 601 3433 poris
651 3349 905 3431 ordine,
959 3368 1195 3435 nempe
1244 3350 1367 3436 qui
1406 3350 1619 3436 primo
1669 3351 1971 3438 inscripti
2024 3360 2178 3418 sunt
2226 3353 2291 3417 in
2342 3349 2559 3418 officio
2611 3347 3010 3435 hypotheca-

417 3473 599 3535 rum3
652 3456 755 3523 hic
805 3458 977 3524 enim
1026 3460 1134 3541 qui
1175 3459 1357 3545 prior
1401 3470 1488 3525 est
1534 3472 1823 3544 tempore,
1864 3460 2075 3546 potior
2120 3471 2207 3526 est
2240 3460 2388 3545 jure
2435 3463 2487 3550 ⁴„

465 3614 468 3617 ,
510 3561 732 3628 Tertio
784 3556 1273 3630 loco'solvendi
1326 3570 1480 3632 sunt
1528 3563 1894 3632 creditores
1939 3581 2351 3645 communes,
2404 3560 2763 3630 dividendo
2836 3561 3008 3627 bona

419 3668 591 3737 inter
638 3668 785 3735 illos
823 3669 1011 3754 juxta
1059 3668 1435 3738 debitorum
1486 3670 2030 3756 proportionem3
2082 3689 2229 3738 nam
2283 3689 2433 3739 cum
2481 3669 2745 3738 debitor
2794 3665 3017 3736 omni-·

416 3776 541 3844 bus
590 3776 938 3861 aequaliter
982 3776 1067 3844 sit
1119 3777 1501 3858 obstrictuS,
1553 3776 1856 3861 iniquum
1901 3778 2070 3845 foret
2118 3777 2337 3844 omnia
2389 3777 2497 3843 uni
2550 3776 2827 3856 solvere,
2869 3771 3010 3839 aliis

417 3884 835 3971 posthabitis.
893 3884 1097 3970 quue
1149 3885 1558 3971 probabilius
1610 3892 1791 3953 tenet
1839 3885 1961 3953 etsi
1999 3884 2215 3954 debita
2251 3886 2376 3952 alia
2409 3882 2719 3953 solvenda
2755 3883 2887 3950 sint
2925 3897 3006 3948 ex

473 4060 495 4099 1
529 4061 693 4112 Aliter
723 4063 862 4113 esset
894 4067 937 4114 sl
972 4060 1191 4115 donatio
1219 4063 1329 4126 jam
1365 4064 1434 4116 sit
1454 4065 1846 4122 consummata,
1875 4062 1928 4113 et
1953 4072 2037 4112 res
2059 4061 2342 4113 donatario
2366 4059 2561 4134 tradita.
2587 4060 2690 4122 sit;
2728 4060 2856 4110 tunc
2882 4067 2999 4108 con·

411 4125 611 4174 tractus
645 4126 832 4175 firmus
865 4125 943 4176 est
976 4136 1038 4175 ac
1064 4124 1289 4187 stabilis,
1324 4132 1377 4178 at
1421 4138 1483 4177 ue
1516 4127 1569 4177 iu
1603 4124 1908 4176 absolutum
1943 4122 2242 4175 dominium
2278 4122 2544 4174 donatarii
2582 4118 2908 4180 resotranslt.

474 4184 499 4225 ²
534 4205 554 4228 ‹
597 4190 672 4238 Un
711 4188 913 4238 medico
946 4187 1077 4239 curo
1111 4199 1182 4238 un
1218 4201 1398 4240 amma
1421 4191 1527 4248 ato,
1563 4202 1592 4239 e
1626 4189 1661 4239 il
1694 4188 2001 4240 farmacista
2051 4188 2185 4239 torni
2235 4187 2250 4237 l
2315 4185 2532 4246 rimedi3
2587 4195 2618 4235 a
2663 4186 2918 4233 ciascuno
2968 4180 3017 4232 si

411 4245 585 4298 denno
620 4251 713 4301 100
740 4249 965 4300 trancbi.
1011 4249 1094 4310 Se,
1133 4251 1375 4314 pagando
1413 4251 1459 4301 le
1494 4263 1646 4314 spese
1696 4250 1750 4301 di
1804 4250 2046 4314 giustizia
2093 4263 2121 4301 e
2154 4248 2437 4300 funerarie.
2491 4258 2598 4298 non
2653 4247 2867 4297 restano
2923 4243 3020 4294 cbo

411 4307 618 4383 franchi
653 4313 761 4369 ¹00,
799 4312 832 4361 il
865 4310 1068 4363 medico
1098 4325 1208 4363 non
1242 4314 1363 4365 sara
1399 4313 1659 4365 collocato
1695 4313 1864 4376 prima.
1900 4313 1987 4364 del
2021 4312 2349 4371 terniacista,
2386 4310 2453 4360 ne
2485 4309 2659 4373 questi
2719 4308 2892 4372 prima
2934 4305 3022 4357 del

412 4371 651 4434 medico;
688 4373 827 4424 onde
860 4384 1126 4424 verr-anno
1162 4387 1256 4437 per
1286 4376 1597 4427 contributo
1633 4375 1942 4438 prendendo
1975 4379 2040 4427 50
2071 4375 2279 4426 irancbi
2316 4386 2345 4423 c
2382 4371 2582 4423 dauno.
2621 4389 2640 4411 -

473 4433 498 4473 ⁸
526 4453 545 4478 e
572 4436 670 4487 Per
690 4438 929 4498 esempio:
954 4448 1012 4488 se
1033 4449 1064 4487 a
1089 4437 1236 4488 Tizto
1267 4449 1405 4489 sono
1440 4437 1636 4489 dovute
1669 4439 1763 4488 lire
1791 4437 1940 4498 3,000
1966 4448 1995 4487 e
2019 4448 2051 4486 a
2082 4436 2211 4499 Caio
2233 4441 2281 4495 2,
2388 4472 2399 4484 .
2423 4444 2480 4484 se
2502 4444 2640 4485 sono
2663 4430 2822 4484 debiti
2948 4430 3019 4481 ai-

410 4499 584 4549 mente
619 4497 951 4560 privilegiati,
986 4512 1016 4550 e
1049 4509 1155 4549 non
1191 4499 1244 4551 vi
1277 4501 1482 4552 tossero
1515 4500 1613 4552 che
1646 4500 1743 4551 lire
1774 4502 1888 4561 500,
1924 4500 1959 4550 il
1994 4500 2164 4562 primo
2201 4495 2538 4551 riceverebbe
2577 4497 2677 4546 lire
2726 4496 2840 4554 300,
2917 4493 3019 4544 ’al-

411 4560 493 4609 tro
523 4561 635 4611 200.
672 4561 788 4613 cod.
822 4562 931 4622 civ„
952 4563 1053 4612 art.
1087 4564 1230 4613 19:52.
1262 4588 1325 4600 —
1361 4563 1412 4613 C.
1449 4562 1512 4613 Α.
1545 4564 1641 4623 00;
1678 4587 1741 4599 -
1776 4562 1829 4613 G.
1870 4561 1930 4613 G.
1964 4562 2124 4623 20933
2158 4585 2221 4598 -
2249 4560 2303 4612 G.
2345 4558 2396 4610 S.
2430 4561 2582 4622 {9833
2618 4583 2683 4596 -
2705 4557 2760 4609 C.
2784 4556 2844 4607 P.
2875 4556 3018 4616 ΜΕ

409 4645 470 4658 -
507 4621 557 4674 C.
592 4621 652 4673 R.
686 4626 778 4684 603
810 4648 872 4660 —
909 4625 962 4676 C.
1000 4624 1070 4673 Μ.
1108 4624 1266 4685 21143
1299 4650 1364 4663 -
1400 4625 1455 4675 G.
1496 4627 1551 4676 T.
1589 4626 1732 4677 117¹.
2548 4642 2562 4659 ι

472 4682 495 4724 ⁴
531 4685 598 4735 De
630 4685 910 4747 hypotheca
940 4685 1063 4736 vide
1095 4697 1263 4749 supra
1299 4699 1351 4737 n.
1391 4687 1503 4738 t33.
