<?xml version="1.0" encoding="UTF-8"?>
<!DOCTYPE html PUBLIC "-//W3C//DTD XHTML 1.0 Transitional//EN"
    "http://www.w3.org/TR/xhtml1/DTD/xhtml1-transitional.dtd">
<html xmlns="http://www.w3.org/1999/xhtml" xml:lang="en" lang="en">
 <head>
  <title>
</title>
<meta http-equiv="Content-Type" content="text/html;charset=utf-8" />
  <meta name='ocr-system' content='tesseract 3.04.00' />
  <meta name='ocr-capabilities' content='ocr_page ocr_carea ocr_par ocr_line ocrx_word'/>
</head>
<body>
  <div class='ocr_page' id='page_1' title='image "./theologiamorali04scavgoog_0656.png"; bbox 0 0 3292 5167; ppageno 0'>
   <div class='ocr_carea' id='block_1_1' title="bbox 537 190 2460 258">
    <p class='ocr_par' dir='ltr' id='par_1_1' title="bbox 537 190 2460 258">
     <span class='ocr_line' id='line_1_1' title="bbox 537 190 2460 258; baseline 0 -2"><span class='ocrx_word' id='word_1_1' title='bbox 537 190 680 257; x_wconf 72' lang='lat'>646</span> <span class='ocrx_word' id='word_1_2' title='bbox 1208 207 1322 256; x_wconf 79' lang='lat' dir='ltr'>un.</span> <span class='ocrx_word' id='word_1_3' title='bbox 1372 208 1434 256; x_wconf 87' lang='lat' dir='ltr'>n.</span> <span class='ocrx_word' id='word_1_4' title='bbox 1484 210 1696 257; x_wconf 71' lang='lat' dir='ltr'>rnAcr.</span> <span class='ocrx_word' id='word_1_5' title='bbox 1746 207 1869 256; x_wconf 81' lang='lat' dir='ltr'>vlu.</span> <span class='ocrx_word' id='word_1_6' title='bbox 1920 212 2069 258; x_wconf 68' lang='lat' dir='ltr'>nisi».</span> <span class='ocrx_word' id='word_1_7' title='bbox 2117 213 2159 258; x_wconf 90' lang='lat'>1.</span> <span class='ocrx_word' id='word_1_8' title='bbox 2201 212 2331 258; x_wconf 61' lang='lat' dir='ltr'>car.</span> <span class='ocrx_word' id='word_1_9' title='bbox 2379 213 2460 257; x_wconf 79' lang='lat' dir='ltr'>iv.</span> 
     </span>
    </p>
   </div>
   <div class='ocr_carea' id='block_1_2' title="bbox 529 313 3126 401">
    <p class='ocr_par' dir='ltr' id='par_1_2' title="bbox 529 313 3126 401">
     <span class='ocr_line' id='line_1_2' title="bbox 529 313 3126 401; baseline 0.002 -21"><span class='ocrx_word' id='word_1_10' title='bbox 529 320 820 401; x_wconf 82' lang='lat' dir='ltr'>praestat</span> <span class='ocrx_word' id='word_1_11' title='bbox 867 313 1062 382; x_wconf 90' lang='lat' dir='ltr'>etiam</span> <span class='ocrx_word' id='word_1_12' title='bbox 1101 331 1478 399; x_wconf 84' lang='lat' dir='ltr'>provocare,</span> <span class='ocrx_word' id='word_1_13' title='bbox 1510 313 1564 381; x_wconf 90' lang='lat' dir='ltr'>si</span> <span class='ocrx_word' id='word_1_14' title='bbox 1601 314 2049 383; x_wconf 88' lang='lat' dir='ltr'>necessarium</span> <span class='ocrx_word' id='word_1_15' title='bbox 2097 314 2184 383; x_wconf 86' lang='lat' dir='ltr'>sit</span> <span class='ocrx_word' id='word_1_16' title='bbox 2231 315 2312 382; x_wconf 89' lang='lat' dir='ltr'>ad</span> <span class='ocrx_word' id='word_1_17' title='bbox 2362 313 2842 384; x_wconf 84' lang='lat' dir='ltr'>retundendam</span> <span class='ocrx_word' id='word_1_18' title='bbox 2894 315 3126 401; x_wconf 79' lang='lat' dir='ltr'>praedi·</span> 
     </span>
    </p>
   </div>
   <div class='ocr_carea' id='block_1_3' title="bbox 538 420 3127 2011">
    <p class='ocr_par' dir='ltr' id='par_1_3' title="bbox 543 420 3057 507">
     <span class='ocr_line' id='line_1_3' title="bbox 543 420 3057 507; baseline -0 -17"><span class='ocrx_word' id='word_1_19' title='bbox 543 420 836 490; x_wconf 89' lang='lat' dir='ltr'>cantium</span> <span class='ocrx_word' id='word_1_20' title='bbox 886 420 1334 507; x_wconf 81' lang='lat' dir='ltr'><strong>petulantiam.</strong></span> <span class='ocrx_word' id='word_1_21' title='bbox 3050 484 3057 489; x_wconf 88' lang='lat'><strong>.</strong></span> 
     </span>
    </p>

    <p class='ocr_par' dir='ltr' id='par_1_4' title="bbox 538 527 3126 1239">
     <span class='ocr_line' id='line_1_4' title="bbox 718 527 3122 615; baseline 0.002 -20"><span class='ocrx_word' id='word_1_22' title='bbox 718 531 778 596; x_wconf 79' lang='lat'>2.</span> <span class='ocrx_word' id='word_1_23' title='bbox 828 527 897 595; x_wconf 90' lang='lat' dir='ltr'>Si</span> <span class='ocrx_word' id='word_1_24' title='bbox 945 528 1304 614; x_wconf 87' lang='lat' dir='ltr'>prudenter</span> <span class='ocrx_word' id='word_1_25' title='bbox 1340 528 1593 615; x_wconf 77' lang='lat' dir='ltr'>Judicet</span> <span class='ocrx_word' id='word_1_26' title='bbox 1641 529 2032 598; x_wconf 82' lang='lat' dir='ltr'>haereticum</span> <span class='ocrx_word' id='word_1_27' title='bbox 2071 547 2439 615; x_wconf 87' lang='lat' dir='ltr'>provocare</span> <span class='ocrx_word' id='word_1_28' title='bbox 2482 529 2565 597; x_wconf 83' lang='lat' dir='ltr'>ad</span> <span class='ocrx_word' id='word_1_29' title='bbox 2603 528 3122 615; x_wconf 87' lang='lat' dir='ltr'>disputationem</span> 
     </span>
     <span class='ocr_line' id='line_1_5' title="bbox 544 632 3126 722; baseline 0.001 -22"><span class='ocrx_word' id='word_1_30' title='bbox 544 632 873 702; x_wconf 88' lang='lat' dir='ltr'>desiderio</span> <span class='ocrx_word' id='word_1_31' title='bbox 921 634 1404 719; x_wconf 75' lang='lat' dir='ltr'>cognoscendae</span> <span class='ocrx_word' id='word_1_32' title='bbox 1457 634 1771 704; x_wconf 80' lang='lat' dir='ltr'>veritatis,</span> <span class='ocrx_word' id='word_1_33' title='bbox 1821 637 2029 705; x_wconf 92' lang='lat' dir='ltr'>Secus</span> <span class='ocrx_word' id='word_1_34' title='bbox 2080 634 2354 705; x_wconf 79' lang='lat' dir='ltr'>dicente</span> <span class='ocrx_word' id='word_1_35' title='bbox 2402 656 2452 704; x_wconf 80' lang='lat' dir='ltr'>s,</span> <span class='ocrx_word' id='word_1_36' title='bbox 2503 636 2830 722; x_wconf 86' lang='lat' dir='ltr'>Cypriano</span> <span class='ocrx_word' id='word_1_37' title='bbox 2909 634 3126 721; x_wconf 88' lang='lat' dir='ltr'>(epist.</span> 
     </span>
     <span class='ocr_line' id='line_1_6' title="bbox 542 741 3121 831; baseline 0.001 -23"><span class='ocrx_word' id='word_1_38' title='bbox 542 741 622 808; x_wconf 91' lang='lat' dir='ltr'>ad</span> <span class='ocrx_word' id='word_1_39' title='bbox 655 742 1120 829; x_wconf 67' lang='lat' dir='ltr'>Demetrium:</span> <span class='ocrx_word' id='word_1_40' title='bbox 1159 744 1384 811; x_wconf 78' lang='lat' dir='ltr'>Melius</span> <span class='ocrx_word' id='word_1_41' title='bbox 1445 745 1880 812; x_wconf 75' lang='lat' dir='ltr'>existimamus</span> <span class='ocrx_word' id='word_1_42' title='bbox 1917 745 2191 812; x_wconf 82' lang='lat' dir='ltr'>errantis</span> <span class='ocrx_word' id='word_1_43' title='bbox 2230 744 2617 831; x_wconf 76' lang='lat' dir='ltr'><strong><em>imperitiam</em></strong></span> <span class='ocrx_word' id='word_1_44' title='bbox 2660 745 2908 811; x_wconf 80' lang='lat' dir='ltr'>sileruio</span> <span class='ocrx_word' id='word_1_45' title='bbox 2951 764 3121 831; x_wconf 74' lang='lat' dir='ltr'>sper-</span> 
     </span>
     <span class='ocr_line' id='line_1_7' title="bbox 538 851 3119 938; baseline 0.001 -21"><span class='ocrx_word' id='word_1_46' title='bbox 538 869 705 931; x_wconf 83' lang='lat' dir='ltr'><strong><em>nere,</em></strong></span> <span class='ocrx_word' id='word_1_47' title='bbox 742 869 930 935; x_wconf 83' lang='lat' dir='ltr'>quam</span> <span class='ocrx_word' id='word_1_48' title='bbox 977 851 1271 935; x_wconf 78' lang='lat' dir='ltr'>loquendo</span> <span class='ocrx_word' id='word_1_49' title='bbox 1308 851 1602 918; x_wconf 77' lang='lat' dir='ltr'>dementis</span> <span class='ocrx_word' id='word_1_50' title='bbox 1655 852 1974 918; x_wconf 76' lang='lat' dir='ltr'>insaniam</span> <span class='ocrx_word' id='word_1_51' title='bbox 2011 871 2373 938; x_wconf 81' lang='lat' dir='ltr'>provocare.</span> <span class='ocrx_word' id='word_1_52' title='bbox 2426 852 2632 937; x_wconf 86' lang='lat' dir='ltr'>Hujus</span> <span class='ocrx_word' id='word_1_53' title='bbox 2697 861 2922 920; x_wconf 83' lang='lat' dir='ltr'>autem</span> <span class='ocrx_word' id='word_1_54' title='bbox 2978 851 3119 919; x_wconf 80' lang='lat' dir='ltr'>fur-</span> 
     </span>
     <span class='ocr_line' id='line_1_8' title="bbox 542 948 3123 1048; baseline 0.002 -27"><span class='ocrx_word' id='word_1_55' title='bbox 542 954 704 1022; x_wconf 83' lang='lat' dir='ltr'>furis</span> <span class='ocrx_word' id='word_1_56' title='bbox 773 963 928 1023; x_wconf 91' lang='lat' dir='ltr'>sunt</span> <span class='ocrx_word' id='word_1_57' title='bbox 976 955 1274 1024; x_wconf 81' lang='lat' dir='ltr'>hodierni</span> <span class='ocrx_word' id='word_1_58' title='bbox 1323 964 1680 1043; x_wconf 82' lang='lat' dir='ltr'>apostatae3</span> <span class='ocrx_word' id='word_1_59' title='bbox 1729 957 2001 1048; x_wconf 15' lang='lat' dir='ltr'>facilius,</span> <span class='ocrx_word' id='word_1_60' title='bbox 2035 959 2212 1026; x_wconf 89' lang='lat' dir='ltr'>enim</span> <span class='ocrx_word' id='word_1_61' title='bbox 2260 966 2361 1027; x_wconf 89' lang='lat' dir='ltr'>est</span> <span class='ocrx_word' id='word_1_62' title='bbox 2394 948 2468 1026; x_wconf 75' lang='lat' dir='ltr'>a&#39;c</span> <span class='ocrx_word' id='word_1_63' title='bbox 2502 958 2710 1026; x_wconf 80' lang='lat' dir='ltr'>levius</span> <span class='ocrx_word' id='word_1_64' title='bbox 2753 957 3123 1027; x_wconf 80' lang='lat' dir='ltr'>turbulenti</span> 
     </span>
     <span class='ocr_line' id='line_1_9' title="bbox 539 1056 3118 1152; baseline 0.002 -22"><span class='ocrx_word' id='word_1_65' title='bbox 539 1063 741 1131; x_wconf 86' lang='lat' dir='ltr'>maris</span> <span class='ocrx_word' id='word_1_66' title='bbox 801 1056 1098 1132; x_wconf 77' lang='lat' dir='ltr'>concitos</span> <span class='ocrx_word' id='word_1_67' title='bbox 1146 1066 1385 1133; x_wconf 88' lang='lat' dir='ltr'>fluctus</span> <span class='ocrx_word' id='word_1_68' title='bbox 1434 1065 1807 1149; x_wconf 89' lang='lat' dir='ltr'>retundere,</span> <span class='ocrx_word' id='word_1_69' title='bbox 1857 1083 2054 1152; x_wconf 86' lang='lat' dir='ltr'>quam</span> <span class='ocrx_word' id='word_1_70' title='bbox 2103 1068 2383 1135; x_wconf 91' lang='lat' dir='ltr'>istorum</span> <span class='ocrx_word' id='word_1_71' title='bbox 2433 1067 2686 1136; x_wconf 83' lang='lat' dir='ltr'>rabiem</span> <span class='ocrx_word' id='word_1_72' title='bbox 2723 1066 3118 1152; x_wconf 86' lang='lat' dir='ltr'>disputatio-</span> 
     </span>
     <span class='ocr_line' id='line_1_10' title="bbox 543 1170 1117 1239; baseline 0.002 -2"><span class='ocrx_word' id='word_1_73' title='bbox 543 1170 739 1239; x_wconf 86' lang='lat' dir='ltr'>nibus</span> <span class='ocrx_word' id='word_1_74' title='bbox 789 1189 1117 1239; x_wconf 87' lang='lat' dir='ltr'>coercere.</span> 
     </span>
    </p>

    <p class='ocr_par' dir='ltr' id='par_1_5' title="bbox 543 1277 3127 1580">
     <span class='ocr_line' id='line_1_11' title="bbox 721 1277 3127 1366; baseline 0.002 -22"><span class='ocrx_word' id='word_1_75' title='bbox 721 1278 779 1345; x_wconf 89' lang='lat'>3.</span> <span class='ocrx_word' id='word_1_76' title='bbox 820 1278 886 1344; x_wconf 89' lang='lat' dir='ltr'>Si</span> <span class='ocrx_word' id='word_1_77' title='bbox 923 1296 1072 1345; x_wconf 92' lang='lat' dir='ltr'>cum</span> <span class='ocrx_word' id='word_1_78' title='bbox 1105 1277 1532 1346; x_wconf 84' lang='lat' dir='ltr'>fundamento</span> <span class='ocrx_word' id='word_1_79' title='bbox 1566 1286 1877 1364; x_wconf 87' lang='lat' dir='ltr'>speretur</span> <span class='ocrx_word' id='word_1_80' title='bbox 1907 1279 2160 1349; x_wconf 82' lang='lat' dir='ltr'>fructus</span> <span class='ocrx_word' id='word_1_81' title='bbox 2197 1280 2435 1366; x_wconf 83' lang='lat' dir='ltr'>aliquis</span> <span class='ocrx_word' id='word_1_82' title='bbox 2470 1282 2566 1348; x_wconf 85' lang='lat' dir='ltr'>vel</span> <span class='ocrx_word' id='word_1_83' title='bbox 2608 1280 2671 1347; x_wconf 90' lang='lat' dir='ltr'>in</span> <span class='ocrx_word' id='word_1_84' title='bbox 2725 1288 3127 1366; x_wconf 79' lang='lat' dir='ltr'>provocante</span> 
     </span>
     <span class='ocr_line' id='line_1_12' title="bbox 543 1381 3127 1473; baseline 0.004 -28"><span class='ocrx_word' id='word_1_85' title='bbox 543 1381 642 1450; x_wconf 87' lang='lat' dir='ltr'>vel</span> <span class='ocrx_word' id='word_1_86' title='bbox 689 1384 756 1449; x_wconf 92' lang='lat' dir='ltr'>in</span> <span class='ocrx_word' id='word_1_87' title='bbox 804 1383 1244 1466; x_wconf 81' lang='lat' dir='ltr'>audientibus,</span> <span class='ocrx_word' id='word_1_88' title='bbox 1293 1402 1348 1449; x_wconf 85' lang='lat' dir='ltr'>v.</span> <span class='ocrx_word' id='word_1_89' title='bbox 1399 1402 1482 1468; x_wconf 87' lang='lat' dir='ltr'>g.,</span> <span class='ocrx_word' id='word_1_90' title='bbox 1531 1384 1585 1452; x_wconf 90' lang='lat' dir='ltr'>si</span> <span class='ocrx_word' id='word_1_91' title='bbox 1635 1383 2091 1473; x_wconf 33' lang='lat' dir='ltr'>futurum-sit,</span> <span class='ocrx_word' id='word_1_92' title='bbox 2134 1395 2205 1454; x_wconf 92' lang='lat' dir='ltr'>ut</span> <span class='ocrx_word' id='word_1_93' title='bbox 2252 1387 2359 1454; x_wconf 87' lang='lat' dir='ltr'>alii</span> <span class='ocrx_word' id='word_1_94' title='bbox 2410 1387 2704 1455; x_wconf 85' lang='lat' dir='ltr'>haeretici</span> <span class='ocrx_word' id='word_1_95' title='bbox 2757 1388 2838 1456; x_wconf 89' lang='lat' dir='ltr'>ab</span> <span class='ocrx_word' id='word_1_96' title='bbox 2898 1406 3127 1456; x_wconf 85' lang='lat' dir='ltr'>errore</span> 
     </span>
     <span class='ocr_line' id='line_1_13' title="bbox 544 1490 2946 1580; baseline 0.002 -22"><span class='ocrx_word' id='word_1_97' title='bbox 544 1490 978 1573; x_wconf 79' lang='lat' dir='ltr'>excutiantur,</span> <span class='ocrx_word' id='word_1_98' title='bbox 1033 1492 1129 1559; x_wconf 88' lang='lat' dir='ltr'>vel</span> <span class='ocrx_word' id='word_1_99' title='bbox 1179 1491 1482 1559; x_wconf 84' lang='lat' dir='ltr'>catholici</span> <span class='ocrx_word' id='word_1_100' title='bbox 1526 1492 1592 1562; x_wconf 91' lang='lat' dir='ltr'>in</span> <span class='ocrx_word' id='word_1_101' title='bbox 1644 1492 1773 1562; x_wconf 88' lang='lat' dir='ltr'>fide</span> <span class='ocrx_word' id='word_1_102' title='bbox 1821 1493 2030 1580; x_wconf 85' lang='lat' dir='ltr'>magis</span> <span class='ocrx_word' id='word_1_103' title='bbox 2079 1511 2153 1563; x_wconf 86' lang='lat' dir='ltr'>ac</span> <span class='ocrx_word' id='word_1_104' title='bbox 2203 1494 2409 1579; x_wconf 86' lang='lat' dir='ltr'>magis</span> <span class='ocrx_word' id='word_1_105' title='bbox 2445 1495 2946 1564; x_wconf 84' lang='lat' dir='ltr'>confirmentur.</span> 
     </span>
    </p>

    <p class='ocr_par' dir='ltr' id='par_1_6' title="bbox 539 1598 3124 2011">
     <span class='ocr_line' id='line_1_14' title="bbox 720 1598 3124 1673; baseline 0.003 -8"><span class='ocrx_word' id='word_1_106' title='bbox 720 1601 780 1666; x_wconf 75' lang='lat'>4.</span> <span class='ocrx_word' id='word_1_107' title='bbox 832 1599 900 1665; x_wconf 90' lang='lat' dir='ltr'>Si</span> <span class='ocrx_word' id='word_1_108' title='bbox 948 1599 1034 1667; x_wconf 88' lang='lat' dir='ltr'>sit</span> <span class='ocrx_word' id='word_1_109' title='bbox 1084 1599 1363 1668; x_wconf 82' lang='lat' dir='ltr'>maxima</span> <span class='ocrx_word' id='word_1_110' title='bbox 1409 1598 1707 1668; x_wconf 88' lang='lat' dir='ltr'>doctrina</span> <span class='ocrx_word' id='word_1_111' title='bbox 1756 1600 2161 1670; x_wconf 89' lang='lat' dir='ltr'>instructus:</span> <span class='ocrx_word' id='word_1_112' title='bbox 2209 1621 2402 1670; x_wconf 90' lang='lat' dir='ltr'>secus</span> <span class='ocrx_word' id='word_1_113' title='bbox 2451 1603 2646 1671; x_wconf 81' lang='lat' dir='ltr'>bonae</span> <span class='ocrx_word' id='word_1_114' title='bbox 2716 1618 2936 1672; x_wconf 64' lang='lat' dir='ltr'>causae</span> <span class='ocrx_word' id='word_1_115' title='bbox 3001 1622 3124 1673; x_wconf 89' lang='lat' dir='ltr'>no·</span> 
     </span>
     <span class='ocr_line' id='line_1_15' title="bbox 543 1706 3123 1795; baseline 0.003 -22"><span class='ocrx_word' id='word_1_116' title='bbox 543 1713 740 1773; x_wconf 89' lang='lat' dir='ltr'>ceret.</span> <span class='ocrx_word' id='word_1_117' title='bbox 791 1707 956 1775; x_wconf 92' lang='lat' dir='ltr'>Hinc</span> <span class='ocrx_word' id='word_1_118' title='bbox 1004 1725 1124 1793; x_wconf 90' lang='lat' dir='ltr'>pro</span> <span class='ocrx_word' id='word_1_119' title='bbox 1178 1706 1360 1793; x_wconf 81' lang='lat' dir='ltr'>praxi</span> <span class='ocrx_word' id='word_1_120' title='bbox 1411 1708 1634 1795; x_wconf 83' lang='lat' dir='ltr'>potius</span> <span class='ocrx_word' id='word_1_121' title='bbox 1685 1725 1720 1775; x_wconf 88' lang='lat' dir='ltr'>a</span> <span class='ocrx_word' id='word_1_122' title='bbox 1766 1707 2219 1794; x_wconf 90' lang='lat' dir='ltr'>disputatione</span> <span class='ocrx_word' id='word_1_123' title='bbox 2266 1708 2754 1793; x_wconf 90' lang='lat' dir='ltr'>abstinendum,</span> <span class='ocrx_word' id='word_1_124' title='bbox 2805 1730 2957 1779; x_wconf 88' lang='lat' dir='ltr'>cum</span> <span class='ocrx_word' id='word_1_125' title='bbox 2994 1730 3123 1781; x_wconf 91' lang='lat' dir='ltr'>non</span> 
     </span>
     <span class='ocr_line' id='line_1_16' title="bbox 539 1813 3121 1889; baseline 0.003 -9"><span class='ocrx_word' id='word_1_126' title='bbox 539 1813 729 1881; x_wconf 71' lang='lat' dir='ltr'>facile</span> <span class='ocrx_word' id='word_1_127' title='bbox 777 1831 1007 1882; x_wconf 91' lang='lat' dir='ltr'>omnes</span> <span class='ocrx_word' id='word_1_128' title='bbox 1057 1814 1471 1882; x_wconf 88' lang='lat' dir='ltr'>conditiones</span> <span class='ocrx_word' id='word_1_129' title='bbox 1519 1814 1718 1881; x_wconf 91' lang='lat' dir='ltr'>simul</span> <span class='ocrx_word' id='word_1_130' title='bbox 1769 1833 2167 1885; x_wconf 89' lang='lat' dir='ltr'>concurrere</span> <span class='ocrx_word' id='word_1_131' title='bbox 2238 1816 2526 1889; x_wconf 89' lang='lat' dir='ltr'>valeant:</span> <span class='ocrx_word' id='word_1_132' title='bbox 2570 1824 2634 1884; x_wconf 93' lang='lat' dir='ltr'>et</span> <span class='ocrx_word' id='word_1_133' title='bbox 2702 1818 2854 1886; x_wconf 91' lang='lat' dir='ltr'>ideo</span> <span class='ocrx_word' id='word_1_134' title='bbox 2920 1819 3121 1887; x_wconf 87' lang='lat' dir='ltr'>etiam</span> 
     </span>
     <span class='ocr_line' id='line_1_17' title="bbox 540 1920 3076 2011; baseline 0.002 -23"><span class='ocrx_word' id='word_1_135' title='bbox 540 1925 662 2003; x_wconf 88' lang='lat' dir='ltr'>est,</span> <span class='ocrx_word' id='word_1_136' title='bbox 711 1921 889 2006; x_wconf 83' lang='lat' dir='ltr'>quod</span> <span class='ocrx_word' id='word_1_137' title='bbox 936 1920 1226 1989; x_wconf 85' lang='lat' dir='ltr'>Ecclesia</span> <span class='ocrx_word' id='word_1_138' title='bbox 1274 1921 1634 2008; x_wconf 85' lang='lat' dir='ltr'>generatim</span> <span class='ocrx_word' id='word_1_139' title='bbox 1685 1940 1917 2008; x_wconf 88' lang='lat' dir='ltr'>parum</span> <span class='ocrx_word' id='word_1_140' title='bbox 1965 1929 2137 1991; x_wconf 90' lang='lat' dir='ltr'>amat</span> <span class='ocrx_word' id='word_1_141' title='bbox 2172 1924 2333 1991; x_wconf 77' lang='lat' dir='ltr'>tales</span> <span class='ocrx_word' id='word_1_142' title='bbox 2368 1922 2854 2009; x_wconf 84' lang='lat' dir='ltr'>disputationes</span> <span class='ocrx_word' id='word_1_143' title='bbox 2892 1921 2914 1965; x_wconf 89' lang='lat'>¹</span> <span class='ocrx_word' id='word_1_144' title='bbox 2956 1927 3076 2011; x_wconf 84' lang='lat' dir='ltr'>(J).</span> 
     </span>
    </p>
   </div>
   <div class='ocr_carea' id='block_1_4' title="bbox 539 2043 3122 2529">
    <p class='ocr_par' dir='ltr' id='par_1_7' title="bbox 620 2043 2858 2128">
     <span class='ocr_line' id='line_1_18' title="bbox 620 2043 2858 2128; baseline 0.003 -24"><span class='ocrx_word' id='word_1_145' title='bbox 620 2043 822 2109; x_wconf 64' lang='lat'>9²8.</span> <span class='ocrx_word' id='word_1_146' title='bbox 866 2046 932 2119; x_wconf 90' lang='lat' dir='ltr'>Q.</span> <span class='ocrx_word' id='word_1_147' title='bbox 976 2047 1031 2108; x_wconf 83' lang='lat'>4.</span> <span class='ocrx_word' id='word_1_148' title='bbox 1084 2045 1377 2121; x_wconf 83' lang='lat' dir='ltr'>Quoenam</span> <span class='ocrx_word' id='word_1_149' title='bbox 1416 2053 1568 2109; x_wconf 79' lang='lat' dir='ltr'>sunt</span> <span class='ocrx_word' id='word_1_150' title='bbox 1608 2047 1837 2128; x_wconf 75' lang='lat' dir='ltr'>requloe</span> <span class='ocrx_word' id='word_1_151' title='bbox 1874 2065 1990 2128; x_wconf 79' lang='lat' dir='ltr'>pro</span> <span class='ocrx_word' id='word_1_152' title='bbox 2030 2047 2461 2128; x_wconf 67' lang='lat' dir='ltr'>dionosce&#39;ndis</span> <span class='ocrx_word' id='word_1_153' title='bbox 2503 2045 2858 2111; x_wconf 61' lang='lat' dir='ltr'>haereticis?</span> 
     </span>
    </p>

    <p class='ocr_par' dir='ltr' id='par_1_8' title="bbox 539 2123 3122 2529">
     <span class='ocr_line' id='line_1_19' title="bbox 619 2123 3118 2208; baseline 0.003 -22"><span class='ocrx_word' id='word_1_154' title='bbox 619 2123 688 2186; x_wconf 90' lang='lat' dir='ltr'>R.</span> <span class='ocrx_word' id='word_1_155' title='bbox 733 2125 794 2187; x_wconf 91' lang='lat' dir='ltr'>Si</span> <span class='ocrx_word' id='word_1_156' title='bbox 844 2143 1094 2206; x_wconf 83' lang='lat' dir='ltr'>semper</span> <span class='ocrx_word' id='word_1_157' title='bbox 1137 2127 1323 2190; x_wconf 87' lang='lat' dir='ltr'>valde</span> <span class='ocrx_word' id='word_1_158' title='bbox 1369 2127 1546 2190; x_wconf 89' lang='lat' dir='ltr'>utilis</span> <span class='ocrx_word' id='word_1_159' title='bbox 1591 2126 1713 2191; x_wconf 83' lang='lat' dir='ltr'>fuit</span> <span class='ocrx_word' id='word_1_160' title='bbox 1755 2145 1860 2191; x_wconf 87' lang='lat' dir='ltr'>ars</span> <span class='ocrx_word' id='word_1_161' title='bbox 1901 2128 2112 2208; x_wconf 84' lang='lat' dir='ltr'>aliqua</span> <span class='ocrx_word' id='word_1_162' title='bbox 2155 2146 2264 2208; x_wconf 90' lang='lat' dir='ltr'>pro</span> <span class='ocrx_word' id='word_1_163' title='bbox 2300 2129 2621 2191; x_wconf 65' lang='lat' dir='ltr'>haereticis</span> <span class='ocrx_word' id='word_1_164' title='bbox 2657 2128 3118 2207; x_wconf 81' lang='lat' dir='ltr'>dignoscendis</span> 
     </span>
     <span class='ocr_line' id='line_1_20' title="bbox 542 2206 3122 2283; baseline 0.003 -17"><span class='ocrx_word' id='word_1_165' title='bbox 542 2207 747 2283; x_wconf 84' lang='lat' dir='ltr'>iisque</span> <span class='ocrx_word' id='word_1_166' title='bbox 791 2206 1316 2271; x_wconf 73' lang='lat' dir='ltr'>discriminandis</span> <span class='ocrx_word' id='word_1_167' title='bbox 1357 2223 1398 2271; x_wconf 87' lang='lat' dir='ltr'>a.</span> <span class='ocrx_word' id='word_1_168' title='bbox 1436 2210 1606 2271; x_wconf 84' lang='lat' dir='ltr'>veris</span> <span class='ocrx_word' id='word_1_169' title='bbox 1647 2208 2000 2283; x_wconf 77' lang='lat' dir='ltr'>catholiciS‚</span> <span class='ocrx_word' id='word_1_170' title='bbox 2044 2211 2390 2272; x_wconf 87' lang='lat' dir='ltr'>utilissima</span> <span class='ocrx_word' id='word_1_171' title='bbox 2437 2218 2608 2271; x_wconf 89' lang='lat' dir='ltr'>certe</span> <span class='ocrx_word' id='word_1_172' title='bbox 2643 2219 2741 2271; x_wconf 87' lang='lat' dir='ltr'>est</span> <span class='ocrx_word' id='word_1_173' title='bbox 2771 2217 2969 2271; x_wconf 81' lang='lat' dir='ltr'>aetate</span> <span class='ocrx_word' id='word_1_174' title='bbox 3014 2226 3122 2273; x_wconf 90' lang='lat' dir='ltr'>no-</span> 
     </span>
     <span class='ocr_line' id='line_1_21' title="bbox 539 2289 3116 2368; baseline 0.002 -21"><span class='ocrx_word' id='word_1_175' title='bbox 539 2296 670 2348; x_wconf 84' lang='lat' dir='ltr'>stra</span> <span class='ocrx_word' id='word_1_176' title='bbox 714 2294 779 2348; x_wconf 89' lang='lat' dir='ltr'>et</span> <span class='ocrx_word' id='word_1_177' title='bbox 823 2304 1016 2366; x_wconf 89' lang='lat' dir='ltr'>penes</span> <span class='ocrx_word' id='word_1_178' title='bbox 1061 2305 1174 2350; x_wconf 91' lang='lat' dir='ltr'>nos</span> <span class='ocrx_word' id='word_1_179' title='bbox 1220 2290 1597 2368; x_wconf 63' lang='lat' dir='ltr'>praesertim,</span> <span class='ocrx_word' id='word_1_180' title='bbox 1637 2304 1779 2352; x_wconf 89' lang='lat' dir='ltr'>cum</span> <span class='ocrx_word' id='word_1_181' title='bbox 1817 2290 2114 2352; x_wconf 89' lang='lat' dir='ltr'>omnibus</span> <span class='ocrx_word' id='word_1_182' title='bbox 2171 2298 2565 2368; x_wconf 79' lang='lat' dir='ltr'>compertum</span> <span class='ocrx_word' id='word_1_183' title='bbox 2598 2293 2681 2351; x_wconf 88' lang='lat' dir='ltr'>sit</span> <span class='ocrx_word' id='word_1_184' title='bbox 2711 2289 3116 2368; x_wconf 78' lang='lat' dir='ltr'>quorundam</span> 
     </span>
     <span class='ocr_line' id='line_1_22' title="bbox 541 2367 3113 2450; baseline 0.003 -24"><span class='ocrx_word' id='word_1_185' title='bbox 541 2367 881 2444; x_wconf 87' lang='lat' dir='ltr'>impiorum</span> <span class='ocrx_word' id='word_1_186' title='bbox 927 2369 1267 2431; x_wconf 89' lang='lat' dir='ltr'>consilium</span> <span class='ocrx_word' id='word_1_187' title='bbox 1308 2369 1380 2431; x_wconf 82' lang='lat' dir='ltr'>de</span> <span class='ocrx_word' id='word_1_188' title='bbox 1423 2368 1608 2432; x_wconf 78' lang='lat' dir='ltr'>Italis</span> <span class='ocrx_word' id='word_1_189' title='bbox 1635 2369 1882 2448; x_wconf 80' lang='lat' dir='ltr'>populis</span> <span class='ocrx_word' id='word_1_190' title='bbox 1921 2370 2323 2433; x_wconf 78' lang='lat' dir='ltr'>traducendis</span> <span class='ocrx_word' id='word_1_191' title='bbox 2349 2368 2433 2431; x_wconf 81' lang='lat' dir='ltr'>ad</span> <span class='ocrx_word' id='word_1_192' title='bbox 2459 2371 2951 2448; x_wconf 75' lang='lat' dir='ltr'>protestantium</span> <span class='ocrx_word' id='word_1_193' title='bbox 2981 2370 3113 2450; x_wconf 82' lang='lat' dir='ltr'>pla·</span> 
     </span>
     <span class='ocr_line' id='line_1_23' title="bbox 539 2446 3119 2529; baseline 0.002 -21"><span class='ocrx_word' id='word_1_194' title='bbox 539 2447 671 2508; x_wconf 83' lang='lat' dir='ltr'>cita</span> <span class='ocrx_word' id='word_1_195' title='bbox 701 2446 747 2510; x_wconf 79' lang='lat'>².</span> <span class='ocrx_word' id='word_1_196' title='bbox 792 2447 915 2512; x_wconf 89' lang='lat' dir='ltr'>Sed</span> <span class='ocrx_word' id='word_1_197' title='bbox 960 2458 1268 2529; x_wconf 87' lang='lat' dir='ltr'>quantum</span> <span class='ocrx_word' id='word_1_198' title='bbox 1312 2448 1511 2526; x_wconf 89' lang='lat' dir='ltr'>utilis,</span> <span class='ocrx_word' id='word_1_199' title='bbox 1566 2459 1814 2513; x_wconf 86' lang='lat' dir='ltr'>tantum</span> <span class='ocrx_word' id='word_1_200' title='bbox 1858 2451 2183 2525; x_wconf 86' lang='lat' dir='ltr'>difficilis3</span> <span class='ocrx_word' id='word_1_201' title='bbox 2223 2466 2364 2513; x_wconf 92' lang='lat' dir='ltr'>cum</span> <span class='ocrx_word' id='word_1_202' title='bbox 2396 2466 2618 2512; x_wconf 90' lang='lat' dir='ltr'>eorum</span> <span class='ocrx_word' id='word_1_203' title='bbox 2664 2451 3005 2514; x_wconf 84' lang='lat' dir='ltr'>character</span> <span class='ocrx_word' id='word_1_204' title='bbox 3037 2453 3119 2514; x_wconf 88' lang='lat' dir='ltr'>sit</span> 
     </span>
    </p>
   </div>
   <div class='ocr_carea' id='block_1_5' title="bbox 1158 2603 2587 2685">
    <p class='ocr_par' dir='ltr' id='par_1_9' title="bbox 1158 2603 2587 2685">
     <span class='ocr_line' id='line_1_24' title="bbox 1158 2603 2587 2685; baseline 0 -20"><span class='ocrx_word' id='word_1_205' title='bbox 1158 2603 1444 2667; x_wconf 80' lang='lat' dir='ltr'>Discolor</span> <span class='ocrx_word' id='word_1_206' title='bbox 1486 2610 1549 2665; x_wconf 84' lang='lat' dir='ltr'>et</span> <span class='ocrx_word' id='word_1_207' title='bbox 1590 2604 1774 2685; x_wconf 75' lang='lat' dir='ltr'>loaqa</span> <span class='ocrx_word' id='word_1_208' title='bbox 1817 2603 2039 2667; x_wconf 78' lang='lat' dir='ltr'>solitus</span> <span class='ocrx_word' id='word_1_209' title='bbox 2082 2603 2353 2683; x_wconf 77' lang='lat' dir='ltr'>caliqine</span> <span class='ocrx_word' id='word_1_210' title='bbox 2390 2605 2587 2682; x_wconf 79' lang='lat' dir='ltr'>pasci.</span> 
     </span>
    </p>
   </div>
   <div class='ocr_carea' id='block_1_6' title="bbox 449 2738 3168 3643">
    <p class='ocr_par' dir='ltr' id='par_1_10' title="bbox 449 2738 3168 3643">
     <span class='ocr_line' id='line_1_25' title="bbox 620 2738 3115 2837; baseline 0.002 -20"><span class='ocrx_word' id='word_1_211' title='bbox 620 2753 781 2821; x_wconf 87' lang='lat' dir='ltr'>Sunt</span> <span class='ocrx_word' id='word_1_212' title='bbox 829 2758 1129 2821; x_wconf 86' lang='lat' dir='ltr'>videlicet</span> <span class='ocrx_word' id='word_1_213' title='bbox 1172 2740 1702 2837; x_wconf 46' lang='lat' dir='ltr'>aliquisquorum</span> <span class='ocrx_word' id='word_1_214' title='bbox 1751 2766 2015 2821; x_wconf 88' lang='lat' dir='ltr'>conatus</span> <span class='ocrx_word' id='word_1_215' title='bbox 2060 2760 2125 2821; x_wconf 87' lang='lat' dir='ltr'>in</span> <span class='ocrx_word' id='word_1_216' title='bbox 2171 2774 2246 2820; x_wconf 92' lang='lat' dir='ltr'>eo</span> <span class='ocrx_word' id='word_1_217' title='bbox 2293 2738 2641 2834; x_wconf 75' lang='lat' dir='ltr'>totus‘est,</span> <span class='ocrx_word' id='word_1_218' title='bbox 2684 2766 2756 2821; x_wconf 90' lang='lat' dir='ltr'>ut</span> <span class='ocrx_word' id='word_1_219' title='bbox 2801 2758 3115 2825; x_wconf 87' lang='lat' dir='ltr'>bonorum</span> 
     </span>
     <span class='ocr_line' id='line_1_26' title="bbox 449 2836 3119 2917; baseline 0.001 -19"><span class='ocrx_word' id='word_1_220' title='bbox 449 2868 458 2875; x_wconf 34' lang='grc' dir='ltr'><em>ι</em></span> <span class='ocrx_word' id='word_1_221' title='bbox 542 2836 661 2899; x_wconf 87' lang='lat' dir='ltr'>sibi</span> <span class='ocrx_word' id='word_1_222' title='bbox 710 2839 1195 2903; x_wconf 76' lang='lat' dir='ltr'>aestimationem</span> <span class='ocrx_word' id='word_1_223' title='bbox 1242 2838 1499 2901; x_wconf 86' lang='lat' dir='ltr'>valeant</span> <span class='ocrx_word' id='word_1_224' title='bbox 1533 2855 1902 2917; x_wconf 91' lang='lat' dir='ltr'>comparare</span> <span class='ocrx_word' id='word_1_225' title='bbox 1931 2839 2009 2902; x_wconf 87' lang='lat' dir='ltr'>ad</span> <span class='ocrx_word' id='word_1_226' title='bbox 2040 2856 2149 2901; x_wconf 88' lang='lat' dir='ltr'>eos</span> <span class='ocrx_word' id='word_1_227' title='bbox 2186 2838 2440 2901; x_wconf 80' lang='lat' dir='ltr'>facilius</span> <span class='ocrx_word' id='word_1_228' title='bbox 2471 2837 2925 2917; x_wconf 78' lang='lat' dir='ltr'>decipiendos:</span> <span class='ocrx_word' id='word_1_229' title='bbox 2964 2855 3119 2902; x_wconf 87' lang='lat' dir='ltr'>sum·</span> 
     </span>
     <span class='ocr_line' id='line_1_27' title="bbox 536 2918 3121 2998; baseline 0 -18"><span class='ocrx_word' id='word_1_230' title='bbox 536 2932 706 2980; x_wconf 85' lang='lat' dir='ltr'>mam</span> <span class='ocrx_word' id='word_1_231' title='bbox 752 2935 998 2981; x_wconf 88' lang='lat' dir='ltr'>morum</span> <span class='ocrx_word' id='word_1_232' title='bbox 1045 2921 1425 2997; x_wconf 83' lang='lat' dir='ltr'>gravitatem</span> <span class='ocrx_word' id='word_1_233' title='bbox 1469 2922 1833 2982; x_wconf 82' lang='lat' dir='ltr'>extrinsece</span> <span class='ocrx_word' id='word_1_234' title='bbox 1868 2919 2332 2998; x_wconf 75' lang='lat' dir='ltr'>praeseferunt:</span> <span class='ocrx_word' id='word_1_235' title='bbox 2385 2919 2747 2982; x_wconf 88' lang='lat' dir='ltr'>severiores</span> <span class='ocrx_word' id='word_1_236' title='bbox 2794 2918 3121 2982; x_wconf 85' lang='lat' dir='ltr'>doctrinas</span> 
     </span>
     <span class='ocr_line' id='line_1_28' title="bbox 539 2997 3116 3080; baseline 0.001 -20"><span class='ocrx_word' id='word_1_237' title='bbox 539 2997 814 3061; x_wconf 87' lang='lat' dir='ltr'>morales</span> <span class='ocrx_word' id='word_1_238' title='bbox 843 2999 1228 3079; x_wconf 75' lang='lat' dir='ltr'>praedicant:</span> <span class='ocrx_word' id='word_1_239' title='bbox 1274 2999 1589 3063; x_wconf 87' lang='lat' dir='ltr'>mirabilia</span> <span class='ocrx_word' id='word_1_240' title='bbox 1637 2999 1716 3062; x_wconf 91' lang='lat' dir='ltr'>de</span> <span class='ocrx_word' id='word_1_241' title='bbox 1760 3016 1827 3062; x_wconf 90' lang='lat' dir='ltr'>se</span> <span class='ocrx_word' id='word_1_242' title='bbox 1872 3000 2181 3080; x_wconf 87' lang='lat' dir='ltr'>publicari</span> <span class='ocrx_word' id='word_1_243' title='bbox 2230 3009 2447 3063; x_wconf 85' lang='lat' dir='ltr'>amant</span> <span class='ocrx_word' id='word_1_244' title='bbox 2512 2999 2716 3079; x_wconf 89' lang='lat' dir='ltr'>quoad</span> <span class='ocrx_word' id='word_1_245' title='bbox 2759 3001 3116 3078; x_wconf 86' lang='lat' dir='ltr'>ingenium,</span> 
     </span>
     <span class='ocr_line' id='line_1_29' title="bbox 540 3078 3111 3159; baseline 0 -18"><span class='ocrx_word' id='word_1_246' title='bbox 540 3078 966 3143; x_wconf 88' lang='lat' dir='ltr'>eruditionem</span> <span class='ocrx_word' id='word_1_247' title='bbox 1013 3090 1077 3143; x_wconf 92' lang='lat' dir='ltr'>et</span> <span class='ocrx_word' id='word_1_248' title='bbox 1120 3097 1305 3144; x_wconf 89' lang='lat' dir='ltr'>omne</span> <span class='ocrx_word' id='word_1_249' title='bbox 1349 3096 1550 3159; x_wconf 81' lang='lat' dir='ltr'>genus</span> <span class='ocrx_word' id='word_1_250' title='bbox 1593 3081 1915 3142; x_wconf 79' lang='lat' dir='ltr'>scientiae:</span> <span class='ocrx_word' id='word_1_251' title='bbox 1948 3082 2150 3144; x_wconf 89' lang='lat' dir='ltr'>sancti</span> <span class='ocrx_word' id='word_1_252' title='bbox 2197 3094 2506 3159; x_wconf 86' lang='lat' dir='ltr'>apparere</span> <span class='ocrx_word' id='word_1_253' title='bbox 2553 3080 2777 3143; x_wconf 85' lang='lat' dir='ltr'>volunt</span> <span class='ocrx_word' id='word_1_254' title='bbox 2808 3080 2888 3143; x_wconf 88' lang='lat' dir='ltr'>ad</span> <span class='ocrx_word' id='word_1_255' title='bbox 2924 3083 3111 3143; x_wconf 90' lang='lat' dir='ltr'>mira-</span> 
     </span>
     <span class='ocr_line' id='line_1_30' title="bbox 540 3158 3113 3240; baseline 0.002 -21"><span class='ocrx_word' id='word_1_256' title='bbox 540 3158 828 3221; x_wconf 89' lang='lat' dir='ltr'>culorum</span> <span class='ocrx_word' id='word_1_257' title='bbox 876 3176 1072 3240; x_wconf 89' lang='lat' dir='ltr'>usque</span> <span class='ocrx_word' id='word_1_258' title='bbox 1108 3163 1622 3224; x_wconf 86' lang='lat' dir='ltr'>ostentationem.</span> <span class='ocrx_word' id='word_1_259' title='bbox 1669 3160 1737 3223; x_wconf 90' lang='lat' dir='ltr'>ln</span> <span class='ocrx_word' id='word_1_260' title='bbox 1783 3162 2104 3224; x_wconf 65' lang='lat' dir='ltr'>haereticis</span> <span class='ocrx_word' id='word_1_261' title='bbox 2133 3159 2419 3224; x_wconf 86' lang='lat' dir='ltr'>Jansenii</span> <span class='ocrx_word' id='word_1_262' title='bbox 2459 3159 2797 3238; x_wconf 87' lang='lat' dir='ltr'>discipulis</span> <span class='ocrx_word' id='word_1_263' title='bbox 2829 3161 2938 3222; x_wconf 90' lang='lat' dir='ltr'>hic</span> <span class='ocrx_word' id='word_1_264' title='bbox 2971 3161 3113 3235; x_wconf 85' lang='lat' dir='ltr'>cha·</span> 
     </span>
     <span class='ocr_line' id='line_1_31' title="bbox 542 3239 3112 3320; baseline 0.002 -20"><span class='ocrx_word' id='word_1_265' title='bbox 542 3249 751 3301; x_wconf 89' lang='lat' dir='ltr'>racter</span> <span class='ocrx_word' id='word_1_266' title='bbox 796 3239 916 3303; x_wconf 84' lang='lat' dir='ltr'>fuit</span> <span class='ocrx_word' id='word_1_267' title='bbox 958 3255 1207 3320; x_wconf 88' lang='lat' dir='ltr'>semper</span> <span class='ocrx_word' id='word_1_268' title='bbox 1251 3244 1645 3315; x_wconf 91' lang='lat' dir='ltr'>communis,</span> <span class='ocrx_word' id='word_1_269' title='bbox 1688 3250 1759 3304; x_wconf 92' lang='lat' dir='ltr'>ut</span> <span class='ocrx_word' id='word_1_270' title='bbox 1802 3249 2050 3306; x_wconf 85' lang='lat' dir='ltr'>constat</span> <span class='ocrx_word' id='word_1_271' title='bbox 2090 3244 2367 3305; x_wconf 79' lang='lat' dir='ltr'>maxime</span> <span class='ocrx_word' id='word_1_272' title='bbox 2410 3258 2489 3303; x_wconf 81' lang='lat' dir='ltr'>ex</span> <span class='ocrx_word' id='word_1_273' title='bbox 2537 3241 2807 3304; x_wconf 79' lang='lat' dir='ltr'>historia</span> <span class='ocrx_word' id='word_1_274' title='bbox 2853 3241 3112 3304; x_wconf 74' lang='lat' dir='ltr'>diaconi</span> 
     </span>
     <span class='ocr_line' id='line_1_32' title="bbox 540 3317 3168 3398; baseline 0.002 -19"><span class='ocrx_word' id='word_1_275' title='bbox 540 3317 719 3382; x_wconf 88' lang='lat' dir='ltr'>Paris</span> <span class='ocrx_word' id='word_1_276' title='bbox 750 3319 796 3382; x_wconf 76' lang='lat'>³.</span> <span class='ocrx_word' id='word_1_277' title='bbox 842 3320 976 3385; x_wconf 87' lang='lat' dir='ltr'>Huc</span> <span class='ocrx_word' id='word_1_278' title='bbox 1019 3321 1171 3385; x_wconf 79' lang='lat' dir='ltr'>facit</span> <span class='ocrx_word' id='word_1_279' title='bbox 1213 3322 1371 3397; x_wconf 79' lang='lat' dir='ltr'>illud</span> <span class='ocrx_word' id='word_1_280' title='bbox 1416 3322 1683 3384; x_wconf 77' lang='lat' dir='ltr'>Christi:</span> <span class='ocrx_word' id='word_1_281' title='bbox 1725 3324 1988 3385; x_wconf 79' lang='lat' dir='ltr'>veniunt</span> <span class='ocrx_word' id='word_1_282' title='bbox 2024 3324 2106 3385; x_wconf 81' lang='lat' dir='ltr'>ad</span> <span class='ocrx_word' id='word_1_283' title='bbox 2165 3341 2268 3385; x_wconf 77' lang='lat' dir='ltr'>oea</span> <span class='ocrx_word' id='word_1_284' title='bbox 2326 3323 2394 3386; x_wconf 79' lang='lat' dir='ltr'>in</span> <span class='ocrx_word' id='word_1_285' title='bbox 2435 3321 2817 3384; x_wconf 72' lang='lat' dir='ltr'>vestimentis</span> <span class='ocrx_word' id='word_1_286' title='bbox 2871 3323 3115 3398; x_wconf 78' lang='lat' dir='ltr'>oviam,</span> <span class='ocrx_word' id='word_1_287' title='bbox 3151 3374 3168 3395; x_wconf 82' lang='grc'>,</span> 
     </span>
     <span class='ocr_line' id='line_1_33' title="bbox 540 3400 3113 3481; baseline 0.002 -21"><span class='ocrx_word' id='word_1_288' title='bbox 540 3400 924 3463; x_wconf 72' lang='lat' dir='ltr'>intrinsecus</span> <span class='ocrx_word' id='word_1_289' title='bbox 965 3409 1171 3466; x_wconf 80' lang='lat' dir='ltr'>autem</span> <span class='ocrx_word' id='word_1_290' title='bbox 1211 3410 1364 3466; x_wconf 77' lang='lat' dir='ltr'>sunt</span> <span class='ocrx_word' id='word_1_291' title='bbox 1402 3402 1536 3481; x_wconf 78' lang='lat' dir='ltr'>lupi</span> <span class='ocrx_word' id='word_1_292' title='bbox 1574 3419 1834 3481; x_wconf 78' lang='lat' dir='ltr'>rapaces</span> <span class='ocrx_word' id='word_1_293' title='bbox 1879 3402 1927 3465; x_wconf 75' lang='lat'>⁴.</span> <span class='ocrx_word' id='word_1_294' title='bbox 1970 3403 2095 3465; x_wconf 87' lang='lat' dir='ltr'>Alii</span> <span class='ocrx_word' id='word_1_295' title='bbox 2141 3419 2222 3465; x_wconf 81' lang='lat' dir='ltr'>ex</span> <span class='ocrx_word' id='word_1_296' title='bbox 2263 3402 2532 3465; x_wconf 82' lang='lat' dir='ltr'>adverso</span> <span class='ocrx_word' id='word_1_297' title='bbox 2577 3403 2895 3464; x_wconf 86' lang='lat' dir='ltr'>bonorum</span> <span class='ocrx_word' id='word_1_298' title='bbox 2942 3405 3113 3464; x_wconf 78' lang='lat' dir='ltr'>aesti·</span> 
     </span>
     <span class='ocr_line' id='line_1_34' title="bbox 537 3481 3115 3562; baseline 0.001 -21"><span class='ocrx_word' id='word_1_299' title='bbox 537 3483 885 3544; x_wconf 88' lang='lat' dir='ltr'>mationem</span> <span class='ocrx_word' id='word_1_300' title='bbox 933 3481 1361 3545; x_wconf 80' lang='lat' dir='ltr'>floccifaciunt</span> <span class='ocrx_word' id='word_1_301' title='bbox 1401 3494 1465 3546; x_wconf 90' lang='lat' dir='ltr'>et</span> <span class='ocrx_word' id='word_1_302' title='bbox 1510 3482 1879 3547; x_wconf 87' lang='lat' dir='ltr'>hominibus</span> <span class='ocrx_word' id='word_1_303' title='bbox 1908 3484 2202 3562; x_wconf 89' lang='lat' dir='ltr'>pessimis</span> <span class='ocrx_word' id='word_1_304' title='bbox 2247 3500 2314 3547; x_wconf 87' lang='lat' dir='ltr'>se</span> <span class='ocrx_word' id='word_1_305' title='bbox 2357 3491 2576 3562; x_wconf 87' lang='lat' dir='ltr'>aperte</span> <span class='ocrx_word' id='word_1_306' title='bbox 2606 3484 3012 3559; x_wconf 84' lang='lat' dir='ltr'>consociant,</span> <span class='ocrx_word' id='word_1_307' title='bbox 3046 3490 3115 3546; x_wconf 89' lang='lat' dir='ltr'>ut</span> 
     </span>
     <span class='ocr_line' id='line_1_35' title="bbox 540 3560 2995 3643; baseline 0.001 -21"><span class='ocrx_word' id='word_1_308' title='bbox 540 3560 659 3622; x_wconf 88' lang='lat' dir='ltr'>hos</span> <span class='ocrx_word' id='word_1_309' title='bbox 702 3561 822 3624; x_wconf 86' lang='lat' dir='ltr'>sibi</span> <span class='ocrx_word' id='word_1_310' title='bbox 871 3561 1121 3625; x_wconf 77' lang='lat' dir='ltr'>facilius</span> <span class='ocrx_word' id='word_1_311' title='bbox 1163 3563 1437 3627; x_wconf 90' lang='lat' dir='ltr'>reddant</span> <span class='ocrx_word' id='word_1_312' title='bbox 1480 3579 1741 3626; x_wconf 89' lang='lat' dir='ltr'>suorum</span> <span class='ocrx_word' id='word_1_313' title='bbox 1784 3579 2080 3627; x_wconf 91' lang='lat' dir='ltr'>errorum</span> <span class='ocrx_word' id='word_1_314' title='bbox 2123 3563 2471 3643; x_wconf 87' lang='lat' dir='ltr'>discipulos</span> <span class='ocrx_word' id='word_1_315' title='bbox 2514 3579 2587 3625; x_wconf 92' lang='lat' dir='ltr'>ac</span> <span class='ocrx_word' id='word_1_316' title='bbox 2631 3564 2995 3625; x_wconf 80' lang='lat' dir='ltr'>ministros.</span> 
     </span>
    </p>
   </div>
   <div class='ocr_carea' id='block_1_7' title="bbox 529 3725 3119 4416">
    <p class='ocr_par' dir='ltr' id='par_1_11' title="bbox 535 3725 3118 3915">
     <span class='ocr_line' id='line_1_36' title="bbox 599 3725 3117 3792; baseline 0.001 -16"><span class='ocrx_word' id='word_1_317' title='bbox 599 3725 621 3765; x_wconf 86' lang='lat'><strong>¹</strong></span> <span class='ocrx_word' id='word_1_318' title='bbox 660 3728 764 3777; x_wconf 83' lang='lat' dir='ltr'>Hac</span> <span class='ocrx_word' id='word_1_319' title='bbox 796 3725 861 3778; x_wconf 87' lang='lat' dir='ltr'>de</span> <span class='ocrx_word' id='word_1_320' title='bbox 893 3738 948 3778; x_wconf 89' lang='lat' dir='ltr'>re</span> <span class='ocrx_word' id='word_1_321' title='bbox 982 3727 1241 3779; x_wconf 89' lang='lat' dir='ltr'>habemus</span> <span class='ocrx_word' id='word_1_322' title='bbox 1272 3728 1548 3781; x_wconf 84' lang='lat' dir='ltr'>Decretum</span> <span class='ocrx_word' id='word_1_323' title='bbox 1582 3729 2014 3792; x_wconf 79' lang='lat' dir='ltr'>congregationis</span> <span class='ocrx_word' id='word_1_324' title='bbox 2045 3728 2106 3779; x_wconf 83' lang='lat' dir='ltr'>de</span> <span class='ocrx_word' id='word_1_325' title='bbox 2128 3728 2469 3790; x_wconf 70' lang='lat' dir='ltr'>Propayanda</span> <span class='ocrx_word' id='word_1_326' title='bbox 2510 3727 2652 3786; x_wconf 82' lang='lat' dir='ltr'>Fide,</span> <span class='ocrx_word' id='word_1_327' title='bbox 2706 3731 2768 3779; x_wconf 74' lang='lat'>26</span> <span class='ocrx_word' id='word_1_328' title='bbox 2818 3726 2977 3787; x_wconf 68' lang='lat' dir='ltr'>febr„</span> <span class='ocrx_word' id='word_1_329' title='bbox 3027 3738 3117 3778; x_wconf 83' lang='lat' dir='ltr'>an·</span> 
     </span>
     <span class='ocr_line' id='line_1_37' title="bbox 535 3790 3118 3855; baseline 0.001 -17"><span class='ocrx_word' id='word_1_330' title='bbox 535 3799 610 3839; x_wconf 90' lang='lat' dir='ltr'>no</span> <span class='ocrx_word' id='word_1_331' title='bbox 644 3790 789 3840; x_wconf 75' lang='lat'><strong>1630:</strong></span> <span class='ocrx_word' id='word_1_332' title='bbox 830 3790 1114 3852; x_wconf 75' lang='lat' dir='ltr'>Disputatio</span> <span class='ocrx_word' id='word_1_333' title='bbox 1145 3790 1204 3841; x_wconf 86' lang='lat' dir='ltr'>de</span> <span class='ocrx_word' id='word_1_334' title='bbox 1234 3790 1383 3840; x_wconf 75' lang='lat' dir='ltr'>rebus</span> <span class='ocrx_word' id='word_1_335' title='bbox 1412 3791 1527 3854; x_wconf 77' lang='lat' dir='ltr'>fidei</span> <span class='ocrx_word' id='word_1_336' title='bbox 1560 3791 1705 3842; x_wconf 76' lang='lat' dir='ltr'>iaicis</span> <span class='ocrx_word' id='word_1_337' title='bbox 1734 3796 1806 3843; x_wconf 73' lang='lat' dir='ltr'>est</span> <span class='ocrx_word' id='word_1_338' title='bbox 1835 3791 2125 3855; x_wconf 78' lang='lat' dir='ltr'>prohibita;</span> <span class='ocrx_word' id='word_1_339' title='bbox 2156 3792 2440 3842; x_wconf 73' lang='lat' dir='ltr'>sacerdotes</span> <span class='ocrx_word' id='word_1_340' title='bbox 2469 3791 2569 3841; x_wconf 79' lang='lat' dir='ltr'>nisi</span> <span class='ocrx_word' id='word_1_341' title='bbox 2597 3791 2701 3842; x_wconf 74' lang='lat' dir='ltr'>sint</span> <span class='ocrx_word' id='word_1_342' title='bbox 2749 3790 2894 3841; x_wconf 72' lang='lat' dir='ltr'>valde</span> <span class='ocrx_word' id='word_1_343' title='bbox 2939 3791 3118 3854; x_wconf 78' lang='lat' dir='ltr'>periti,</span> 
     </span>
     <span class='ocr_line' id='line_1_38' title="bbox 536 3851 2662 3915; baseline -0 -13"><span class='ocrx_word' id='word_1_344' title='bbox 536 3864 605 3903; x_wconf 77' lang='lat' dir='ltr'>ea:</span> <span class='ocrx_word' id='word_1_345' title='bbox 633 3853 846 3902; x_wconf 70' lang='lat' dir='ltr'>concilio</span> <span class='ocrx_word' id='word_1_346' title='bbox 876 3852 1053 3904; x_wconf 71' lang='lat' dir='ltr'>debent</span> <span class='ocrx_word' id='word_1_347' title='bbox 1079 3865 1132 3902; x_wconf 79' lang='lat' dir='ltr'>se</span> <span class='ocrx_word' id='word_1_348' title='bbox 1161 3852 1430 3912; x_wconf 73' lang='lat' dir='ltr'>abstinere,</span> <span class='ocrx_word' id='word_1_349' title='bbox 1466 3854 1755 3904; x_wconf 75' lang='lat' dir='ltr'>excusando</span> <span class='ocrx_word' id='word_1_350' title='bbox 1785 3866 1837 3905; x_wconf 77' lang='lat' dir='ltr'>se</span> <span class='ocrx_word' id='word_1_351' title='bbox 1869 3853 2012 3905; x_wconf 77' lang='lat' dir='ltr'>bonis</span> <span class='ocrx_word' id='word_1_352' title='bbox 2045 3853 2207 3904; x_wconf 72' lang='lat' dir='ltr'>verbis</span> <span class='ocrx_word' id='word_1_353' title='bbox 2235 3858 2286 3904; x_wconf 84' lang='lat' dir='ltr'>et</span> <span class='ocrx_word' id='word_1_354' title='bbox 2310 3851 2662 3915; x_wconf 72' lang='lat' dir='ltr'>proeteaeabas.</span> 
     </span>
    </p>

    <p class='ocr_par' dir='ltr' id='par_1_12' title="bbox 533 3912 3119 4165">
     <span class='ocr_line' id='line_1_39' title="bbox 660 3912 3115 3980; baseline 0 -16"><span class='ocrx_word' id='word_1_355' title='bbox 660 3915 782 3964; x_wconf 85' lang='lat' dir='ltr'>Haec</span> <span class='ocrx_word' id='word_1_356' title='bbox 817 3916 1078 3977; x_wconf 84' lang='lat' dir='ltr'>praecipue</span> <span class='ocrx_word' id='word_1_357' title='bbox 1110 3915 1290 3966; x_wconf 83' lang='lat' dir='ltr'>valent</span> <span class='ocrx_word' id='word_1_358' title='bbox 1321 3916 1385 3967; x_wconf 91' lang='lat' dir='ltr'>de</span> <span class='ocrx_word' id='word_1_359' title='bbox 1419 3914 1781 3977; x_wconf 80' lang='lat' dir='ltr'>disputatione</span> <span class='ocrx_word' id='word_1_360' title='bbox 1812 3928 1933 3980; x_wconf 84' lang='lat' dir='ltr'>quae</span> <span class='ocrx_word' id='word_1_361' title='bbox 1966 3927 2114 3976; x_wconf 85' lang='lat' dir='ltr'>voce,</span> <span class='ocrx_word' id='word_1_362' title='bbox 2150 3928 2257 3966; x_wconf 92' lang='lat' dir='ltr'>non</span> <span class='ocrx_word' id='word_1_363' title='bbox 2292 3926 2419 3967; x_wconf 88' lang='lat' dir='ltr'>vero</span> <span class='ocrx_word' id='word_1_364' title='bbox 2467 3926 2587 3979; x_wconf 75' lang='lat' dir='ltr'>qum</span> <span class='ocrx_word' id='word_1_365' title='bbox 2633 3912 2831 3975; x_wconf 87' lang='lat' dir='ltr'>scripto</span> <span class='ocrx_word' id='word_1_366' title='bbox 2891 3913 3115 3966; x_wconf 82' lang='lat' dir='ltr'>institui-</span> 
     </span>
     <span class='ocr_line' id='line_1_40' title="bbox 535 3976 3119 4041; baseline 0 -14"><span class='ocrx_word' id='word_1_367' title='bbox 535 3977 641 4035; x_wconf 86' lang='lat' dir='ltr'>tur,</span> <span class='ocrx_word' id='word_1_368' title='bbox 675 3976 818 4038; x_wconf 84' lang='lat' dir='ltr'>quod</span> <span class='ocrx_word' id='word_1_369' title='bbox 852 3980 1181 4041; x_wconf 86' lang='lat' dir='ltr'>postremum</span> <span class='ocrx_word' id='word_1_370' title='bbox 1217 3978 1387 4029; x_wconf 91' lang='lat' dir='ltr'>multo</span> <span class='ocrx_word' id='word_1_371' title='bbox 1420 3979 1562 4029; x_wconf 88' lang='lat' dir='ltr'>certo</span> <span class='ocrx_word' id='word_1_372' title='bbox 1594 3977 1802 4040; x_wconf 81' lang='lat' dir='ltr'>longius</span> <span class='ocrx_word' id='word_1_373' title='bbox 1837 3978 1988 4030; x_wconf 85' lang='lat' dir='ltr'>abest</span> <span class='ocrx_word' id='word_1_374' title='bbox 2019 3990 2051 4028; x_wconf 84' lang='lat' dir='ltr'>a</span> <span class='ocrx_word' id='word_1_375' title='bbox 2086 3978 2336 4039; x_wconf 86' lang='lat' dir='ltr'>periculo.</span> <span class='ocrx_word' id='word_1_376' title='bbox 2371 3978 2528 4029; x_wconf 74' lang='lat' dir='ltr'>Aliud</span> <span class='ocrx_word' id='word_1_377' title='bbox 2558 3981 2652 4037; x_wconf 77' lang='lat' dir='ltr'>est,</span> <span class='ocrx_word' id='word_1_378' title='bbox 2705 3977 2882 4040; x_wconf 82' lang='lat' dir='ltr'>inquit</span> <span class='ocrx_word' id='word_1_379' title='bbox 2912 3977 3119 4039; x_wconf 74' lang='lat' dir='ltr'>egregie</span> 
     </span>
     <span class='ocr_line' id='line_1_41' title="bbox 536 4032 3117 4156; baseline 0.001 -69"><span class='ocrx_word' id='word_1_380' title='bbox 536 4032 750 4110; x_wconf 61' lang='lat' dir='ltr'>Sylvius</span> <span class='ocrx_word' id='word_1_381' title='bbox 781 4038 836 4089; x_wconf 89' lang='lat' dir='ltr'>in</span> <span class='ocrx_word' id='word_1_382' title='bbox 868 4044 916 4100; x_wconf 75' lang='lat'>2,</span> <span class='ocrx_word' id='word_1_383' title='bbox 949 4044 997 4097; x_wconf 73' lang='grc' dir='ltr'>Ξ,</span> <span class='ocrx_word' id='word_1_384' title='bbox 1033 4039 1081 4089; x_wconf 88' lang='lat' dir='ltr'>d.</span> <span class='ocrx_word' id='word_1_385' title='bbox 1119 4039 1626 4156; x_wconf 42' lang='lat' dir='ltr'>Thomae,³.10,·a.</span> <span class='ocrx_word' id='word_1_386' title='bbox 1661 4042 1710 4101; x_wconf 86' lang='grc'>7,</span> <span class='ocrx_word' id='word_1_387' title='bbox 1740 4041 1960 4091; x_wconf 78' lang='lat' dir='ltr'>scribere</span> <span class='ocrx_word' id='word_1_388' title='bbox 1989 4041 2387 4114; x_wconf 72' lang='lat' dir='ltr'>confutationem</span> <span class='ocrx_word' id='word_1_389' title='bbox 2418 4040 2796 4099; x_wconf 66' lang='lat' dir='ltr'>haereticorum,</span> <span class='ocrx_word' id='word_1_390' title='bbox 2830 4039 2980 4090; x_wconf 76' lang='lat' dir='ltr'>aliud</span> <span class='ocrx_word' id='word_1_391' title='bbox 3001 4050 3117 4090; x_wconf 75' lang='lat' dir='ltr'>oeae</span> 
     </span>
     <span class='ocr_line' id='line_1_42' title="bbox 533 4098 2422 4165; baseline 0.002 -16"><span class='ocrx_word' id='word_1_392' title='bbox 533 4098 586 4149; x_wconf 72' lang='lat' dir='ltr'>aa</span> <span class='ocrx_word' id='word_1_393' title='bbox 650 4104 814 4151; x_wconf 82' lang='lat' dir='ltr'>utare.</span> <span class='ocrx_word' id='word_1_394' title='bbox 858 4102 914 4152; x_wconf 84' lang='lat' dir='ltr'>V.</span> <span class='ocrx_word' id='word_1_395' title='bbox 947 4098 1262 4153; x_wconf 76' lang='lat' dir='ltr'>Benedictus</span> <span class='ocrx_word' id='word_1_396' title='bbox 1295 4103 1364 4153; x_wconf 85' lang='lat' dir='ltr'>xt</span> <span class='ocrx_word' id='word_1_397' title='bbox 1419 4139 1433 4163; x_wconf 95' lang='lat'>‚</span> <span class='ocrx_word' id='word_1_398' title='bbox 1468 4103 1629 4165; x_wconf 66' lang='lat' dir='ltr'>Epist.</span> <span class='ocrx_word' id='word_1_399' title='bbox 1663 4103 1732 4153; x_wconf 80' lang='lat' dir='ltr'>ad</span> <span class='ocrx_word' id='word_1_400' title='bbox 1762 4104 2077 4155; x_wconf 74' lang='lat' dir='ltr'>Flaminium</span> <span class='ocrx_word' id='word_1_401' title='bbox 2112 4104 2422 4154; x_wconf 75' lang='lat' dir='ltr'>Cornelium.</span> 
     </span>
    </p>

    <p class='ocr_par' dir='ltr' id='par_1_13' title="bbox 657 4162 2846 4234">
     <span class='ocr_line' id='line_1_43' title="bbox 657 4162 2846 4234; baseline 0.002 -21"><span class='ocrx_word' id='word_1_402' title='bbox 657 4162 736 4214; x_wconf 82' lang='lat' dir='ltr'>Ita</span> <span class='ocrx_word' id='word_1_403' title='bbox 768 4163 896 4214; x_wconf 87' lang='lat' dir='ltr'>Pius</span> <span class='ocrx_word' id='word_1_404' title='bbox 928 4164 996 4214; x_wconf 84' lang='lat' dir='ltr'>lx</span> <span class='ocrx_word' id='word_1_405' title='bbox 1033 4164 1245 4228; x_wconf 80' lang='lat' dir='ltr'>Encycl.</span> <span class='ocrx_word' id='word_1_406' title='bbox 1281 4166 1512 4223; x_wconf 78' lang='lat' dir='ltr'>Nescitis,</span> <span class='ocrx_word' id='word_1_407' title='bbox 1546 4167 1580 4216; x_wconf 82' lang='grc'>8</span> <span class='ocrx_word' id='word_1_408' title='bbox 1610 4163 1724 4216; x_wconf 89' lang='lat' dir='ltr'>dec.</span> <span class='ocrx_word' id='word_1_409' title='bbox 1761 4166 1897 4219; x_wconf 80' lang='lat'><strong>1849.</strong></span> <span class='ocrx_word' id='word_1_410' title='bbox 2835 4225 2846 4234; x_wconf 55' lang='grc'><em>,</em></span> 
     </span>
    </p>

    <p class='ocr_par' dir='ltr' id='par_1_14' title="bbox 529 4220 3119 4416">
     <span class='ocr_line' id='line_1_44' title="bbox 599 4220 3119 4289; baseline -0.001 -13"><span class='ocrx_word' id='word_1_411' title='bbox 599 4224 622 4263; x_wconf 82' lang='lat'>⁸</span> <span class='ocrx_word' id='word_1_412' title='bbox 663 4247 680 4268; x_wconf 87' lang='lat'><strong>·</strong></span> <span class='ocrx_word' id='word_1_413' title='bbox 716 4224 898 4284; x_wconf 87' lang='lat' dir='ltr'>Questi</span> <span class='ocrx_word' id='word_1_414' title='bbox 932 4227 1120 4289; x_wconf 86' lang='lat' dir='ltr'>pretesi</span> <span class='ocrx_word' id='word_1_415' title='bbox 1163 4226 1399 4277; x_wconf 85' lang='lat' dir='ltr'>miracoli</span> <span class='ocrx_word' id='word_1_416' title='bbox 1431 4225 1542 4288; x_wconf 88' lang='lat' dir='ltr'>(del</span> <span class='ocrx_word' id='word_1_417' title='bbox 1570 4226 1799 4278; x_wconf 84' lang='lat' dir='ltr'>diacono</span> <span class='ocrx_word' id='word_1_418' title='bbox 1832 4220 2004 4287; x_wconf 79' lang='lat' dir='ltr'>Paris)</span> <span class='ocrx_word' id='word_1_419' title='bbox 2035 4237 2201 4278; x_wconf 85' lang='lat' dir='ltr'>erano</span> <span class='ocrx_word' id='word_1_420' title='bbox 2235 4225 2495 4277; x_wconf 86' lang='lat' dir='ltr'>sostenuti</span> <span class='ocrx_word' id='word_1_421' title='bbox 2527 4224 2598 4276; x_wconf 80' lang='lat' dir='ltr'>da</span> <span class='ocrx_word' id='word_1_422' title='bbox 2646 4226 2782 4277; x_wconf 87' lang='lat' dir='ltr'>tutto</span> <span class='ocrx_word' id='word_1_423' title='bbox 2832 4223 2869 4274; x_wconf 80' lang='grc' dir='ltr'>ιι</span> <span class='ocrx_word' id='word_1_424' title='bbox 2919 4223 3119 4287; x_wconf 78' lang='lat' dir='ltr'>partito</span> 
     </span>
     <span class='ocr_line' id='line_1_45' title="bbox 537 4283 3118 4351; baseline 0 -17"><span class='ocrx_word' id='word_1_425' title='bbox 537 4283 924 4339; x_wconf 78' lang='lat' dir='ltr'>Giansenistico</span> <span class='ocrx_word' id='word_1_426' title='bbox 958 4289 1395 4340; x_wconf 83' lang='lat' dir='ltr'>numerosissimo</span> <span class='ocrx_word' id='word_1_427' title='bbox 1428 4301 1457 4341; x_wconf 89' lang='lat' dir='ltr'>e</span> <span class='ocrx_word' id='word_1_428' title='bbox 1492 4289 1860 4351; x_wconf 84' lang='lat' dir='ltr'>potentissimo</span> <span class='ocrx_word' id='word_1_429' title='bbox 1896 4291 1947 4340; x_wconf 89' lang='lat' dir='ltr'>in</span> <span class='ocrx_word' id='word_1_430' title='bbox 1983 4290 2286 4342; x_wconf 79' lang='lat' dir='ltr'>Francia....</span> <span class='ocrx_word' id='word_1_431' title='bbox 2324 4288 2660 4338; x_wconf 84' lang='lat' dir='ltr'>Nondimeno</span> <span class='ocrx_word' id='word_1_432' title='bbox 2684 4285 2958 4347; x_wconf 62' lang='lat' dir='ltr'>maleredo</span> <span class='ocrx_word' id='word_1_433' title='bbox 2979 4285 3118 4337; x_wconf 76' lang='lat' dir='ltr'>tanti</span> 
     </span>
     <span class='ocr_line' id='line_1_46' title="bbox 529 4348 3117 4416; baseline 0.002 -22"><span class='ocrx_word' id='word_1_434' title='bbox 529 4349 801 4411; x_wconf 77' lang='lat' dir='ltr'>vantaggi,</span> <span class='ocrx_word' id='word_1_435' title='bbox 835 4361 933 4401; x_wconf 90' lang='lat' dir='ltr'>con</span> <span class='ocrx_word' id='word_1_436' title='bbox 968 4352 1125 4403; x_wconf 76' lang='lat' dir='ltr'>duale</span> <span class='ocrx_word' id='word_1_437' title='bbox 1155 4350 1348 4401; x_wconf 71' lang='lat' dir='ltr'>facillta</span> <span class='ocrx_word' id='word_1_438' title='bbox 1382 4352 1555 4416; x_wconf 82' lang='lat' dir='ltr'>questi</span> <span class='ocrx_word' id='word_1_439' title='bbox 1590 4351 1778 4414; x_wconf 87' lang='lat' dir='ltr'>pretesi</span> <span class='ocrx_word' id='word_1_440' title='bbox 1815 4351 2052 4403; x_wconf 81' lang='lat' dir='ltr'>miracoli</span> <span class='ocrx_word' id='word_1_441' title='bbox 2082 4362 2189 4402; x_wconf 89' lang='lat' dir='ltr'>non</span> <span class='ocrx_word' id='word_1_442' title='bbox 2222 4349 2416 4401; x_wconf 78' lang='lat' dir='ltr'>turono</span> <span class='ocrx_word' id='word_1_443' title='bbox 2446 4349 2755 4413; x_wconf 68' lang='lat' dir='ltr'>sappi-essi?</span> <span class='ocrx_word' id='word_1_444' title='bbox 2783 4349 2903 4399; x_wconf 88' lang='lat' dir='ltr'>Non</span> <span class='ocrx_word' id='word_1_445' title='bbox 2928 4348 2987 4399; x_wconf 79' lang='lat' dir='ltr'>tu</span> <span class='ocrx_word' id='word_1_446' title='bbox 3009 4359 3117 4399; x_wconf 80' lang='lat' dir='ltr'>me—</span> 
     </span>
    </p>
   </div>
   <div class='ocr_carea' id='block_1_8' title="bbox 415 4407 3227 4477">
    <p class='ocr_par' dir='ltr' id='par_1_15' title="bbox 415 4407 3227 4477">
     <span class='ocr_line' id='line_1_47' title="bbox 415 4407 3227 4477; baseline 0.001 -20"><span class='ocrx_word' id='word_1_447' title='bbox 415 4439 421 4449; x_wconf 85' lang='lat'><strong>·</strong></span> <span class='ocrx_word' id='word_1_448' title='bbox 527 4407 680 4460; x_wconf 77' lang='lat' dir='ltr'>stierl</span> <span class='ocrx_word' id='word_1_449' title='bbox 713 4421 744 4459; x_wconf 89' lang='lat' dir='ltr'>a</span> <span class='ocrx_word' id='word_1_450' title='bbox 778 4411 1040 4473; x_wconf 85' lang='lat' dir='ltr'>riuscirvi,</span> <span class='ocrx_word' id='word_1_451' title='bbox 1076 4414 1172 4464; x_wconf 82' lang='lat' dir='ltr'>che</span> <span class='ocrx_word' id='word_1_452' title='bbox 1206 4424 1417 4463; x_wconf 85' lang='lat' dir='ltr'>murare</span> <span class='ocrx_word' id='word_1_453' title='bbox 1450 4414 1877 4476; x_wconf 87' lang='lat' dir='ltr'>semplicemente</span> <span class='ocrx_word' id='word_1_454' title='bbox 1909 4414 1942 4464; x_wconf 91' lang='lat' dir='ltr'>il</span> <span class='ocrx_word' id='word_1_455' title='bbox 1975 4415 2152 4477; x_wconf 80' lang='lat' dir='ltr'>luogo,</span> <span class='ocrx_word' id='word_1_456' title='bbox 2190 4412 2326 4463; x_wconf 86' lang='lat' dir='ltr'>dove</span> <span class='ocrx_word' id='word_1_457' title='bbox 2359 4412 2539 4476; x_wconf 81' lang='lat' dir='ltr'>quella</span> <span class='ocrx_word' id='word_1_458' title='bbox 2584 4409 2762 4463; x_wconf 83' lang='lat' dir='ltr'>tomba</span> <span class='ocrx_word' id='word_1_459' title='bbox 2811 4420 2904 4462; x_wconf 79' lang='lat' dir='ltr'>era</span> <span class='ocrx_word' id='word_1_460' title='bbox 2954 4409 3115 4461; x_wconf 83' lang='lat' dir='ltr'>collo-</span> <span class='ocrx_word' id='word_1_461' title='bbox 3214 4435 3227 4451; x_wconf 50' lang='grc' dir='ltr'><strong><em>κ</em></strong></span> 
     </span>
    </p>
   </div>
   <div class='ocr_carea' id='block_1_9' title="bbox 436 4470 3117 4715">
    <p class='ocr_par' dir='ltr' id='par_1_16' title="bbox 436 4470 3117 4715">
     <span class='ocr_line' id='line_1_48' title="bbox 436 4470 3117 4540; baseline 0 -20"><span class='ocrx_word' id='word_1_462' title='bbox 436 4484 442 4491; x_wconf 86' lang='grc'><em>·</em></span> <span class='ocrx_word' id='word_1_463' title='bbox 529 4472 729 4522; x_wconf 63' lang='lat' dir='ltr'>catam.</span> <span class='ocrx_word' id='word_1_464' title='bbox 764 4472 828 4525; x_wconf 90' lang='lat' dir='ltr'>Se</span> <span class='ocrx_word' id='word_1_465' title='bbox 859 4475 959 4525; x_wconf 84' lang='lat' dir='ltr'>Dio</span> <span class='ocrx_word' id='word_1_466' title='bbox 993 4486 1178 4527; x_wconf 82' lang='lat' dir='ltr'>avesse</span> <span class='ocrx_word' id='word_1_467' title='bbox 1211 4476 1496 4527; x_wconf 82' lang='lat' dir='ltr'>realmente</span> <span class='ocrx_word' id='word_1_468' title='bbox 1531 4478 1751 4538; x_wconf 82' lang='lat' dir='ltr'>operato</span> <span class='ocrx_word' id='word_1_469' title='bbox 1783 4475 1905 4540; x_wconf 83' lang='lat' dir='ltr'>quei</span> <span class='ocrx_word' id='word_1_470' title='bbox 1939 4476 2196 4535; x_wconf 85' lang='lat' dir='ltr'>miracoli,</span> <span class='ocrx_word' id='word_1_471' title='bbox 2233 4473 2460 4526; x_wconf 84' lang='lat' dir='ltr'>avrebbe</span> <span class='ocrx_word' id='word_1_472' title='bbox 2492 4473 2708 4525; x_wconf 77' lang='lat' dir='ltr'>soflerto</span> <span class='ocrx_word' id='word_1_473' title='bbox 2741 4473 2839 4524; x_wconf 87' lang='lat' dir='ltr'>che</span> <span class='ocrx_word' id='word_1_474' title='bbox 2871 4482 2981 4524; x_wconf 75' lang='lat' dir='ltr'>una</span> <span class='ocrx_word' id='word_1_475' title='bbox 3012 4470 3117 4522; x_wconf 82' lang='lat' dir='ltr'>mi·</span> 
     </span>
     <span class='ocr_line' id='line_1_49' title="bbox 525 4532 3111 4613; baseline 0.002 -32"><span class='ocrx_word' id='word_1_476' title='bbox 525 4532 760 4608; x_wconf 71' lang='lat' dir='ltr'>serabile</span> <span class='ocrx_word' id='word_1_477' title='bbox 793 4537 1052 4598; x_wconf 79' lang='lat' dir='ltr'>muraglia</span> <span class='ocrx_word' id='word_1_478' title='bbox 1085 4539 1466 4611; x_wconf 76' lang='lat' dir='ltr'>attraversasse</span> <span class='ocrx_word' id='word_1_479' title='bbox 1491 4537 1516 4612; x_wconf 36' lang='lat' dir='ltr'>‚i</span> <span class='ocrx_word' id='word_1_480' title='bbox 1550 4538 1670 4611; x_wconf 37' lang='lat' dir='ltr'>suo-i</span> <span class='ocrx_word' id='word_1_481' title='bbox 1701 4538 1948 4613; x_wconf 70' lang='lat' dir='ltr'>disegni?</span> <span class='ocrx_word' id='word_1_482' title='bbox 1985 4559 2005 4583; x_wconf 70' lang='grc' dir='ltr'>ι</span> <span class='ocrx_word' id='word_1_483' title='bbox 2042 4538 2326 4612; x_wconf 66' lang='lat' dir='ltr'>(Littleton</span> <span class='ocrx_word' id='word_1_484' title='bbox 2347 4538 2524 4594; x_wconf 80' lang='lat' dir='ltr'>Geor.)</span> <span class='ocrx_word' id='word_1_485' title='bbox 2555 4560 2618 4573; x_wconf 94' lang='lat'>—</span> <span class='ocrx_word' id='word_1_486' title='bbox 2677 4536 2733 4585; x_wconf 77' lang='lat' dir='ltr'>V.</span> <span class='ocrx_word' id='word_1_487' title='bbox 2785 4534 2971 4597; x_wconf 82' lang='lat' dir='ltr'>Feller,</span> <span class='ocrx_word' id='word_1_488' title='bbox 3016 4533 3111 4585; x_wconf 80' lang='lat' dir='ltr'>Di·</span> 
     </span>
     <span class='ocr_line' id='line_1_50' title="bbox 525 4599 2685 4715; baseline 0.001 -69"><span class='ocrx_word' id='word_1_489' title='bbox 525 4599 1062 4715; x_wconf 44' lang='lat' dir='ltr'>mffnfflftn‘ffc‘x‘ri’nan&#39;</span> <span class='ocrx_word' id='word_1_490' title='bbox 1095 4601 1262 4651; x_wconf 80' lang='lat' dir='ltr'>Paris.</span> <span class='ocrx_word' id='word_1_491' title='bbox 1297 4625 1355 4637; x_wconf 92' lang='lat'>—-</span> <span class='ocrx_word' id='word_1_492' title='bbox 1390 4601 1688 4651; x_wconf 71' lang='lat' dir='ltr'>Dazionarto</span> <span class='ocrx_word' id='word_1_493' title='bbox 1721 4602 1956 4654; x_wconf 65' lang='lat' dir='ltr'>flacciana</span> <span class='ocrx_word' id='word_1_494' title='bbox 1987 4601 2049 4654; x_wconf 79' lang='lat' dir='ltr'>ed</span> <span class='ocrx_word' id='word_1_495' title='bbox 2079 4602 2446 4653; x_wconf 71' lang='lat' dir='ltr'>Anttrtectano.</span> <span class='ocrx_word' id='word_1_496' title='bbox 2483 4599 2535 4649; x_wconf 91' lang='lat' dir='ltr'>h.</span> <span class='ocrx_word' id='word_1_497' title='bbox 2569 4599 2648 4650; x_wconf 86' lang='lat' dir='ltr'>tit.</span> <span class='ocrx_word' id='word_1_498' title='bbox 2680 4624 2685 4631; x_wconf 91' lang='lat'><strong>·</strong></span> 
     </span>
    </p>
   </div>
  </div>
 </body>
</html>
