3292 5167
539 212 672 281 680
1220 233 1336 282 tle.
1384 236 1449 283 ιι.
1498 236 1709 284 ratior.
1761 235 1888 283 vni.
1935 235 2090 282 nise.
2137 231 2229 281 tn.
2278 234 2409 280 ear.
2458 229 2500 279 1.

536 357 668 406 suae
712 340 1014 408 mortalis,
1057 340 1229 408 Sane
1277 339 1364 421 id,
1414 340 1594 426 quod
1640 348 1743 410 est
1794 339 1964 424 finis,
2020 357 2138 425 per
2191 354 2267 409 se
2305 339 2504 409 dehet
2551 337 2705 424 eligi
2773 346 2840 409 et
2908 340 3136 417 amari,-

547 465 743 534 habet
793 466 968 534 enim
1018 466 1345 535 rationem
1393 467 1553 536 boni
1605 486 1724 554 per
1770 486 1882 536 se:
1931 467 2112 553 atqui
2164 466 2313 535 talis
2376 471 2479 535 est
2528 464 2831 534 charitas.

636 570 853 636 ⁹68·
902 554 1138 643 Mod'us
1188 583 1408 644 autem
1456 575 1769 661 diligendi
1819 577 2051 656 Deum,
2104 575 2193 642 ait
2240 594 2295 643 s.
2353 572 2646 644 'Thomas
2694 591 2775 642 ex
2824 592 2877 641 s,
2926 574 3137 657 Augu-

541 681 740 763 stin0,
792 688 892 750 est
944 700 1095 750 eum
1144 681 1417 767 diligere
1466 691 1787 768 quantum
1838 690 2096 769 potest3
2146 699 2298 750 eum
2347 683 2435 750 sit
2482 682 2735 751 infinite
2786 679 3138 765 diligibilis

542 790 638 857 De
689 789 912 858 indole
938 790 1137 875 igitur
1169 807 1342 859 verae
1370 790 1707 859 charitatis
1746 792 1893 875 erit,
1933 797 2005 860 ut
2039 808 2113 860 ea
2148 791 2233 858 sit
2267 788 2811 876 supernaturalis,
2857 789 3140 863 interna,

540 896 974 982 appretiative
1022 915 1300 979 summa,
1356 900 1583 968 efficax
1633 906 1700 968 et
1746 897 2156 991 universalis.
2270 984 2275 993 Ι

725 1006 791 1088 l)
840 1007 1371 1092 supernaturalis,
1420 1006 1489 1074 id
1537 1015 1638 1075 est
1687 1025 1724 1075 a
1771 1005 1991 1074 divina
2030 1006 2243 1092 gratia
2279 1003 2763 1091 proficiscente,
2798 1019 2995 1071 secus
3031 1001 3141 1068 vir-

549 1119 655 1179 tus
708 1112 1078 1199 theologica
1109 1133 1259 1187 ,non
1308 1122 1507 1211 esset,
1568 1152 1661 1163 —
1705 1117 1774 1201 2)
1823 1118 2102 1197 laterna,
2139 1113 2431 1200 alioquin
2467 1113 2696 1182 fictitia
2738 1116 2960 1180 esset:
2999 1109 3142 1177 hinc

547 1218 657 1285 illa
702 1221 899 1288 verba
994 1229 1329 1308 praecepto
1380 1220 1722 1309 adjuncta:
1770 1242 1853 1289 θα)
1897 1233 2020 1289 coto
2067 1220 2268 1304 corde,
2316 1241 2399 1288 eoe
2442 1231 2574 1289 tota
2616 1219 2856 1300 anim,
2891 1238 2977 1285 ea:
3011 1228 3134 1283 tota

543 1340 758 1395 mente.
813 1364 904 1377 -—
935 1331 1003 1414 3)
1036 1331 1454 1416 Appreciative
1484 1350 1750 1414 summa,
1786 1331 1872 1397 ita
1912 1338 1984 1398 ut
2016 1328 2284 1415 majoris
2318 1328 2632 1396 faciamus
2678 1329 2912 1407 Deum,
2955 1340 3146 1410 quam

547 1451 669 1502 nos
718 1451 791 1503 ae
839 1442 1058 1504 cetera
1105 1438 1343 1517 omnia,
1394 1438 1450 1506 ei
1490 1455 1727 1524 nempe
1760 1455 1963 1524 super
1998 1436 2217 1506 omnia
2253 1436 2339 1503 ita
2374 1433 2805 1518 adhaerendO,
2848 1438 2920 1500 ut
2958 1450 3145 1517 neque

541 1561 731 1624 mors,
778 1564 972 1629 neque
1015 1547 1162 1621 vita,
1210 1516 1420 1631 nequ?
1445 1559 1739 1613 creatura
1781 1546 1914 1613 alia
1955 1547 2147 1632 possit
2208 1556 2335 1613 nos
2382 1563 2679 1631 separare
2745 1563 2786 1609 a
2846 1541 3145 1608 charitate

545 1649 662 1716 Dei
714 1650 761 1717 ¹.
811 1654 891 1718 Et
938 1669 1096 1722 sane
1146 1670 1296 1721 cum
1345 1653 1714 1721 amabilitas
1763 1654 1850 1721 sit
1883 1671 2193 1722 mensura
2227 1652 2495 1736 amoris,
2530 1652 2708 1719 Deus
2743 1648 2855 1736 qui
2890 1662 3147 1716 summe

546 1757 848 1827 amabilis
897 1765 1018 1842 est,
1068 1767 1170 1828 est
1216 1778 1419 1847 super
1466 1763 1685 1829 omnia
1735 1759 2073 1829 amandus.
2127 1797 2216 1809 —
2247 1763 2315 1846 4)
2347 1762 2611 1849 Efficaoe,
2661 1758 2727 1826 id
2760 1765 2862 1827 est
2898 1773 3024 1823 nos
3067 1752 3148 1822 ei-

548 1863 839 1933 ficaciter
884 1884 1154 1935 movens
1190 1865 1270 1934 ad
1317 1884 1413 1949 ea,
1466 1884 1616 1953 quae
1667 1869 1806 1935 Deo
1858 1866 2117 1953 placent
2134 1893 2153 1949 ;
2193 1878 2387 1936 secus
2427 1865 2754 1934 labiorum
2802 1869 2909 1931 est
2942 1876 3144 1949 amor,

549 1990 680 2040 non
732 1973 971 2041 cordis.
1025 1974 1190 2043 Hinc
1236 1973 1398 2042 1llud
1434 1974 1710 2043 Christi:
1745 1975 1803 2041 si
1832 1974 2093 2061 diliqitis
2123 1994 2238 2056 me,
2279 1973 2580 2041 mandata
2621 1990 2772 2063 'mea
2849 1981 3095 2037 semme
3133 2021 3145 2034 .

547 2115 637 2126 —
682 2081 751 2165 5)
805 2081 1205 2163 Universalis‚
1259 2090 1331 2148 ut
1371 2099 1608 2168 nempe
1661 2082 1869 2149 Deum
1922 2098 2186 2167 semper
2233 2082 2296 2150 in
2334 2080 2643 2149 omnibus
2680 2078 3144 2164 praeferamu8‚

552 2205 702 2255 eum
750 2186 836 2255 sit
885 2188 1141 2285 infinite
1200 2188 1634 2275 praeferibilis.

640 2299 799 2376 Quae
843 2297 1060 2364 omnia
1099 2297 1314 2366 verbis
1360 2298 1822 2367 eontinentur:
1856 2298 2076 2384 diliges
2109 2298 2446 2366 Dominum
2476 2300 2675 2365 Deum
2710 2308 2891 2362 tuum
2913 2313 2999 2360 ex
3030 2304 3144 2359 toto

549 2402 728 2468 corde
773 2415 898 2484 tuo,
948 2416 1004 2470 et
1048 2424 1129 2470 ea:
1152 2415 1280 2471 tota
1324 2405 1539 2471 anima
1586 2417 1718 2488 cua,
1767 2417 1821 2473 et
1866 2425 1948 2472 ex
1994 2417 2123 2473 cota
2150 2416 2505 2486 mentetua,
2544 2415 2598 2470 et
2629 2422 2711 2469 ea:
2756 2413 2888 2468 tota
2923 2399 3145 2467 virtute

547 2520 660 2575 tua
694 2510 741 2577 ³.
800 2511 1008 2578 Deum
1060 2529 1297 2597 nempe
1346 2510 1680 2597 diligimus
1729 2531 1812 2579 eoe
1855 2522 1977 2579 toto
2024 2511 2222 2593 corde,
2274 2509 2535 2596 quando
2588 2514 2811 2576 nostra
2862 2504 3142 2573 intentio

552 2623 689 2683 tota
739 2616 945 2684 fertur
992 2618 1057 2684 in
1109 2619 1351 2685 Deum:
1401 2638 1483 2685 em
1527 2630 1658 2686 tota
1697 2618 1932 2701 anima,
1983 2636 2133 2687 eum
2182 2624 2402 2685 motus
2436 2631 2755 2685 sensuum
2795 2620 2861 2682 et
2898 2611 3144 2698 passie-

553 2743 669 2793 nes
719 2725 800 2792 ad
848 2727 965 2794 Dei
1016 2726 1502 2813 beneplacitum
1553 2725 1938 2812 dirigimus:
1986 2746 2069 2793 ecc
2112 2738 2242 2794 tota
2288 2737 2503 2807 mente,
2540 2741 2690 2793 eum
2728 2723 2793 2789 in
2830 2720 3142 2790 omnibus

551 2834 843 2900 rationes
894 2841 1176 2913 aeterpas
1224 2835 1673 2904 consulimus:
1722 2856 1805 2903 ex
1849 2846 1978 2902 cota
2024 2834 2269 2916 virtute,
2319 2850 2470 2902 cum
2521 2833 2606 2902 ob
2658 2830 2774 2899 Dei
2845 2845 3142 2899 amorem

550 2940 971 3009 difficultates
1020 2950 1444 3012 occurrentes
1495 2961 1888 3030 superamus
1937 2950 1988 3011 ⁴.

629 3109 833 3173 964.
878 3112 1114 3177 Nostra
1156 3112 1442 3176 charitas
1485 3117 1550 3178 in
1595 3115 1785 3177 Deum
1827 3130 2026 3178 nonne
2069 3113 2301 3194 (dices)
2338 3111 2513 3179 debet
2554 3112 2744 3175 etiam
2771 3126 2905 3173 esse
2933 3109 3144 3171 inten-

553 3196 683 3254 sive
726 3210 988 3268 summa,
1037 3197 1108 3256 ut
1153 3194 1310 3256 Deus
1355 3196 1692 3259 omnimode
1739 3197 2100 3276 diliyatur?

632 3273 701 3335 R.
743 3273 1074 3353 Negand03
1121 3274 1198 3336 ad
1244 3274 1665 3339 substantiam
1732 3277 2065 3340 charitatis
2130 3276 2413 3354 pertinet
2476 3271 2734 3353 quidem
2763 3318 2779 3346 ,
2824 3278 2895 3334 ut
2938 3269 3142 3331 Deum

554 3352 898 3431 diligamus
932 3370 1148 3418 amore
1193 3359 1615 3437 appretialive
1640 3373 1909 3433 summo,
1943 3355 2262 3437 quomodo
2296 3359 2498 3435 ipsum
2533 3352 2841 3432 diligebat
2880 3347 3140 3422 Paulus,

552 3448 739 3525 quem
786 3433 959 3496 nulla
999 3434 1265 3499 adversa
1312 3452 1344 3499 a
1391 3436 1520 3501 Deo
1556 3453 1854 3517 separare
1892 3445 2221 3517 poterant:
2270 3452 2396 3499 non
2428 3443 2641 3499 autem
2672 3448 2889 3497 amore
2924 3434 3145 3521 inteu-

551 3530 687 3574 sive
731 3530 1018 3591 summu,
1061 3516 1377 3595 quomodo
1423 3528 1659 3581 matres
1724 3513 2004 3598 diligunt
2070 3515 2422 3580 infantulos
2478 3531 2645 3578 suos.
2692 3512 2807 3574 Hic
2850 3511 3006 3574 licet
3054 3514 3140 3603 sit

553 3596 975 3672 exoptanduS,
1026 3612 1151 3658 non
1208 3605 1418 3660 tamen
1456 3608 1554 3662 est
1598 3601 1663 3661 in
1713 3607 2049 3679 praecepte,
2094 3606 2231 3661 tum
2270 3600 2416 3676 quia
2460 3611 2595 3675 non
2636 3603 2733 3657 est
2775 3604 3142 3683 semper-tn

555 3683 771 3738 nostra
819 3684 1159 3756 potestate;
1211 3686 1342 3741 tum
1388 3686 1535 3759 quia
1597 3682 1874 3743 intensio
1918 3688 2015 3742 est
2076 3677 2337 3758 quidem
2380 3676 2720 3741 charitatis
2783 3671 3142 3765 pet-tecue,

555 3754 665 3816 sed
713 3757 914 3819 solum
962 3756 1408 3835 accidentalis3
1451 3776 1590 3823 cum
1639 3770 1765 3823 tota
1805 3761 1923 3822 sita
1969 3761 2052 3822 sit
2096 3760 2162 3821 in
2192 3758 2460 3838 quadam
2506 3755 2943 3830 vehementia,
2974 3760 3040 3814 et
3076 3766 3142 3813 m

554 3844 787 3899 conatu
832 3838 1113 3902 affectus.
1159 3838 1251 3901 Ex
1298 3855 1420 3919 quo
1467 3842 1723 3918 exurgit
1762 3841 1977 3913 zelus,
2021 3840 2370 3902 vehemens
2419 3852 2649 3916 nempe
2715 3833 2828 3897 ille
2885 3841 3145 3927 metus,

552 3931 677 3994 quo
724 3918 909 3979 homo
953 3935 1066 3998 pro
1111 3919 1358 3983 viribus
1403 3923 1537 3983 suls
1585 3918 1844 4001 repellit
1886 3919 2198 4000 quidquid
2264 3928 2583 3999 repugnat
2644 3916 2810 3980 bono
2866 3914 3025 3990 Det,
3073 3918 3141 3976 et

551 4013 652 4061 am
700 3996 956 4061 lectitur
1004 3999 1257 4064 fortiter
1300 4009 1365 4063 et
1407 4000 1710 4064 alacriter
1754 4003 1903 4083 quid
1958 4000 2064 4065 uid
2110 4001 2186 4063 ad
2235 4016 2380 4064 eum
2426 3999 2618 4062 ducit.
2842 4075 2855 4088 .

693 4079 888 4141 tinam
936 4095 1156 4144 omues
1200 4080 1459 4145 divinus
1504 4083 1680 4145 zelus
1710 4099 1900 4145 accen
1953 4089 2091 4145 eret
2121 4091 2185 4145 et
2224 4097 2350 4143 non
2385 4090 2553 4144 esset
2581 4076 2808 4140 modus
2840 4092 2906 4137 tn
2939 4071 3138 4137 modo

551 4156 865 4236 diligendi
915 4159 1144 4235 Deum;
1191 4171 1255 4224 at
1298 4163 1644 4226 dolendum
1678 4210 1694 4238 ,
1741 4175 1810 4226 ut
1855 4164 2001 4227 dum
2069 4162 2229 4226 alios
2290 4160 2678 4241 impellimus
2723 4158 2801 4221 ad
2846 4166 3143 4221 amorem

557 4238 964 4314 intensioni8‚
1010 4243 1072 4303 in
1120 4242 1301 4303 nobis
1345 4243 1553 4306 adhuc
1581 4243 1816 4308 ·forsan
1848 4244 2252 4308 desideretur
2282 4256 2459 4305 amor
2497 4237 2979 4320 appretiativus.
3015 4233 3143 4296 Cor

553 4326 839 4382 nostrum
891 4328 1095 4398 potest
1137 4338 1598 4405 nonnunquam
1645 4340 1883 4389 mensae
1929 4325 2220 4391 rotundae
2279 4322 2681 4403 comparari,
2728 4321 2791 4383 in
2837 4332 2958 4398 qua
3005 4328 3139 4379 non

612 4556 633 4595 ¹
671 4556 821 4607 Rom.
854 4569 970 4611 vm.
1583 4564 1607 4604 a
1639 4567 1797 4615 Marc,
1830 4577 1924 4617 xn.
2546 4563 2568 4602 ⁸
2603 4573 2640 4622 ι,
2673 4561 2753 4614 10.
2789 4572 2862 4613 tv,

609 4618 634 4661 ι
671 4619 966 4706 Αῐξςειίρυρ,
1003 4624 1136 4693 2,·2,
1171 4633 1223 4685 q.
1258 4625 1339 4683 44,
1374 4635 1422 4697 ³.-
1458 4626 1505 4673 5.
1535 4651 1602 4699 .·'·
1641 4628 1700 4676 V.
1737 4628 1965 4701 Lignori,
2002 4627 2284 4679 nen’amor
2314 4627 2485 4678 divino
2520 4639 2551 4677 ο
2603 4634 2777 4707 mezzq
2820 4632 2916 4686 pov·
2965 4634 3139 4737 Ἥ·

549 4681 744 4741 stan-10,
784 4682 993 4733 Ριαιιοα
1023 4684 1076 4735 αι
1105 4696 1261 4737 amar
1291 4688 1424 4751 σεεμ
1459 4688 1657 4748 crisim·
1690 4687 2106 4753 Saettedtsuooo.
2127 4713 2187 4727 —
2213 4689 2378 4759 Sales,
2401 4691 2640 4741 Tractato
2655 4685 2757 4738 dell
2776 4685 3001 4737 amm-dt
3119 4722 3135 4734 .
