3292 5167
1227 232 1681 296 sonorsrrpnus
2627 209 2756 279 737

246 329 317 472 Qt.
362 332 422 476 db
465 331 565 395 An
586 330 933 474 5³catholicis
976 331 1165 398 liceat
1202 336 1533 414 pecuniam
1569 353 1689 417 pro
1758 334 2116 415 <edificando
2178 334 2402 418 templo
2462 332 2758 401 koeretico

162 427 283 473 con
316 427 379 476 rt
426 429 570 474 uere

246 490 318 554 R.
361 492 423 555 S.
471 492 958 556 Poenitentiaria
1005 510 1174 557 anno
1219 495 1373 558 1822
1418 495 1780 576 respondit:
1838 521 1860 551 ‹
1905 496 2319 572 Affirmative,
2352 494 2462 559 sed
2505 503 2754 558 tantum

157 569 241 635 ad
289 589 359 635 se
404 588 641 656 suaque
687 573 917 652 templa
963 575 1041 637 ab
1088 576 1490 638 incommoda
1536 576 1645 640 illa
1690 592 1763 638 ac
1805 575 2175 639 scandalosa
2213 593 2355 644 cum
2387 584 2745 656 protestan-

166 651 339 714 tibus
385 653 889 718 simultaneitate
934 653 1289 718 liberando.
1340 682 1361 711 ι

244 730 314 804 Q.
363 733 419 795 7.
465 734 566 796 An
608 729 929 795 Parochus
973 734 1354 813 haereticum,
1382 736 1850 800 schismaticum
1876 753 1953 798 ac
1999 737 2598 799 excommunicatum
2624 751 2753 797 esse

157 811 308 890 fidei
348 831 378 875 s
425 831 700 876 onsorem
740 815 943 877 sinere
985 816 1325 895 aliquando
1366 820 1599 897 queat?

241 891 315 954 R.
411 903 618 958 ertum
666 902 762 957 est
808 896 1135 974 prohiberi
1182 897 1462 960 Parocbo
1507 914 1539 960 a
1571 896 1785 959 sacris
1830 893 2203 971 canonibuS,
2246 904 2317 959 ut
2356 894 2637 958 haeretici
2690 901 2755 956 et

161 973 361 1035 etiam
409 972 488 1037 de
534 975 762 1037 baeresi
806 979 1084 1055 suspecti
1135 985 1432 1056 tanquam
1460 977 1606 1039 fidei
1641 993 1981 1056 sponsores
2005 975 2466 1038 adsciscantur.
2494 973 2754 1049 Verum,

163 1064 444 1129 urgente
491 1059 889 1129 necessitate,
934 1059 1288 1135 praesertim
1339 1058 1441 1121 ubi
1478 1074 1559 1119 ex
1595 1056 1860 1119 Paroobi
1896 1058 2317 1136 oppositione,
2348 1053 2653 1117 scandala
2691 1062 2756 1116 et

161 1130 285 1194 alia
321 1135 485 1198 mala
519 1136 1012 1214 praevideantur,
1043 1137 1105 1198 id
1144 1138 1386 1200 licitum
1409 1153 1550 1202 esse
1581 1136 1797 1216 plures
1831 1137 2228 1199 arbitrantur
2260 1169 2338 1182 -
2372 1135 2427 1196 V.
2458 1135 2756 1213 Layman,

164 1210 274 1352 Θή).
321 1214 502 1360 Mag,
548 1215 580 1279 l.
629 1230 689 1292 V,
742 1225 817 1280 tr.
861 1217 918 1294 2,
960 1233 1011 1279 c.
1053 1217 1093 1280 9
1106 1236 1127 1294 3
1169 1226 1234 1280 et
1276 1217 1573 1294 Barbosa,
1616 1216 1702 1278 De
1742 1218 1932 1297 officio
1973 1226 2036 1280 et
2073 1223 2380 1297 potestate
2423 1213 2750 1295 Episcopi,

159 1308 191 1352 a
252 1310 351 1371 eg.
537 1305 654 1358 etc.

240 1372 310 1445 Q.
357 1373 412 1437 8.
458 1343 559 1439 fin
603 1377 669 1439 in
709 1375 1067 1457 reqionibus
1114 1375 1224 1440 ubi
1268 1376 1547 1439 haeretici
1577 1376 1693 1455 Jus
1733 1359 2086 1458 politicum,
2122 1378 2455 1455 cultusque
2491 1373 2755 1440 libertas

159 1456 550 1534 conceditur,
598 1455 894 1521 catholici
937 1460 1047 1537 qui
1087 1476 1166 1520 ea·
1212 1458 1404 1537 officio
1449 1458 1691 1537 templis
1736 1459 2103 1521 eaetruendis
2170 1456 2590 1535 solvendisque
2652 1454 2752 1516 de·

162 1536 374 1598 nariis
414 1553 529 1616 pro
572 1538 779 1599 cultus
822 1539 1122 1601 exercitio
1166 1555 1240 1601 ac
1284 1537 1720 1600 ministrorum
1762 1539 2218 1602 sustentatione
2282 1538 2519 1600 addicti
2559 1541 2754 1613 sunt,

160 1617 389 1677 cerarii
431 1615 673 1696 publici
710 1620 1038 1696 pecuniam
1078 1620 1229 1682 dare
1299 1618 1469 1680 licite
1529 1619 1788 1697 possint,
1832 1626 1906 1684 ut
1975 1620 2200 1696 templa
2259 1617 2754 1697 protestantium

160 1695 555 1774 «edificentur
595 1714 671 1759 ac
711 1706 1175 1774 conserventur,
1220 1716 1547 1778 eorumque
1570 1697 1858 1761 ministri
1888 1698 2153 1762 alantur
2181 1715 2255 1761 ac
2277 1699 2753 1761 sustententur?

198 1821 211 1858 2
243 1775 314 1837 R.
362 1778 601 1839 Auctor
643 1776 889 1856 OperiS,
929 1781 1359 1842 Proelectiones
1386 1776 1565 1842 Iuris
1597 1793 1733 1842 can.
1772 1778 1999 1842 habicoe
2033 1781 2103 1846 in
2133 1778 2483 1842 Seminario
2519 1778 2577 1841 S.
2616 1778 2754 1846 Sul-

158 1856 334 1935 pitii,
381 1858 683 1933 affirma23
729 1867 856 1922 tum
905 1861 1050 1940 quia
1119 1863 1188 1935 ii,
1251 1862 1356 1939 qui
1403 1877 1482 1921 ex
1525 1859 1738 1921 officio
1789 1869 2182 1924 concurrunt
2224 1860 2303 1921 ad
2371 1861 2753 1939 templorum

162 1936 659 2000 aedificationem
705 1949 769 2002 et
810 1940 887 2001 ad
939 1940 1347 2018 partitionem
1413 1939 1823 2003 denariorum
1894 1941 2291 2018 publicorum
2363 1957 2503 2020 quae
2568 1944 2749 2005 attri-

166 2015 454 2081 buuntur
502 2018 1077 2097 pseudoministris,
1126 2036 1248 2082 non
1300 2019 1616 2084 habentur
1678 2022 1768 2083 uti
1835 2020 2177 2096 complices
2242 2022 2541 2094 baeresis3
2616 2033 2749 2087 tum

160 2099 310 2175 quia
357 2101 398 2160 ii
450 2100 556 2178 qui
606 2109 846 2162 remote
896 2111 1137 2163 tantum
1184 2109 1247 2162 et
1292 2100 1566 2164 mediate
1608 2100 1688 2163 ad
1732 2110 1942 2165 actum
1987 2099 2196 2163 cultus
2244 2101 2530 2163 baeretici
2598 2118 2746 2165 cou-

163 2187 462 2252 curruut,
515 2181 914 2242 necessitatis
959 2198 1164 2255 causa,
1211 2180 1392 2243 illum
1435 2198 1509 2242 eo
1547 2182 1684 2261 ipso
1751 2181 2108 2260 approbare
2180 2197 2305 2242 non
2371 2192 2750 2259 censentur3

162 2257 273 2320 sed
323 2276 582 2338 semper
627 2270 689 2323 ot
734 2261 798 2323 in
842 2264 1012 2322 omni
1059 2277 1208 2324 casu
1253 2261 1622 2323 scandalum
1648 2261 2073 2324 amovendum
2106 2270 2218 2324 est.
2278 2260 2341 2321 V.
2367 2260 2748 2340 Veccbiotti,

163 2337 377 2403 Instit.
428 2341 760 2416 canonicas,
808 2339 847 2402 l.
895 2358 977 2416 ιν,
1022 2358 1070 2402 c.
1113 2342 1175 2414 2,
1220 2340 1371 2421 519..
1402 2376 1479 2387 —-
1508 2342 1809 2420 Aicbner,
1843 2341 2271 2420 compendium
2305 2340 2483 2403 Iuris
2507 2358 2749 2422 canon„

164 2424 198 2506 g
240 2418 336 2481 47.
382 2454 463 2465 —
502 2419 806 2497 Perrone,
851 2421 936 2483 De
993 2420 1235 2485 Virtute
1274 2420 1661 2503 Reliqionis;
1708 2426 1858 2486 item
1902 2423 1973 2484 de
2013 2422 2147 2500 fide.
2279 2477 2286 2485 .

236 2498 494 2560 1⁰18.
541 2500 661 2561 Fu
721 2521 771 2560 a
812 2499 897 2561 ἰιι
940 2498 1563 2581 persecutiones
1599 2502 1745 2582 fuga
1776 2502 2119 2581 aliquando
2149 2510 2243 2565 est
2273 2507 2600 2580 praecepta‚
2629 2503 2747 2568 ali-

164 2579 429 2656 quando
472 2571 654 2659 proni·
701 2585 814 2656 ita,
857 2581 1203 2662 aliquando
1249 2582 1468 2646 libera.

330 2659 383 2722 1.
433 2660 541 2723 Est
577 2668 910 2742 praecepta,
950 2663 1204 2741 quando
1244 2664 1405 2742 quiS‚
1428 2663 1719 2725 conscius
1761 2679 1892 2726 suae
1939 2660 2415 2734 imbecillitatis,
2459 2663 2640 2726 timet
2669 2679 2751 2726 ne

166 2750 430 2818 propter
478 2752 787 2805 tormenta
835 2743 897 2804 in
945 2743 1343 2806 confessione
1377 2743 1535 2805 'fidei
1582 2743 1871 2816 deficiat3
1921 2751 2070 2805 item
2115 2758 2255 2804 cum
2323 2757 2592 2821 persona
2642 2759 2750 2806 ue-

162 2822 441 2883 cessaria
490 2831 586 2883 est
630 2823 726 2884 vel
774 2839 1175 2901 summopere
1212 2823 1388 2887 utilis
1434 2824 1599 2886 bono
1643 2823 2007 2895 communi,
2057 2831 2164 2883 aut
2240 2822 2288 2882 si
2360 2823 2749 2899 praevidetur

168 2908 517 2980 tyrannum
563 2904 761 2982 magis
810 2903 871 2964 in
919 2903 1265 2967 Ecclesiam
1311 2903 1740 2975 incitandum
1786 2903 1852 2983 2)
1910 2911 2008 2964 est
2081 2899 2444 2981 prohibita,
2493 2906 2753 2982 quando

167 2997 278 3060 per
323 2981 544 3059 fugam
586 2984 1071 3046 subtraheretur
1124 2988 1325 3060 bpnor
1371 2985 1495 3046 Deo
1532 2983 1785 3048 debitus
1830 2992 1938 3046 aut
1985 2983 2272 3062 proximo
2337 2981 2583 3045 utilitas
2630 2985 2743 3047 im·

210 3062 545 3125 endenda:
590 3064 752 3142 quod
811 3064 1084 3126 maxime
1128 3066 1328 3128 currit
1382 3065 1462 3126 de
1508 3064 1905 3138 Pastoribus3
1949 3063 2013 3141 3)
2058 3072 2236 3124 extra
2316 3060 2521 3124 dictos
2567 3080 2749 3127 casus

198 3159 313 3219 uga
361 3146 491 3205 erit
537 3152 778 3206 tautum
823 3144 1113 3217 consilii‚·
1159 3156 1228 3208 ut
1270 3145 1322 3206 si
1367 3146 1507 3224 quis
1539 3145 1602 3207 in
1640 3144 1908 3207 Domino
1944 3141 2215 3205 contidit
2259 3156 2326 3202 se
2382 3159 2563 3219 posse
2595 3144 2746 3207 fidei

164 3222 639 3285 confessionem
684 3225 1025 3297 sustinere,
1072 3235 1137 3287 et
1183 3235 1390 3288 tamen
1436 3227 1628 3288 etiam
1673 3225 1912 3302 absque
1943 3221 2243 3285 scandalo
2275 3232 2484 3299 potest
2512 3239 2580 3284 se
2611 3226 2749 3290 sub·

168 3301 429 3376 ducere,
471 3313 534 3366 et
574 3306 727 3383 quin
772 3305 885 3366 Dei
932 3307 1135 3367 bonor
1179 3305 1272 3368 vel
1312 3306 1598 3384 proximo
1642 3305 1890 3369 utilitas
1942 3300 2409 3384 pessumdetur.
2439 3302 2570 3366 Hoc
2603 3321 2751 3384 pru·
2857 3353 2860 3364 .

169 3382 382 3445 dentis
431 3393 528 3445 est
563 3384 854 3465 J'pdicare
898 3395 961 3448 et
1004 3401 1216 3448 coram
1263 3385 1549 3448 Domino.

250 3463 470 3525 Dices:
500 3464 786 3542 Apostoli
806 3483 1004 3528 nonne
1032 3465 1391 3545 culpantur,
1426 3465 1577 3543 quia
1608 3464 1829 3527 relicto
1860 3462 2132 3536 Christo,
2160 3478 2363 3524 omnes
2393 3460 2745 3544 superant?

175 3539 294 3605 Sed
344 3545 825 3624 respondemus,
870 3545 1360 3624 quodApostoli
1407 3560 1534 3605 non
1582 3555 1928 3623 peccarunt
1978 3543 2244 3621 praecise
2302 3541 2609 3619 fugiendo
2655 3545 2743 3608 fe·

176 3625 410 3687 rociam
451 3625 851 3704 judaeorum3
891 3624 1001 3687 sed
1047 3628 1192 3702 quia
1231 3629 1600 3704 magistrum
1631 3641 1816 3688 suum
1852 3622 2238 3686 videbantur
2274 3622 2574 3686 deserere
2603 3640 2747 3688 cum

171 3704 447 3845 guadam
493 3705 845 3784 ignominia
888 3715 954 3768 et
995 3706 1392 3780 diffidentia,
1426 3705 1603 3785 quasi
1646 3706 1778 3784 jam
1842 3715 2052 3768 actum
2099 3712 2271 3766 esset
2314 3702 2392 3765 de
2439 3704 2558 3779 iis,
2604 3721 2746 3783 quae

223 3785 463 3850 hristus
510 3784 639 3848 illis
685 3785 1080 3865 promiserat.
1130 3786 1306 3849 Dens.
2115 3853 2136 3864 ..

253 3865 551 3937 Quaeres:
588 3868 689 3930 An
732 3867 921 3930 liceat
956 3866 1246 3945 Pontifici
1287 3866 1563 3928 ,Maximo
1608 3873 1875 3946 tempore
1907 3863 2359 3945 persecutionis
2393 3862 2613 3944 fuyam
2645 3879 2752 3927 ar·

172 3945 400 4023 ripere,
441 3947 631 4008 etiam
673 3947 900 4010 relicta
934 3945 1172 4008 Roma?

255 4024 323 4087 R.
368 4024 541 4100 Quod
589 4027 1185 4107 neque-maioribus
1231 4027 1487 4100 nostris,
1532 4041 1739 4105 neque
1782 4024 2160 4088 clarioribus
2199 4032 2565 4087 nostrorum
2598 4032 2747 4085 tem·

177 4119 401 4182 porum
435 4107 922 4184 ,Theologiset
971 4106 1333 4170 Canonistis
1393 4107 1700 4169 hactenus
1767 4107 1831 4168 in
1890 4113 2167 4167 mentem
2216 4107 2426 4175 venit,
2469 4106 2746 4165 neoteri-

173 4199 285 4247 cus
330 4187 589 4264 quidam
630 4188 818 4251 italus
863 4189 1194 4267 presbyter
1237 4187 1333 4260 (in
1370 4185 1502 4249 Lib.
1538 4186 1810 4248 Ernesto
1851 4185 2138 4257 Filalete,
2189 4180 2608 4262 Sull’obblipo
2649 4182 2749 4245 del

192 4262 439 4330 Vescovo
465 4285 718 4332 romano
739 4287 770 4332 e
799 4267 1101 4348 Pontefice
1132 4269 1422 4330 massimo
1448 4266 1516 4330 di
1545 4267 1841 4330 risiedere
1872 4267 1938 4328 in
1963 4264 2154 4326 Roma
2173 4284 2199 4336 ;
2231 4263 2517 4341 Fir-onze,
2544 4262 2750 4341 1861),

179 4345 733 4425 impudentissime
775 4364 966 4412 ausus
1009 4357 1106 4410 est
1150 4364 1404 4427 negare,
1448 4347 1732 4410 Romano
1777 4345 2066 4408 Pontifici
2115 4353 2398 4423 ternpore
2454 4360 2743 4424 persecu·

182 4425 372 4489 tionis
415 4428 634 4507 (etiam
678 4429 871 4492 Roma
922 4430 1053 4509 ipsa
1101 4430 1236 4489 sive
1281 4428 1566 4491 nondum
1608 4428 1743 4490 sive
1783 4427 1913 4504 iam
1958 4435 2136 4505 capta
2174 4423 2251 4517 ab
2285 4424 2598 4504 inimicis)
2624 4422 2742 4517 ⁸tu·

178 4519 320 4582 gam
363 4521 648 4587 arripere
690 4518 755 4573 et
797 4509 925 4572 alio
968 4524 1035 4573 se
1079 4507 1432 4572 transferre
1462 4509 1558 4571 fas
1600 4525 1761 4572 esse.
1803 4506 1962 4582 Quid
2001 4505 2254 4568 consilii
2287 4520 2503 4567 secum
2534 4519 2751 4567 ammo

179 4596 436 4660 gereret
490 4597 708 4652 auctor
752 4605 895 4655 cum
941 4590 1005 4651 in
1053 4598 1293 4653 tautam
1337 4589 1598 4653 devenit
1637 4588 2124 4662 absurditatem,
2168 4600 2322 4648 num
2366 4593 2435 4648 ut
2480 4584 2742 4647 Pontifi-

179 4678 316 4735 cem
359 4667 450 4730 sic
495 4668 778 4735 traderet
820 4671 1143 4750 inimicis,
1190 4672 1323 4751 ipse
1366 4669 1620 4735 viderit.
1665 4667 1942 4742 Quatuor
1987 4683 2103 4729 nos
2151 4665 2468 4732 tutissime
2513 4681 2747 4747 propu-
