3292 5167
1316 216 1393 320 nn
1435 273 1573 320 ειυς
2608 254 2742 321 655

144 381 284 448 Huc
329 375 598 447 tandem
651 376 989 463 pertinent
1058 377 1210 446 libri
1283 377 1555 465 speciali
1621 377 2020 447 Pontificum
2091 376 2595 448 Constitutione
2647 378 2747 447 vel

149 484 338 553 Brevi
389 481 729 570 prohibiti,
781 483 1029 570 quippe
1077 485 1189 571 qui
1238 502 1506 571 semper
1543 483 1867 553 adnexam
1929 485 2173 553 habent
2208 474 2746 554 excommunica-

143 590 395 659 tionem
440 590 594 676 ipso
644 589 817 658 facto
868 593 1063 677 Papae
1115 598 1532 659 reservatam.
2097 640 2110 657 .

229 697 404 765 Libri
453 697 737 769 secundoe
783 698 1002 767 classis
1052 698 1489 784 prohibentur
1536 717 1615 767 ex
1666 698 1910 784 Regula
1961 699 2069 765 10·
2139 698 2391 780 Indicis
2445 698 2510 767 et
2570 700 2745 766 Con—

137 804 488 873 stitutione
559 788 901 871 Dominicic
967 805 1175 891 qreyis
1223 804 1316 873 Pii
1378 804 1461 873 IV
1534 804 1661 873 suh
1727 822 1920 891 poena
1990 804 2152 872 item
2219 803 2744 873 excommunica·

141 911 337 979 tionis
393 912 539 997 ipso
588 910 781 994 facto,
834 930 966 980 non
1020 921 1233 981 tamen
1287 889 1661 982 reservatas.
1719 914 1862 980 Sub
1935 912 2163 981 eadem
2236 929 2503 998 quoque
2553 928 2747 997 poena

136 1018 576 1106 prohibentur
653 1018 802 1087 libri
880 1018 961 1086 de
1033 1021 1510 1105 superstitione
1575 1027 1975 1102 tractanteS,
2053 1020 2108 1088 si
2183 1027 2398 1088 tamen
2471 1019 2744 1088 haeresis

132 1125 585 1211 suspicionem
628 1126 938 1194 tribuant.
977 1129 1121 1195 Non
1160 1130 1381 1197 autem
1423 1127 1862 1213 probibentur
1909 1127 2068 1196 libri
2135 1127 2646 1209 catholicorum,
2679 1128 2745 1195 in

131 1234 376 1320 quibus
426 1235 805 1317 referuntur
848 1235 1046 1304 verba
1085 1236 1367 1322 alicujus
1429 1236 1727 1304 haeretici
1766 1236 1845 1313 ad
1899 1255 2050 1304 eum
2093 1236 2599 1305 confutandum:
2637 1252 2747 1303 ne-

132 1360 263 1429 que
312 1342 425 1410 ubi
478 1342 716 1411 adsunt
767 1349 943 1410 notae
993 1343 1272 1430 alicujus
1322 1344 1641 1426 haeretici,
1696 1343 2058 1412 dummodo
2113 1362 2245 1413 non
2320 1344 2453 1412 sint
2501 1343 2589 1410 ita
2638 1360 2747 1411 co-

137 1449 364 1537 piosae,
417 1460 490 1518 ut
539 1451 762 1537 potius
813 1451 979 1519 liber
1025 1469 1105 1519 ex
1144 1451 1273 1520 illis
1325 1452 1500 1520 notis
1553 1459 1910 1521 constaret.

221 1558 399 1626 Libri
447 1559 645 1626 tertioe
685 1560 903 1626 classis
951 1559 1126 1628 nulla
1178 1560 1619 1645 probibentur
1687 1578 1919 1645 poena3
1971 1558 2088 1627 sed
2148 1559 2464 1644 legentes,
2498 1562 2609 1624 aut
2643 1574 2743 1623 re-

135 1663 448 1747 tinenteS‚
477 1673 725 1751 praeter
772 1665 1070 1735 mortalis
1121 1666 1334 1752 culpae
1388 1675 1642 1734 reatum
1698 1684 1778 1734 ex
1837 1666 2325 1741 Constitutione
2361 1663 2455 1730 Pii
2508 1664 2588 1732 IV
2623 1666 2747 1730 Do-

130 1771 346 1865 minici
387 1772 622 1857 gyra-qis
673 1769 991 1838 dicuntur
1038 1773 1522 1858 Episcoporum
1565 1772 1818 1859 Judicio
1869 1789 2093 1840 severe
2155 1769 2489 1857 puniendi.
2561 1769 2742 1837 Libri

130 1879 670 1964 tamen-antiqui,
722 1879 831 1966 qui
885 1896 987 1947 res
1038 1879 1311 1947 lascivas
1374 1883 1720 1949 continent
1768 1882 1849 1948 ab
1898 1879 2181 1947 ethnicis
2231 1876 2617 1964 conscripti,
2655 1875 2740 1945 ob

130 1984 524 2070 elegantiam
573 1983 1146 2053 indiscriminatim
1186 1987 1680 2072 permittuntur,
1723 1985 1945 2073 pueris
1984 1995 2197 2054 tamen
2234 1983 2527 2070 exceptis

213 2087 433 2152 936·
490 2092 561 2171 Q.
612 2092 672 2157 7.
727 2092 888 2172 Quid
930 2092 1292 2178 requirit-ur,
1341 2106 1407 2161 ut
1478 2095 1848 2162 incurratur
1915 2091 2489 2160 eoecommunicatio
2535 2091 2613 2157 ab
2662 2090 2743 2157 iis

125 2199 233 2283 qui
279 2198 500 2283 lequnt
548 2198 736 2265 libros
782 2200 1220 2269 haereticorum
1250 2207 1282 2266 5>
1443 2280 1452 2289 „

217 2307 283 2373 R.
336 2307 499 2405 Haec
548 2305 976 2391 requiruntur
1021 2323 1101 2373 ex
1148 2307 1484 2375 communi
1537 2309 1940 2376 Doctorum:

279 2415 361 2479 ’1.
412 2415 500 2482 Ut
546 2421 779 2481 auctor
824 2412 971 2481 libri
1022 2414 1109 2481 sit
1155 2433 1308 2483 vere
1355 2416 1699 2499 haeretic-203,
1749 2434 1866 2482 seu
1915 2422 1987 2482 ut
2037 2413 2205 2482 liber
2252 2413 2338 2481 sit
2406 2411 2623 2480 editus
2657 2410 2739 2479 ab

126 2535 205 2586 eo
253 2519 363 2604 qui
413 2526 571 2587 actu
620 2518 974 2588 haereticus
1024 2526 1146 2605 est,
1202 2528 1272 2587 ut
1321 2527 1476 2588 sunt
1555 2520 1939 2603 calvinistae,
1991 2519 2340 2600 lutherani,
2391 2513 2736 2603 anglicani,

126 2624 497 2694 waldenses
537 2633 602 2694 et
651 2626 758 2692 alii
816 2614 930 2713 qui
982 2627 1247 2696 not'orie
1295 2628 1627 2697 haereticae
1676 2634 1883 2696 sectae
1935 2645 2177 2696 nomen
2226 2627 2363 2712 jam
2396 2624 2580 2711 prius
2629 2622 2740 2691 de-

125 2729 372 2799 derint:
426 2749 635 2817 quare
685 2748 820 2799 non
896 2732 1144 2800 sufficit
1185 2732 1242 2800 si
1295 2740 1528 2819 postea
1569 2733 1924 2801 haereticus
1974 2731 2104 2814 liat,
2139 2733 2191 2799 si
2221 2731 2368 2799 talis
2404 2748 2534 2799 non
2575 2734 2736 2812 erat,

124 2835 279 2905 dum
315 2838 563 2906 librum
612 2838 897 2923 scripsit.
947 2839 1054 2907 Sic
1099 2839 1297 2907 etiam
1338 2841 1446 2926 qui
1500 2841 1746 2926 legeret
1791 2839 2045 2925 scripta
2093 2839 2178 2907 oh
2213 2837 2489 2905 haeresis
2523 2836 2740 2922 suspi-

126 2938 382 3013 cionem
456 2945 554 3012 vel
627 2945 825 3012 etiam
873 2945 958 3014 ob
1009 2944 1222 3031 ipsam
1273 2947 1579 3015 baeresim
1652 2946 2001 3032 prohibita,
2078 2953 2143 3013 et
2217 2944 2368 3013 ideo
2446 2944 2615 3015 liber
2653 2943 2738 3009 sit

125 3050 477 3120 damnatus
497 3058 569 3120 ut
593 3051 967 3143 haereticus
989 3052 1360 3122 incurreret
1386 3053 1654 3140 quidem
1680 3051 2436 3122 excommunicationem
2475 3050 2736 3133 ludim,

127 3176 272 3244 quae
323 3178 460 3227 non
510 3165 612 3228 est
659 3166 985 3229 reservata
1004 3185 1022 3241 3
1076 3178 1209 3228 non
1266 3152 1484 3229 tamen
1536 3159 2293 3229 excommunicationem
2337 3163 2736 3225 reservatam

125 3266 329 3334 Bunae
381 3270 607 3346 Coenoe,
655 3275 729 3334 ut
799 3266 1040 3335 docent
1090 3269 1526 3354 probabiliter
1583 3286 1748 3361 ‘cum
1798 3267 2180 3353 Pignatelli;
2234 3267 2389 3353 quia
2456 3264 2533 3359 ad
2591 3279 2738 3331 eam

127 3370 591 3443 incurrendam
639 3374 1022 3460 requiritur,
1063 3382 1136 3444 ut
1207 3377 1407 3444 etiam
1454 3376 1596 3462 ipse
1646 3381 1878 3443 auctor
1926 3374 2274 3460 damnatus
2327 3372 2422 3440 sit‘
2470 3381 2544 3440 ut
2593 3372 2735 3440 hae-

127 3479 388 3563 reticus‚
439 3480 540 3548 vel
586 3489 777 3548 natus
817 3500 895 3549 ex
946 3490 1126 3551 secta
1176 3482 1513 3551 baeretica.
1563 3486 1729 3552 Item
1780 3498 2000 3568 neque
2055 3481 2232 3548 illam
2292 3480 2572 3547 incurrit
2621 3478 2731 3565 qui

127 3583 372 3669 legeret
423 3587 665 3656 librum
714 3589 966 3674 pagani,
1009 3598 1213 3659 turcae
1251 3590 1350 3659 vel
1399 3591 1672 3658 alterius
1723 3589 2030 3672 infidelis,
2066 3571 2226 3657 lice't
2258 3604 2525 3657 errores
2570 3604 2732 3653 con-

126 3697 224 3758 tra
274 3692 469 3762 fidem
520 3697 913 3779 contineret,
966 3697 1088 3764 nisi
1141 3696 1402 3767 adesset
1468 3698 1789 3786 specialis
1841 3695 2207 3783 prohibitio
2236 3721 2253 3775 3
2304 3694 2456 3781 quia
2504 3690 2736 3760 infide-

132 3797 226 3868 le‘s
277 3820 408 3870 non
460 3811 614 3871 sunt
665 3803 978 3885 baeretici,
1030 3823 1179 3872 cum
1229 3805 1426 3874 fidem
1477 3825 1660 3892 nunq
1691 3824 1841 3873 uam
1892 3803 2310 3889 susceperint
2356 3805 2405 3867 ³.

303 3912 364 3976 2.
399 3912 480 3979 Ut
514 3910 712 3979 lectio
748 3910 894 3978 libri
932 3913 1222 3980 auctoris
1265 3914 1560 3983 haeretici
1601 3913 2024 3981 fiatscientcr.
2059 3909 2249 3980 Unde
2282 3908 2392 3995 qui
2424 3926 2504 3976 ex
2539 3906 2730 3991 igno-

127 4014 333 4081 rantia
382 4004 579 4085 etiam
626 4015 912 4113 vincibili
965 4019 1174 4087 nescit
1221 4020 1462 4090 librum
1511 4039 1660 4090 esse
1711 4021 2025 4104 haeretici,
2060 4019 2160 4087 vel
2228 4017 2535 4085 haeresim
2574 4032 2733 4082 con-

125 4119 354 4203 tinere,
408 4132 519 4192 aut
566 4124 648 4193 de
696 4114 1036 4210 Religione
1086 4133 1390 4211 tractare,
1431 4147 1563 4196 non
1617 4126 1903 4194 incurrit
1943 4122 2726 4195 excommunicationem.

189 4347 212 4386 ¹
245 4350 382 4401 Dicit
413 4354 664 4406 Holzman
699 4355 752 4405 et
786 4354 932 4417 Gury
963 4353 1234 4405 numerari
1270 4352 1406 4405 inter
1437 4352 1601 4403 libros
1636 4353 1691 4402 in
1725 4352 1878 4423 Bulla
1915 4352 2080 4403 Coenoe
2122 4351 2314 4402 vetitos
2358 4348 2575 4409 librum,
2634 4349 2726 4413 qui

126 4418 212 4522 3110
215 4412 467 4524 rpgggesso
503 4417 688 4489 tractet
722 4416 787 4467 de
821 4415 1027 4476 haeresi,
1062 4415 1524 4528 ᾳυαωνίειἹΙβῑθαὲ
1543 4417 1749 4474 auctor,
1782 4424 1912 4526 quita
1960 4415 2310 4526 ωηῗκειυοὲοι·
2346 4414 2487 4462 recte
2522 4422 2719 4524 proesu·

123 4531 349 4593 legentes
379 4478 1084 4601 ῧῗῐὲῐῇΐῧξὲῖξῗῖοὲξιξξῗῖἱ
1116 4478 1827 4601 ξὲῗὲξὲἐτξῗτίηάἳὲξὲξῑῑᾳξὲ
1852 4485 2624 4589 οξῐῗνῗιξοθίῗὲηιιῗηξωῖἒῗίιὲῗιᾶἓ
2654 4485 2722 4585 g}

121 4602 222 4643 suo
251 4598 336 4646 vel
367 4602 597 4655 alterius
633 4602 860 4653 haeretici
895 4601 1047 4661 libro,
1085 4608 1212 4664 puta
1247 4602 1572 4654 inveniendo
1605 4599 2073 4661 contradictiones,
2110 4599 2160 4671 si·
2212 4600 2506 4662 periculum
2543 4599 2610 4647 sit
2662 4607 2722 4647 m

121 4663 289 4781 ῗῑᾞὶἷ,
316 4667 641 4777 gffgggateat
674 4674 920 4717 recursus
955 4664 1200 4728 Romam,
1237 4666 1318 4717 vel
1364 4663 1431 4716 ad
1488 4663 1832 4729 Episcopum.
1882 4687 1946 4699 —
2009 4663 2067 4712 V.
2104 4662 2336 4727 Lignori,
2377 4661 2513 4725 Opus
2567 4660 2720 4719 Mor„
