3292 5167
483 214 612 281 772
1497 231 1616 280 tle.
1666 173 1744 280 n..
1777 234 1988 280 rnacr.
2035 230 2166 282 vm.
2233 283 2240 290 ,

481 319 782 380 ctoritate
824 315 1148 399 procedat.
1186 342 1209 373 ι
1253 316 1369 379 Les
1395 316 1928 386 condamnations
1971 315 2310 397 generales
2352 324 2501 390 sont
2541 318 2881 384 utilement
2923 335 3080 401 pra·

478 400 727 478 tiquees
762 397 921 460 dans
967 397 1248 477 l'Eglise‚
1294 412 1453 476 pour
1489 397 1740 460 donner
1785 412 2034 459 comme
2080 412 2166 460 un
2216 399 2496 478 premier
2538 416 2699 481 conp
2767 415 2894 463 aux
2961 418 3039 463 er

479 495 661 541 reurs
707 481 1084 555 naissantes,
1128 488 1189 540 et
1232 486 1503 540 souvent
1542 481 1753 539 meme
1804 478 1862 538 le
1904 477 2189 553 dernier,
2233 477 2492 543 suivant
2557 479 2913 560 l’exigence
2979 481 3069 544 de

478 574 584 621 cas
629 567 691 621 et
737 558 792 620 le
837 559 1033 636 degre
1079 557 1554 633 d’obstination,
1599 558 1788 638 qu’on
1829 565 2064 622 trouve
2108 557 2269 621 daus
2315 553 2409 622 les
2438 563 2692 640 esprits.
2720 585 2743 615 ι
2789 559 2876 624 lta
2912 561 3069 626 Bos·

478 649 621 701 suet
666 641 727 700 in
776 638 978 717 Opere
1025 638 1254 702 Second
1296 640 1461 702 ecrit
1500 657 1616 700 sur
1659 639 1712 701 le
1760 638 1918 701 livre
1957 639 2029 701 de
2072 638 2362 703 Fenelon.

639 720 692 781 3,
741 718 900 780 Sunt
945 722 1049 799 qui
1083 720 1176 782 de
1222 718 1394 782 facili
1442 719 1842 782 inducuntur
1884 717 1964 782 ad
2012 719 2450 799 reprobandas
2494 729 2757 783 cunctas
2818 723 3068 801 opinio·

483 815 618 876 nes,
661 816 802 878 quae
839 800 1115 880 aliquam
1160 798 1655 863 similitudinem
1703 800 1944 861 babent
1987 815 2131 862 cum
2175 800 2731 880 {impositionibus
2796 801 3063 866 damna·

480 880 583 954 tis,
634 879 847 958 inepte
896 887 1189 958 putantes
1233 896 1339 943 eas
1384 880 1468 942 ita
1514 879 1911 959 generaliter
1955 881 2291 958 proscribi,
2333 889 2404 943 nt
2439 879 2680 943 nullam
2729 883 3063 961 patiantur

476 961 918 1038 exceptionem
964 961 1734 1038 vel'interpretationem.
1779 958 1957 1033 Quod
2004 968 2105 1023 est
2133 955 2365 1024 'contra
2415 969 2710 1025 naturam
2772 966 3054 1041 proposi·

481 1042 725 1101 tionum
770 1041 1248 1116 damnatarum;
1286 1043 1464 1120 juxta
1510 1045 1684 1104 enim
1730 1040 2068 1103 Doctorum
2117 1056 2501 1105 consensum
2553 1057 2681 1104 non
2713 1051 2866 1104 sunt
2893 1042 3060 1107 clau·

476 1120 563 1181 sis
608 1120 805 1183 oculis
851 1121 1222 1199 rejiciendae
1266 1137 1488 1184 omnes
1523 1122 1884 1201 opiniones,
1936 1122 2058 1183 nisi
2107 1137 2406 1200 expresse
2445 1134 2554 1186 aut
2592 1122 3058 1186 virtualiteriu

478 1202 856 1280 proscriptis
900 1204 1371 1265 contineantur.
1416 1200 1711 1264 Ceterum
1785 1201 2175 1280 regulariter
2219 1203 2695 1283 propositiones
2740 1203 3063 1266 damnatae

477 1280 915 1360 intelligendae
957 1291 1127 1357 sunt,
1171 1291 1241 1344 ut
1277 1283 1516 1361 iacent,
1565 1291 1629 1344 et
1676 1286 1739 1343 in
1777 1297 1971 1344 sensu
2016 1284 2328 1361 rigoroso,
2372 1282 2448 1344 ab
2492 1284 2864 1346 auctoribus
2923 1283 3063 1347 illa·

476 1376 619 1423 rum
665 1363 943 1435 intent03
990 1364 1587 1441 praeterquamquod
1632 1362 1924 1441 quaedam
1972 1364 2312 1442 opiniones
2357 1362 2676 1426 damnatae
2707 1372 2879 1441 sunt,
2909 1367 3060 1442 quia

478 1441 671 1503 nimis
713 1441 1104 1521 generaliter
1147 1443 1593 1522 loquebantur,
1638 1450 1703 1503 et
1738 1441 1883 1504 ideo
1916 1458 2041 1504 non
2080 1451 2232 1505 sunt
2263 1443 2690 1506 extendendae
2725 1444 2801 1506 ad
2834 1459 3062 1507 omnes

478 1536 659 1584 casus
705 1522 1145 1601 particulareS,
1192 1526 1299 1603 qui
1391 1532 1606 1603 ropter
1651 1521 1927 1602 aliquam
1974 1531 2440 1586 momentosam
2505 1525 3061 1587 circumstantiam

475 1601 553 1663 ab
597 1601 727 1664 illis
771 1604 1277 1682 distinguuntur.
1325 1540 1634 1683 (Riguori,
1689 1602 1855 1681 Opas
1899 1602 2080 1684 Mor„
2125 1603 2166 1664 l.
2212 1621 2312 1680 111,
2358 1620 2417 1666 n.
2466 1603 2632 1682 760.)
2843 1623 2854 1630 ·

634 1683 687 1744 4.
715 1681 948 1745 Omnes
974 1686 1438 1763 propositiones
1468 1700 1500 1747 a
1528 1684 1942 1746 Pontificibus
1968 1683 2305 1757 damnatas,
2336 1683 2488 1747 licet
2521 1701 2646 1746 non
2675 1699 2896 1746 omnes
2927 1684 3062 1748 sint

472 1761 817 1838 haereticae,
864 1764 974 1827 sed
1021 1764 1164 1827 aliae
1210 1767 1588 1838 temerariae,
1631 1765 1775 1826 aliae
1820 1763 2236 1839 scandalosae,
2272 1771 2388 1826 etc.
2465 1772 2673 1827 tamen
2710 1764 3080 1840 accedente,

471 1840 799 1905 Pontificis
841 1842 1240 1918 definitione,
1283 1846 1637 1909 tenendum
1682 1856 1781 1906 est
1823 1844 1902 1907 de
1950 1845 2095 1918 fide,
2140 1846 2309 1924 quod
2376 1812 2506 1907 il'lae
2577 1847 3062 1930 propositiones

471 1935 621 1984 vere
667 1933 1033 1987 mereantur
1077 1923 1252 1987 illam
1296 1928 1537 1988 erroris
1585 1931 1824 2000 notam,
1853 1940 2038 2004 quam
2081 1925 2376 1988 Pontifex
2411 1927 2649 1998 inurit3
2683 1934 2749 1987 et
2779 1926 2924 1988 ideo
2956 1942 3057 1986 es·

475 2011 570 2065 set
616 2003 870 2082 quidem
921 2007 1278 2088 haereticus,
1322 2008 1430 2085 qui
1458 2006 1731 2080 ‚easdem
1802 2013 2104 2084 tanquam
2150 2021 2358 2084 veras,
2379 2011 2448 2066 et
2489 2006 2701 2075 licitas
2767 2022 3061 2086 sequere-

473 2091 597 2158 tur,
640 2094 749 2146 aut
793 2096 1243 2165 propugnaret,
1287 2098 1355 2150 ut
1398 2088 1559 2149 bene
1592 2088 1682 2147 ait
1725 2083 1881 2148 Viva
1927 2089 1991 2147 in
2040 2084 2267 2160 Qaoest.
2309 2100 2479 2165 prop.
2526 2088 2738 2149 damn.
2783 2086 2918 2149 Non
2968 2094 3063 2148 ta·

473 2178 617 2224 men
668 2165 1008 2229 haereticus
1052 2174 1240 2243 esset,
1288 2169 1340 2229 si
1389 2167 1860 2245 propositiones
1905 2165 2235 2229 damnatas
2281 2169 2345 2229 in
2410 2166 2600 2244 globo
2675 2171 3062 2244 sejungeret,

473 2246 1019 2325 contenderetque
1075 2258 1291 2310 notam
1336 2247 1599 2309 haeresis
1646 2246 1747 2308 bis
1792 2255 1899 2308 aut
1944 2246 2072 2308 illis
2116 2262 2243 2309 non
2310 2246 2653 2327 applicari3
2716 2263 2866 2322 cum·
2914 2246 3062 2308 ideo

475 2338 602 2384 non
635 2342 786 2389 vere
830 2336 1202 2390 censuraret
1242 2327 1545 2390 Ecclesiae
1590 2328 1710 2389 bac
1753 2326 1830 2389 de
1875 2342 1946 2387 re
1984 2326 2333 2406 judicium;
2375 2342 2524 2389 nam
2550 2326 2695 2389 ndei
2729 2327 3063 2390 catholicae

473 2405 691 2468 stricte
736 2416 1003 2487 sumptae
1049 2424 1176 2469 non
1219 2408 1689 2480 adversaretur,
1714 2423 1855 2469 cum
1881 2407 2154 2486 singulas
2181 2407 2650 2487 propositiones
2677 2424 2804 2469 non
2840 2415 2905 2469 ut
2938 2408 3061 2469 bae-

473 2486 692 2553 reticae
735 2490 866 2549 sint
909 2488 1244 2550 damnatae.
1291 2489 1585 2551 Attamen
1632 2487 1808 2549 illius
1852 2488 2137 2549 conditio
2171 2487 2309 2549 'non
2379 2488 2523 2553 ideo
2580 2489 2812 2560 melior
2855 2500 3058 2562 esset;

471 2565 733 2629 rebeliis
777 2569 948 2630 enim
994 2586 1141 2646 erga
1188 2568 1566 2642 Ecclesiam,
1615 2574 1679 2631 et
1717 2584 1863 2630 reus
1909 2568 2148 2647 peccati
2194 2568 2482 2632 mortalis
2552 2584 2802 2648 semper
2845 2568 3056 2630 fleret.

477 2642 787 2724 (Lignori,
835 2648 1000 2728 Opas
1044 2648 1225 2723 Mor„
1254 2649 1313 2713 .l.
1359 2665 1402 2724 1,
1447 2665 1504 2710 n.
1554 2648 1717 2724 104.)

553 2724 642 2789 lta
691 2725 835 2791 Pius
879 2729 1041 2811 Papa
1089 2728 1167 2792 IX
1209 2729 1289 2793 80
1334 2729 1800 2809 propositiones
1844 2725 2174 2790 damnavit
2218 2730 2283 2790 in
2329 2727 2751 2791 celeberrimo
2798 2725 3059 2806 Syllaba

472 2803 645 2867 edito
691 2824 815 2871 nna
860 2826 1000 2872 cum
1048 2809 1356 2874 catholica
1403 2808 1738 2888 Encyclica
1789 2805 2041 2881 Quanta
2088 2825 2245 2871 cara
2286 2808 2326 2872 8
2371 2807 3063 2872 dec.1865.Cnmillae

472 2886 604 2947 sint
645 2889 905 2966 quidem
932 2889 1305 2968 singillatim
1343 2897 1882 2964 commemoratae,
1910 2888 2019 2950 sed
2054 2891 2309 2951 nonnisi
2346 2891 2411 2950 in
2450 2889 2638 2976 globo
2677 2881 3064 2968 reprobatae,

471 2975 606 3028 esto
651 2968 817 3047 quod
866 2974 1061 3049 possit
1102 2971 1312 3034 adbuc
1355 2968 1643 3043 defendi,
1692 2970 1835 3031 sine
1877 2985 2100 3031 errore
2145 2985 2213 3031 in
2258 2969 2405 3044 fide,
2448 2970 2614 3049 qnod
2665 2984 2790 3031 una
2826 2969 2930 3030 vel
2966 2969 3059 3031 al-

470 3054 603 3109 tera
650 3053 998 3129 propositio
1043 3066 1170 3114 non
1218 3060 1541 3114 mereatur
1585 3051 1750 3112 banc
1795 3049 1891 3110 vel
1943 3048 2128 3111 illam
2173 3049 2515 3129 specialem
2561 3065 2937 3123 censuram;
2998 3057 3066 3113 at

473 3138 718 3204 certum
762 3134 1028 3194 omnino
1070 3139 1191 3207 est,
1261 3130 1427 3211 quod
1472 3131 1695 3209 ntique
1738 3144 1961 3192 omnes
2034 3128 2162 3191 illae
2235 3146 2350 3210 pro
2399 3131 2711 3193 ositiones
2779 3129 3062 3209 aliquam

471 3219 804 3273 merentur
849 3218 1097 3287 notam,
1141 3211 1300 3275 adeo
1344 3219 1414 3275 ut
1456 3212 1564 3290 qui
1610 3208 1926 3273 catholico
1976 3211 2238 3272 nomine
2300 3225 2333 3271 a
2386 3212 2508 3274 buc
2574 3211 2914 3289 gloriatur,
2977 3216 3065 3273 te·

472 3299 703 3352 neatur
748 3291 892 3355 illas
935 3301 999 3354 et
1041 3307 1265 3355 omnes
1307 3300 1370 3353 et
1439 3290 1728 3369 singulas
1793 3291 2164 3368 reprobare,
2234 3291 2659 3369 proscribere,
2730 3291 3064 3353 damnare.

468 3367 692 3447 Itaque
735 3371 853 3450 (ait
895 3371 1190 3434 Pontifex
1230 3388 1266 3433 e
1308 3370 1611 3434 cathedra
1659 3369 1955 3449 loquens)
2005 3387 2211 3432 omnes
2253 3378 2317 3433 ct
2355 3370 2641 3451 sinqalas
2668 3387 2903 3450 pravas
2933 3373 3062 3449 opi-

470 3449 685 3512 niones
728 3470 804 3514 ac
844 3453 1169 3516 doctrinas
1210 3453 1592 3532 ainqillatim
1637 3449 1815 3513 hisco
1859 3452 2065 3513 literis
2116 3460 2643 3527 commemoratas,
2671 3453 3064 3515 auctoritate

468 3529 707 3593 Nostra
749 3535 1110 3612 Apostolica
1151 3528 1577 3612 reprobamus,
1624 3529 2113 3611 proscribimus·
2165 3539 2240 3594 at
2283 3549 2358 3593 ue
2417 3534 2785 3594 damnamus
2843 3543 3067 3613 easque

470 3608 553 3675 ab
597 3613 881 3686 omnibus
925 3613 1249 3677 catholicae
1290 3611 1582 3675 Ecclesia·
1622 3611 1777 3688 filiis
1819 3611 2015 3675 velati
2056 3548 2450 3692 repr-agatae,
2514 3613 2910 3691 proscriptas
2974 3620 3067 3675 at·

472 3707 588 3770 que
628 3694 961 3757 damnatas
1002 3694 1248 3757 omnino
1293 3691 1514 3756 haberi
1553 3692 1833 3755 volumus
1901 3699 1964 3754 at
2031 3694 2416 3756 mandamus.
2476 3727 2554 3737 —
2608 3689 2669 3755 V.
2736 3692 2944 3758 Sordi.
3010 3692 3071 3756 11

471 3770 713 3837 Sillabo
752 3775 819 3837 di
862 3773 920 3837 S.
968 3773 1026 3837 S.
1067 3774 1182 3837 Pio
1225 3775 1402 3852 Papa
1437 3772 1526 3835 IX
1562 3777 1803 3851 esposto
1846 3772 1914 3834 in
1956 3771 2161 3851 forma
2201 3774 2269 3837 di
2319 3774 2717 3838 catechismo.
2780 3806 2862 3819 —
2924 3771 3066 3836 Fal-

472 3853 738 3929 coni,·Il
782 3853 1021 3920 Sillabo
1058 3854 1397 3936 pontificio,
1441 3858 1606 3916 assia
1651 3850 2090 3931 confataziona
2128 3854 2300 3934 deqli
2338 3856 2550 3918 errori
2591 3854 2656 3916 in
2718 3870 2856 3915 esso
2921 3869 3068 3917 con·

471 3933 760 3998 dmnati.
828 3934 1039 4000 Roma.
1083 3970 1161 3981 —
1200 3936 1316 3999 Pio
1359 3933 1449 3996 IX
1506 3951 1537 3995 c
1576 3932 1669 4014 qli
1713 3935 1920 3995 errori
1961 3936 2260 4012 moderni,
2305 3950 2417 4014 per
2459 3933 2558 3996 Fr.
2615 3933 2935 3996 Lodovico
3000 3933 3065 3997 di
3153 3993 3156 3998 .

472 4012 895 4107 Castelpiauo.
939 4015 1229 4093 velletri,
1276 4014 1449 4078 1865.
1480 4046 1571 4106 ⁸-
1612 4011 1847 4088 Keller,
1890 4014 2159 4095 Encycle
2200 4015 2285 4108 da
2327 4016 2366 4078 8
2427 4016 2561 4078 dec.
2609 4014 2804 4107 ⁸1864,
2858 4021 2922 4077 et
2977 4014 3070 4079 les

466 4096 1154 4258 {taraiasa}
1176 4115 1277 4240 aa
1299 4079 1890 4256 ‘ariaratiae
1908 4093 2920 4257 03.a.aa⁶t‘ff.;p0¹;?.za..¹.⁸⁶³·
2984 4127 3069 4142 ··

1376 4469 1544 4517 rmls
1634 4471 1797 4518 unm
1839 4465 2125 4515 saeuum.
