3292 5167
454 259 585 324 474
1209 275 1324 321 ιιι.
1373 277 1438 321 n.
1485 277 1700 322 τιμε-ι’.
1752 275 1859 323 vn.
1908 277 2060 323 msr.
2102 278 2142 322 t.
2192 276 2325 323 aar.
2374 276 2451 355 11.-

452 381 614 450 item
661 381 728 449 in
775 379 1092 450 secundo.
1141 381 1210 449 Si
1261 388 1484 451 tamen
1551 399 1748 451 causa
1789 382 1970 469 justa
2018 380 2126 463 sit,
2174 378 2383 450 semel
2430 379 2600 448 facta
2661 378 3058 466 compositio

453 505 587 556 non
637 495 1005 569 revocatur,
1052 489 1354 574 quamvis
1399 496 1790 574 compareat
1851 487 2200 569 dominus;
2262 487 2419 573 quia
2480 487 2616 573 jam
2692 485 3059 555 dominium

450 595 744 680 legitime
789 594 1183 665 translatum
1231 594 1372 662 suit.
1424 598 1519 664 lta
1559 599 1745 682 Lugo
1784 604 2017 664 contra
2066 594 2253 677 alios,
2303 593 2415 680 qui
2485 591 2755 680 quidem
2820 594 3055 662 volunt

450 722 531 773 eo
581 704 645 771 in
694 721 850 771 casu
898 702 1276 772 debitorem
1321 705 1530 773 teneri
1579 722 1848 792 semper
1892 703 2164 775 domino
2214 702 2569 771 restituere
2615 700 2777 770 illud
2814 702 2884 770 in
2924 718 3055 788 quo

450 811 662 879 factus
715 816 819 878 est
867 810 1092 879 ditior.

537 922 719 987 Hanc
767 919 1325 1003 compositionem
1373 917 1683 987 concedit
1732 918 1831 986 vel
1898 918 2042 1005 ipsa
2128 916 2655 1000 Poenitentiaria‚
2728 923 2800 984 ut
2863 915 3057 986 docet

449 1026 860 1096 Benedictus
897 1028 1041 1096 xlv
1103 1025 1289 1093 Bulla
1367 1030 1597 1095 Pastor
1657 1027 1869 1093 bonas.
1930 1028 2078 1095 Non
2143 1032 2367 1095 tamen
2438 1026 2846 1113 Episcopns;
2913 1025 3056 1094 haec

450 1134 630 1201 enim
676 1134 953 1202 facultas
1002 1140 1190 1202 actus
1237 1141 1339 1201 est
1387 1149 1722 1219 supremae
1774 1134 2123 1219 potestatis
2158 1140 2207 1199 ¹.

929 1653 1844 1741 DISPUTATIO
1900 1655 2564 1743 SECUNDA

877 1843 1010 1923 DE
1079 1843 1928 1917 ΒΕεΤΙΤυΤιοΝΕ
1997 1845 2106 1915 IN
2178 1845 2615 1915 spuens.

1339 2157 1384 2223 c
1408 2156 1454 2223 Α
1475 2156 1526 2224 Ρ
1545 2157 1597 2225 υ
1621 2157 1673 2224 τ
1741 2156 1793 2263 Ρ
1813 2156 1867 2225 Β
1890 2159 1904 2224 ι
1926 2158 1990 2224 Μ
2010 2157 2062 2225 υ
2085 2159 2149 2226 Μ

1119 2327 1217 2383 nn
1255 2324 1463 2384 nonis
1500 2326 1760 2386 ANIMAE
1797 2326 1889 2384 Er
1926 2312 2285 2385 conpoms‘
2311 2325 2354 2384 ².

526 2542 731 2605 691.
776 2541 942 2604 Bona
989 2541 1349 2621 spiritualia
1393 2557 1508 2603 seu
1552 2543 1784 2604 animae
1815 2540 2093 2621 duplicis
2122 2550 2275 2605 sunt
2309 2542 2611 2618 generis:
2659 2549 3046 2621 supernatu-

448 2625 613 2689 ralia
648 2631 713 2686 et
743 2621 1080 2685 naturalia.
1114 2619 1673 2702 Super-naturalia,
1715 2638 1858 2702 quae
1888 2621 2261 2686 conducunt
2292 2623 2370 2687 ad
2404 2622 2682 2687 salutem
2713 2630 3049 2696 aeternam,

445 2706 541 2770 uti
587 2706 815 2784 gratia,
858 2703 1186 2775 sanctitaS,
1234 2705 1528 2777 virtutes,
1570 2700 2004 2767 Sacramenta.
2050 2703 2401 2769 Naturalia
2461 2720 2605 2784 quae
2670 2702 3049 2767 referuntur

447 2788 525 2850 ad
573 2787 776 2867 ipsam
825 2792 1119 2845 naturam
1164 2784 1508 2847 humanam
1552 2783 1820 2864 ejusque
1872 2782 2322 2863 perfectione8‚
2366 2787 2460 2850 uti
2542 2801 2696 2848 usus
2755 2784 3049 2859 rationis„

446 2868 808 2946 ingenium,
850 2864 1183 2939 memoria,
1230 2866 1380 2926 item
1426 2865 1717 2927 scientiae
1763 2872 1829 2926 et
1871 2874 2062 2927 artes,

531 2947 705 3010 luter
749 2945 914 3007 bona
959 2953 1172 3007 autem
1215 2946 1504 3024 corporis
1547 2945 1653 3006 hic
1698 2946 2022 3024 praecipue
2067 2952 2492 3009 numerantur
2527 2949 2685 3019 vita,
2742 2940 3043 3009 membro·

444 3044 592 3091 rum
633 3026 996 3107 integritas,
1035 3025 1401 3106 virainitas,
1445 3025 1760 3103 pudicitia
1801 3040 1874 3086 ac
1915 3027 2183 3091 castitas
2226 3025 2607 3106 conjuqalis.
2670 3024 2759 3088 De
2807 3025 3047 3105 quibus

448 3108 749 3171 omnibus
792 3104 870 3170 ad
937 3122 1157 3169 rerum
1220 3105 1761 3185 complementum
1833 3114 1934 3170 est
2003 3112 2071 3171 in
2145 3110 2635 3188 praesentiarum
2704 3107 3050 3186 agendum,

446 3191 567 3251 etsi
614 3204 743 3250 non
787 3193 1001 3250 omnia
1050 3187 1528 3250 restitutionem
1587 3186 1921 3249 inducent.

535 3325 756 3389 θένε.
808 3326 880 3405 Q.
933 3325 993 3390 l.
1039 3321 1139 3390 Ad
1180 3322 1332 3407 qaid
1375 3334 1618 3390 tenetur
1664 3323 1774 3409 qui
1817 3324 2016 3390 alium
2064 3325 2223 3392 loesit
2267 3324 2338 3389 in
2382 3324 3014 3410 supernaturalibus?

535 3433 606 3499 R.
658 3430 780 3511 Qui
828 3429 1109 3497 alterum
1157 3429 1238 3512 vi,
1289 3428 1515 3497 fraude
1564 3437 1678 3497 aut
1724 3430 1881 3498 dolo
1932 3430 2106 3499 laesit
2156 3431 2220 3498 in
2271 3430 2466 3500 bonis
2513 3430 2768 3500 ordinis
2817 3448 3049 3516 super·

445 3536 791 3620 naturalis,
841 3556 896 3602 v.
947 3553 1028 3620 g.,
1079 3535 1265 3603 illum
1315 3536 1690 3605 inducendo
1736 3537 1814 3604 ad
1868 3546 2239 3623 peccatum,
2293 3539 2394 3606 vel
2444 3538 2782 3607 evocando
2831 3556 2866 3605 a
2912 3538 3048 3605 vir-

444 3653 611 3728 tute,
659 3645 758 3712 vel
810 3642 1171 3713 imbuendo
1219 3644 1380 3712 falsa
1429 3644 1752 3729 doctrina,
1805 3653 2071 3716 tenetur
2116 3666 2196 3715 ex
2238 3648 2495 3734 justitia
2544 3648 2696 3730 vim,
2744 3644 3048 3715 fraudem

449 3762 519 3823 et
567 3752 792 3820 dolum
845 3751 1123 3834 auferre,
1197 3768 1484 3837 eumque
1554 3753 1618 3820 in
1696 3754 2041 3840 pristinam
2115 3753 2489 3823 libertatem
2557 3753 2913 3825 restituere
2980 3760 3050 3829 et

445 3861 666 3929 omnia
714 3859 951 3925 damna
998 3858 1320 3927 resarcire
1373 3858 1525 3927 inde
1574 3868 1842 3942 secuta3
1892 3880 2042 3929 cum
2092 3862 2377 3931 istorum
2426 3862 2626 3930 fuerit
2675 3880 2873 3931 causa
2920 3880 3046 3949 po-

444 3968 657 4048 sitiva,
708 3968 938 4034 efficax
987 3975 1053 4034 et
1101 3965 1362 4051 injusta.
1431 3967 1595 4035 Hinc
1663 3967 1774 4051 qui
1829 3986 2063 4054 pravos
2114 3969 2322 4038 libros
2394 3974 2845 4059 propagarunt
2911 3968 3046 4053 (in-

447 4086 680 4144 cautos
729 4075 908 4144 falsis
958 4074 1280 4143 doctrinis
1331 4075 1762 4161 imbuentes),
1812 4097 1930 4146 eos
1982 4086 2307 4167 quantum
2375 4086 2660 4165 possunt
2732 4076 3046 4162 colligere

443 4190 775 4267 tenentur,
827 4184 1209 4271 reprobare,
1261 4183 1845 4267 anathematizare,
1901 4205 1981 4255 ne
2022 4187 2301 4257 ulterius
2335 4186 2650 4259 damnum
2683 4186 2957 4255 afferant
2991 4181 3043 4251 ⁸.

505 4360 527 4399 1
571 4361 628 4411 V.
665 4361 899 4423 Lignori,
937 4360 1027 4423 Op.
1061 4361 1222 4421 Mor„
1256 4358 1288 4409 l.
1323 4371 1403 4420 ιιι,
1440 4372 1492 4411 n.
1527 4362 1639 4411 591.

501 4425 527 4463 9
565 4423 620 4471 V.
655 4422 710 4473 Li
785 4424 886 4484 ori,
922 4424 1012 4484 011.
1051 4423 1200 4483 Mor„
1233 4422 1268 4471 l.
1299 4434 1375 4483 tn,
1412 4433 1504 4472 nn.
1540 4423 1636 4473 660
1667 4423 1721 4475 ct
1752 4434 1900 4536 seqq.
1934 4448 1998 4461 —
2031 4422 2290 4485 Cari-iere,
2324 4425 2395 4475 De
2424 4423 2657 4484 lustitia,
2690 4432 2744 4473 n.
2781 4422 2924 4475 1302.

501 4487 527 4526 ⁸
557 4486 690 4547 Egi-e
747 4497 838 4535 um
873 4484 1084 4548 reliquit
1112 4483 1416 4546 exemplum
1453 4484 1704 4544 Fenelon,
1739 4486 1831 4549 qui
1885 4486 1987 4538 icet
2016 4485 2163 4537 bona.
2192 4484 2296 4537 ssde
2328 4497 2565 4538 errorem
2594 4483 2855 4545 docuerit,
2888 4482 3043 4541 Bm!

439 4545 737 4601 Innocentti
763 4548 856 4598 xll
890 4545 1162 4598 damnanti
1191 4557 1349 4597 suum
1385 4547 1579 4597 librum
1616 4548 1885 4604 (Massivae
1914 4549 1994 4598 dei
2028 4550 2200 4607 Santi)
2250 4560 2360 4599 non
2411 4548 2586 4601 solum
2636 4548 2821 4599 statim
2870 4548 2924 4597 et
2969 4554 3045 4595 ex

438 4613 554 4663 toto
586 4609 744 4659 corde
777 4609 1019 4669 adnaesit,
1052 4607 1390 4659 laudabiliter
1420 4621 1479 4660 se
1510 4609 1831 4672 subjiciens;
1865 4610 1957 4661 sed
1993 4611 2218 4663 eundem
2270 4611 2468 4663 librum
2505 4612 2816 4665 solemniter
2858 4616 3042 4671 repro·

437 4673 607 4731 bavit,
639 4671 838 4741 diffusa
869 4671 1199 4733 exemplaria
1232 4671 1501 4733 colligens.
1536 4671 1750 4723 Utinam
1784 4671 1934 4725 illum
1967 4672 2244 4727 imitentur
2275 4674 2367 4738 qui
2402 4675 2548 4726 nisce
2602 4674 2801 4729 nostris
2847 4672 3047 4741 tempo·

437 4735 590 4788 ribus
620 4735 677 4785 in
705 4732 1029 4786 toed1ssimos
1061 4744 1270 4785 errores
1306 4734 1626 4797 impigerunt
1661 4735 1715 4787 et
1746 4745 1840 4786 eos
1875 4734 2078 4800 ubique
2113 4735 2571 4790 disseminarunt}
