3292 5167
503 307 631 372 714
762 339 789 350 -
1165 322 1279 368 mn.
1326 321 1391 366 ιι.
1439 320 1648 366 rme-r.
1696 316 1823 366 vm.
1880 320 2034 366 nisi».
2084 321 2167 367 ni.
2217 321 2348 368 car.
2393 317 2468 366 11.

502 436 703 496 tatem
740 426 946 497 fovet:
974 425 1122 494 ideo
1175 424 1350 494 nulla
1397 443 1477 493 ex
1525 441 1875 507 causa,·ne
1921 423 2159 493 mortis
2198 423 2493 510 quidem,
2525 421 2828 495 excusari
2862 432 3086 513 potest

498 554 535 604 a
583 534 838 603 mortali
888 539 1159 619 peccato
1208 532 1352 600 baec
1399 532 1781 618 cooperatio
1830 532 1896 600 in
1946 531 2264 616 re'gravi.

591 641 985 728 cooperatio
1055 657 1210 709 vero
1282 638 1638 707 materialis
1712 639 1948 722 evenit,
1999 656 2150 706 cum
2202 638 2373 707 actio
2424 639 2528 707 est
2572 639 2982 720 indifferens,
3028 648 3092 709 et

503 752 841 837 proximus
892 756 1110 834 potest
1158 747 1357 815 etiam
1399 764 1474 816 ea
1525 746 1618 814 uti
1669 745 1813 814 sine
1865 753 2158 832 peccato,
2195 744 2313 814 sed
2352 763 2469 815 sua
2508 746 2756 814 malitia
2791 747 3093 815 abutitur

500 858 581 925 ad
620 856 1044 944 peccandum,
1077 863 1149 922 ut
1184 861 1363 923 esset
1409 853 1565 922 dare
1616 852 1831 921 claves
1868 854 1969 936 iis,
2012 853 2120 939 qui
2158 852 2252 922 eis
2292 860 2569 921 utuntur
2599 854 2682 921 ad
2712 854 3091 923 furandum.

503 970 658 1034 Haec
706 963 1086 1049 cooperatio
1140 969 1358 1048 potest
1409 979 1556 1030 esse
1605 960 1832 1028 licita:
1879 962 1945 1048 1)
1993 961 2049 1029 si
2097 960 2269 1029 actio
2320 960 2406 1028 sit
2454 980 2572 1048 per
2617 980 2690 1030 se
2740 963 2937 1045 bona,
2992 963 3096 1031 rel

500 1072 737 1140 saltem
786 1070 1204 1149 indifferen33
1252 1069 1320 1152 2)
1371 1068 1424 1134 si
1476 1086 1609 1136 non
1658 1067 1942 1135 tenearis
1977 1086 2057 1136 ex
2091 1066 2307 1136 officio
2349 1075 2694 1153 peccatum
2733 1067 3109 1155 impedire3

449 1181 572 1274 ι3)
621 1181 672 1246 si
726 1178 924 1247 simul
995 1176 1163 1265 adsit
1235 1193 1431 1243 causa
1496 1177 1672 1261 Justa
1718 1183 1783 1242 et
1834 1177 2330 1261 proportionata
2350 1202 2369 1257 3
2444 1194 2593 1244 nam
2656 1196 2733 1246 eo
2804 1176 2871 1244 in
2934 1195 3095 1245 casu

503 1287 781 1372 proximi
856 1294 1198 1372 peccatum
1261 1295 1391 1351 no'n
1461 1283 1761 1370 provenit
1813 1302 1892 1351 ex
1943 1292 2051 1352 tua
2101 1285 2593 1370 cooperatione,
2650 1286 2769 1355 sed
2816 1305 2899 1355 ex
2946 1302 3092 1352 ma·

503 1393 638 1462 litia
702 1393 895 1475 illius,
948 1393 1057 1479 qui
1109 1392 1404 1460 abutitur
1450 1399 1564 1459 tuo
1617 1409 1820 1477 opere
1868 1389 1949 1457 ad
1997 1391 2424 1476 peccandum.
2472 1393 2714 1479 Itaque·
2752 1401 2912 1459 tunc
2955 1408 3096 1458 non

500 1511 603 1572 est
652 1503 822 1570 actio
890 1509 1019 1585 tua,
1069 1519 1217 1586 quae
1286 1499 1713 1586 conjungitur
1788 1516 2004 1585 pravae
2082 1498 2400 1566 voluntati
2471 1499 2788 1585 proximi,
2862 1516 3099 1567 verum

496 1611 610 1678 ille
657 1609 999 1696 conjungit
1044 1626 1230 1676 suam
1282 1625 1543 1694 pgavam
1593 1606 2000 1674 voluntatem
2051 1613 2183 1673 tuae
2238 1606 2517 1674 actioni:
2569 1605 2743 1675 unde
2781 1603 3100 1692 fit,‘quod

501 1718 671 1786 actio
723 1725 831 1785 tua
880 1735 1005 1784 non
1056 1725 1157 1785 est
1204 1734 1398 1784 causa
1450 1716 1625 1782 illius
1680 1713 1951 1799 peccati,
1988 1713 2105 1782 sed
2143 1721 2242 1782 est
2279 1722 2535 1782 tantum
2574 1715 2859 1797 occasi0,
2895 1732 3100 1800 quam

503 1833 571 1892 tu
626 1843 753 1892 non
806 1823 1047 1892 teneris
1121 1824 1397 1905 auferre,
1448 1822 1502 1889 si
1554 1821 1757 1889 habes
1803 1821 2050 1905 justam
2115 1838 2378 1889 causam
2427 1837 2574 1888 eam
2625 1821 2934 1906 ponendi.
2981 1822 3101 1889 Sic

502 1934 755 2000 licitum
806 1938 905 1998 est
953 1930 1232 2015 cauponi
1284 1930 1439 1997 dare
1488 1930 1711 1997 vinum
1760 1930 2116 2013 ebriaturo,
2185 1930 2349 1996 item
2414 1930 2789 1998 ministrare
2862 1949 3102 2014 carnes

502 2041 607 2109 die
655 2041 878 2120 vetite,
927 2040 982 2106 si
1032 2040 1256 2107 timeat
1320 2039 1492 2108 rixas
1542 2047 1654 2106 aut
1718 2038 2182 2124 blasphemias,
2233 2039 2332 2105 vel
2382 2056 2576 2123 grave
2625 2039 2730 2107 sui
2780 2039 3102 2107 damnum

502 2168 581 2217 ex
630 2147 997 2215 deviatione
1045 2154 1440 2232 emptorum.

591 2255 925 2325 Diximus:
971 2252 1027 2319 si
1070 2254 1260 2320 simul
1317 2252 1481 2320 adsit
1535 2274 1729 2320 causa
1761 2255 1938 2340 justa
1983 2265 2037 2319 et
2077 2253 2556 2340 proportionata
2572 2278 2597 2330 ‚·
2643 2253 2794 2338 quia
2847 2260 3101 2338 quanto

503 2361 867 2449 proximior
914 2367 1013 2429 est
1062 2367 1173 2427 tua
1224 2361 1394 2430 actio
1447 2360 1731 2446 proximi
1784 2367 2078 2445 peccate,
2119 2377 2198 2427 eo
2241 2360 2450 2445 major
2481 2358 2678 2430 debet
2712 2378 2866 2428 esse
2898 2378 3102 2429 causa

506 2487 654 2556 quae
707 2477 769 2536 te
814 2475 1105 2536 excuset.
1153 2466 1250 2535 Ad
1299 2467 1480 2552 quod
1536 2465 1962 2552 judicandum
2015 2472 2165 2535 ante
2224 2467 2440 2534 omnia
2516 2485 2632 2552 pro
2708 2466 2937 2552 regula
3012 2468 3102 2534 sit

507 2580 856 2647 observare
904 2594 1138 2643 sensus
1188 2577 1583 2655 Doctorum;
1636 2575 1787 2659 quia
1838 2592 1987 2642 cum
2038 2582 2253 2642 totum
2303 2575 2427 2652 boc
2474 2574 2683 2643 ferme
2733 2575 3023 2660 pendeat
3064 2594 3100 2642 a

505 2677 903 2771 prudentum
975 2683 1436 2764 aestimatione,
1508 2683 1835 2750 sententia
1884 2681 1990 2747 illa
2041 2681 2163 2749 erit
2217 2682 2650 2768 probabilior,
2703 2701 2856 2769 quae
2908 2700 3102 2750 com—

504 2794 785 2860 munior.
835 2793 948 2857 Est
990 2797 1209 2858 autem
1259 2789 1658 2876 prudentum
1719 2789 2090 2871 aestimati0‚
2144 2807 2223 2856 eo
2265 2789 2626 2873 graviorem
2663 2788 2910 2875 requiri
2950 2805 3106 2856 cau—

504 2916 643 2966 sam
694 2897 774 2964 ad
821 2896 1335 2981 cooperandum,
1404 2895 1500 2964 vel
1571 2914 1702 2982 quo
1743 2889 2034 2980 ‘gravius
2107 2903 2207 2963 est
2280 2903 2644 2981 peccatum,
2719 2896 2910 2981 cujus
2987 2913 3102 2963 oc-

507 3006 685 3074 casio
758 3004 952 3071 datur
971 3029 990 3084 3
1037 3004 1136 3072 vel
1186 3021 1319 3089 quo
1371 3002 1778 3089 probabilius
1827 3009 1947 3085 est,
1998 3010 2062 3070 te
2112 3022 2244 3071 non
2321 3011 2743 3089 cooperante,
2818 3003 3103 3072 alterum

519 3111 689 3179 baud
740 3118 1194 3198 peccaturum;
1253 3111 1350 3180 vel
1402 3128 1534 3196 quo
1588 3111 1859 3195 propius
1932 3110 2315 3196 cooperatio
2391 3118 2731 3197 peccatum
2797 3111 3102 3195 attingit;

510 3219 610 3288 vel
661 3237 793 3304 quo
846 3220 1063 3286 minus
1113 3219 1314 3287 babes
1357 3218 1526 3304 juris
1576 3219 1658 3285 ad
1705 3218 1831 3286 tale
1896 3236 2103 3304 opus;
2165 3218 2261 3285 vel
2331 3215 2624 3286 maxime
2685 3235 2818 3304 quo
2892 3218 3104 3303 magis

512 3334 854 3411 peccatum
902 3325 1358 3414 cum.Justitia
1425 3334 1690 3410 pugnat.
1744 3327 1834 3393 Ex
1883 3326 2455 3411 his1generalibus
2490 3325 2872 3412 :principiis
2943 3326 3106 3394 satis

504 3431 729 3516 colligi
781 3440 999 3517 potest
1047 3432 1203 3517 quid
1255 3432 1673 3510 sentiendum
1719 3434 1803 3500 sit
1841 3432 1922 3501 de
1966 3433 2515 3519 cooperatoribus
2564 3433 3099 3518 particularibuS,

511 3540 845 3625 praecipue
893 3539 972 3607 de
1020 3539 1301 3619 famulis,
1353 3540 1672 3626 operariis
1717 3557 1790 3608 ac
1833 3540 2332 3608 mercatoribus.

694 3649 749 3713 l.
819 3645 1046 3726 Quoad
1113 3646 1404 3732 famulos
1477 3647 1722 3714 Contra
1794 3646 2014 3732 plures
2089 3647 2281 3715 nobis
2353 3646 2765 3732 probabilius
2839 3646 3104 3715 videtur

510 3758 711 3824 licere
766 3753 1031 3834 famulo,
1081 3753 1197 3822 sed
1249 3762 1502 3821 tantum
1566 3762 1746 3822 metu
1820 3754 2051 3824 mortis
2121 3751 2258 3838 (alii
2331 3753 2579 3822 addunt
2649 3755 2848 3822 etiam
2921 3762 3106 3824 metu

512 3860 782 3928 alterius
833 3860 1195 3948 gravissimi
1243 3860 1488 3942 damni,
1540 3878 1778 3946 nempe
1825 3861 2146 3942 infamiae;
2206 3880 2337 3928 non
2390 3869 2605 3928 tamen
2656 3860 2794 3928 sola
2846 3861 3108 3928 ratione

512 3967 886 4050 famulatuS,
936 3985 1085 4035 cum
1136 3970 1219 4036 sit
1270 3966 1542 4054 propior
1599 3969 2008 4055 cooperatio)
2060 3968 2399 4038 dominum
2450 3968 2748 4037 comitari
2791 3966 2876 4035 ad
2914 3967 3106 4053 lupa-

515 4094 651 4157 nar,
700 4075 945 4143 scalam
993 4075 1267 4157 deferre,
1319 4076 1374 4142 vi
1429 4076 1683 4161 aperire
1725 4067 2015 4162 januam,
2065 4076 2381 4144 humeros
2432 4076 2592 4144 hero
2643 4076 2998 4162 subjicere,
3029 4084 3109 4143 ut

515 4182 825 4273 ascendat
874 4183 949 4248 ad
1000 4182 1478 4264 fornicandum,
1532 4191 1658 4251 etc.
1726 4189 1870 4264 etc.;
1936 4184 2089 4270 quia
2162 4202 2294 4251 non
2367 4185 2553 4269 ponit
2622 4183 2954 4251 actionem
2999 4182 3132 4256 in·-

517 4291 801 4358 trinsece
866 4291 1125 4374 malam,
1176 4309 1324 4358 cum
1375 4291 1518 4359 baec
1568 4290 1781 4377 possit
1829 4309 1977 4359 esse
2027 4311 2147 4377 per
2191 4310 2264 4360 se
2311 4292 2487 4384 bona
2536 4290 2632 4359 vel
2683 4290 2887 4373 mala3
2937 4297 3107 4357 atta-
3221 4280 3226 4284 ’
3291 4323 3292 4334 ¹

518 4413 667 4463 men
724 4396 1003 4465 famulus
1054 4405 1318 4466 tenetur
1367 4406 1593 4482 postea
1654 4396 1899 4464 domini
1955 4399 2056 4467 sui
2106 4397 2376 4468 domum
2441 4397 2770 4478 deserere,
2826 4397 2881 4466 si
2930 4395 3113 4465 aliud

518 4503 733 4571 simile
769 4504 1011 4572 timeat.
1048 4542 1134 4552 —
1165 4503 1535 4572 Nullimode
1569 4511 1790 4572 autem
1840 4504 1991 4575 licet
2040 4505 2133 4591 (in
2186 4512 2410 4575 nostra
2451 4504 2810 4591 sententia)
2859 4503 3107 4600 famulo

521 4608 769 4676 domini
842 4609 1010 4677 dona
1083 4611 1413 4680 meretrici
1483 4611 1776 4695 deferre3
1843 4631 1992 4681 cum
2039 4614 2180 4681 baec
2228 4613 2310 4680 de
2357 4631 2430 4681 se
2479 4619 2739 4697 turpem
2810 4627 3112 4679 amorem

516 4713 802 4781 foveant.
855 4717 934 4781 At
980 4722 1134 4782 sunt
1182 4717 1292 4801 qui
1344 4725 1615 4785 censent
1666 4717 1790 4785 boc
1850 4717 2045 4786 licere
2092 4736 2174 4786 ex
2221 4717 2602 4804 gravissima
2671 4735 2888 4826 causa,
2954 4733 3118 4787 cum
