3292 5167
1180 235 1637 285 murteum
2580 215 2713 287 149

145 349 258 403 san
291 344 356 399 et
391 335 943 399 circumstantiam
991 338 1297 422 temporis
1333 352 1447 417 per
1481 336 1742 403 medum
1780 337 2007 413 unius:
2036 336 2147 403 sed
2180 337 2548 403 virtualiter
2579 338 2709 405 duo

151 417 430 480 habentur
471 423 614 477 vota
643 462 664 490 ‚
708 433 911 485 unum
954 416 1034 480 de
1076 434 1148 480 re
1189 427 1366 481 certe
1409 417 1749 494 facienda,
1796 416 2071 483 alterum
2115 417 2197 485 de
2240 436 2312 483 ea
2358 436 2486 482 non
2532 419 2713 484 diffe-

153 496 312 561 renda
345 493 510 557 ultra
558 495 689 560 tale
737 505 1008 577 tempas.
1048 497 1234 576 Ergo.
1261 498 1647 592 sitempore
1712 496 1825 561 illo
1869 513 1997 561 non
2046 498 2389 578 impleatur
2429 500 2709 579 peccabi·

157 592 266 719 ωὲῖ
295 575 825 748 aeorgzffifflffi
851 578 1694 749 ffisststtzffguosratppositum
1736 658 1937 721 (uerit
2001 656 2082 720 ad
2149 657 2501 737 finiendam
2566 659 2711 751 voti

154 736 594 818 obligationem,
638 754 722 801 an
759 739 846 829 'ad
893 754 1030 801 eam
1075 737 1591 831 sollicitandam,
1633 755 1687 800 st
1733 746 1960 818 agatur
1986 736 2085 830 ‘de
2138 739 2302 832 votis
2345 737 2701 832 personali·

159 819 244 881 bus
274 833 507 879 vovens
553 834 688 880 non
726 819 964 899 ligatur
1006 827 1148 898 post
1185 818 1475 898 elapsum
1523 818 1685 882 illud
1731 827 2036 898 temporis
2078 830 2396 896 spatium:
2440 821 2586 900 quia
2635 834 2711 883 ιιι

151 899 279 961 votis
391 898 773 963 rsonalibus
809 917 927 963 usu
969 901 1563 963 communissimum
1607 907 1730 974 est,
1768 910 2015 978 tempus
2048 901 2299 963 censeri
2338 902 2705 980 appositum

155 978 214 1040 ad
242 977 310 1041 ob
335 980 700 1056 igationem
745 980 1118 1054 finiendam,
1164 980 1287 1042 nisi
1319 989 1569 1043 constet
1613 978 1694 1043 de
1738 981 2098 1043 contrario:
2130 981 2303 1044 unde
2331 984 2423 1042 sic
2461 996 2706 1045 vovens

158 1074 248 1121 non
285 1067 542 1122 tenetur
589 1059 967 1123 satisfacere
1016 1076 1128 1138 pro
1172 1059 1399 1123 diebus
1429 1060 1787 1133 transactis,
1832 1059 2041 1133 Quare
2071 1061 2122 1123 si
2166 1070 2232 1124 tu
2264 1062 2518 1135 vovisti,
2547 1079 2604 1124 v.
2646 1077 2708 1140 g.

151 1137 351 1201 lissam
393 1139 638 1202 audire
686 1139 796 1203 tali
842 1141 968 1214 die,
1017 1141 1136 1207 boc
1178 1139 1285 1202 die
1331 1148 1661 1211 transacta
1699 1143 1842 1203 sine
1886 1140 2070 1204 Missa
2116 1142 2254 1202 sive
2298 1139 2710 1220 culpabiliter

147 1222 251 1281 sire
288 1219 779 1299 inculpabiliter
810 1265 827 1292 ‚
881 1222 958 1284 ad
1010 1220 1072 1282 id
1119 1236 1245 1282 non
1294 1221 1570 1300 amplius
1617 1222 1901 1297 teneris,
1957 1223 2007 1282 si
2074 1220 2406 1285 dubitetur
2449 1237 2531 1285 an
2576 1222 2710 1286 tale

149 1309 353 1379 tempus
394 1302 481 1362 sit
527 1304 899 1380 appositum
941 1300 1020 1363 ad
1067 1299 1421 1365 finiendam
1463 1300 1568 1365 vel
1632 1300 2105 1364 sollicitandam
2170 1302 2302 1365 voti
2366 1301 2712 1382 obligatio-

149 1395 295 1453 nem
329 1383 474 1460 quia
525 1397 679 1445 cum
726 1391 951 1461 agatur
997 1381 1077 1446 de
1119 1390 1268 1445 voto
1314 1380 1634 1460 personali
1683 1382 1824 1445 dies
1872 1381 2205 1445 ordinarie
2254 1392 2549 1447 censetur
2598 1382 2708 1450 dea

145 1461 396 1540 signatus
434 1460 516 1523 ad
569 1461 1034 1541 obligationem
1082 1461 1454 1525 finiendam.

204 1537 259 1603 Si
298 1551 527 1621 agatur
573 1541 661 1607 de
704 1546 872 1605 votis
915 1542 1242 1617 realibus,
1290 1543 1502 1606 adbuc
1566 1556 1809 1603 vovens
1870 1540 2151 1621 ligatum
2197 1557 2344 1604 nam
2410 1545 2477 1605 in
2540 1549 2712 1612 votis

149 1620 385 1684 realibus
429 1632 700 1701 tempus
743 1632 1044 1693 censetur
1088 1626 1447 1702 appositum
1490 1621 1567 1684 ad
1616 1621 2089 1686 sollicitandam
2154 1622 2486 1688 dumtaxat
2543 1626 2707 1692 obli-

145 1701 444 1778 gationem.
489 1700 611 1766 Sic
655 1705 710 1765 si
758 1712 827 1765 tu
859 1704 1151 1765 vovisses
1184 1702 1338 1766 dare
1369 1702 1845 1782 eleemosynam
1878 1703 1946 1764 in
1977 1700 2259 1766 sabbatis
2297 1719 2408 1781 per
2444 1720 2713 1788 annum,

150 1779 288 1844 nulla
328 1783 549 1847 habita
606 1783 928 1847 relatione
954 1783 1216 1862 speciali
1258 1783 1434 1847 illius
1463 1786 1639 1858 anni,
1673 1783 1913 1846 teneris
1958 1798 2210 1861 semper
2253 1784 2555 1863 supplere
2590 1803 2707 1868 pro

145 1870 412 1926 anteactis
453 1864 760 1927 sabbatis
804 1865 1080 1940 omissis,
1125 1865 1271 1944 quia
1319 1864 1456 1927 dies
1498 1872 1801 1926 censetur
1844 1865 2169 1942 appositus
2202 1880 2329 1925 non
2359 1865 2437 1927 ad
2487 1868 2713 1932 tinien-

143 1942 423 2015 dmsed
467 1944 560 2007 ad
612 1943 1071 2024 obligationem
1120 1943 1610 2009 sollicitandam.
1657 1943 2024 2022 Excipimus
2055 1960 2293 2019 casum,
2330 1961 2455 2025 quo
2487 1958 2707 2012 votum

152 2021 370 2089 liaberet
410 2024 781 2105 specialem
829 2023 1210 2089 relationem
1246 2024 1324 2087 ad
1372 2025 1564 2101 diem,
1608 2032 1679 2086 ut
1721 2025 1774 2086 si
1823 2023 2131 2088 voluisses
2169 2024 2326 2088 dare
2356 2025 2636 2092 eleemos
2686 2063 2710 2077 ·

159 2118 276 2165 nam
311 2106 362 2167 in
403 2105 1156 2200 bebdomada-labilem
1201 2105 1317 2197 vel·
1353 2107 1420 2168 in
1482 2104 1762 2198 sabbatis
1808 2120 1921 2184 per
1964 2120 2202 2167 annum
2230 2150 2249 2179 ‚
2289 2107 2436 2185 quia
2484 2108 2548 2170 in
2597 2109 2640 2171 il
2666 2124 2710 2173 fo

159 2196 611 2352 §uagi-aff}
649 2183 1705 2345 ᾖοῗὲιὲἕιῦουοηῖ·ἑὲέἓηίῗιῃέαῗὲἇ
1741 2183 2417 2357 g‘t'T’ictl'plolsss’clirzs'ozzi?
2420 2234 2435 2248 ’
2447 2275 2584 2331 voto
2625 2267 2708 2334 ab

159 2359 260 2420 ipso
286 2349 508 2424 posita,
555 2349 809 2439 cesset?
852 2347 1050 2438 utinsi
1099 2347 1305 2439 Titias
1348 2353 1565 2437 voveat
1609 2345 1954 2427 Reliqioms
1998 2362 2383 2438 inpressum,
2427 2350 2485 2410 si
2522 2357 2715 2433 pater

149 2426 400 2571 ‘¹'ls0ssi‘
413 2427 2038 2599 ’1effississnff'ssoissiiiofflss'*iss‘ss‘i'iiaffi'liissii‘ssis
2046 2427 2547 2599 ⁸¹:⁸35&ng
2578 2524 2708 2573 Μ

153 2601 360 2669 paccat3
399 2594 564 2669 quia
614 2589 782 2668 patri
828 2587 1035 2650 adbuc
1078 2587 1353 2651 liberum
1396 2597 1495 2651 est
1537 2586 1707 2667 quod
1749 2588 2030 2650 voluerit
2065 2589 2448 2653 deliberare.
2479 2589 2710 2654 Peceat

150 2684 286 2741 vero,
323 2672 372 2733 si
417 2668 880 2733 conditionem
927 2668 1233 2747 impediat
1273 2668 1499 2733 fraude
1533 2668 1635 2730 vel
1670 2670 1752 2743 vi,
1776 2669 1929 2747 quia
1959 2684 2110 2730 vera
2147 2672 2283 2748 ipse
2311 2679 2708 2735 causa-esset

154 2750 602 2828 impedimenti:
648 2747 1056 2828 probabilius·
1091 2757 1303 2812 tamen
1348 2749 1571 2812 dicunt
1612 2749 1801 2826 Amr,
1844 2747 2197 2822 Filliucius‚
2240 2748 2516 2826 Suarez,
2561 2761 2706 2826 etc.,

151 2848 261 2897 eam
296 2849 328 2896 a
372 2839 522 2894 voto
581 2829 863 2892 liberum
904 2845 1166 2893 manere
1182 2848 1202 2905 ;
1246 2830 1417 2893 unde
1460 2830 1613 2893 satis
1659 2838 1756 2891 est
1798 2832 1849 2891 si
1883 2844 2027 2892 eum
2063 2830 2396 2909 poeniteat,
2431 2848 2506 2895 eo
2537 2831 2708 2912 quod

155 2912 558 2976 conditionem
605 2909 1003 2989 impedierit,
1044 2914 1190 2989 quia
1237 2915 1303 2972 in
1350 2911 1472 2972 boc
1513 2911 1817 2988 peccavit.
1853 2909 2093 2989 Nempe
2129 2927 2240 2988 per
2271 2910 2712 2976 conditionem

151 2995 462 3073 appositam
501 2992 646 3072 jam
687 2993 987 3069 primitus
1031 3005 1268 3053 vovens
1303 2990 1434 3053 sibi
1500 2994 1858 3054 reservavit
1931 3000 2144 3054 votum
2208 2993 2400 3054 inane
2459 2992 2710 3056 iacere:

151 3074 190 3135 si
221 3076 344 3138 sine
382 3089 584 3137 causa
635 3071 701 3135 id
746 3072 901 3149 agit,
946 3079 1183 3150 peccat,
1228 3072 1376 3151 quia
1433 3069 1600 3133 nihil
1659 3070 1800 3133 sine
1843 3085 2029 3133 causa
2088 3071 2449 3148 agendum3
2496 3082 2709 3137 tamen

151 3153 207 3214 ad
244 3154 390 3218 illud
436 3170 577 3216 non
626 3160 930 3227 tenetur,
971 3153 1120 3231 quia
1163 3150 1244 3216 de
1286 3151 1453 3215 iacto
1498 3167 1627 3213 non
1676 3149 1981 3229 impletur
2044 3167 2078 3213 a
2129 3153 2331 3229 posita
2393 3151 2710 3217 conditio:

152 3248 318 3314 neque
357 3234 464 3298 lex
512 3236 584 3296 in
633 3233 1032 3296 contrarium
1076 3232 1262 3295 citari
1308 3230 1493 3295 valet.
1537 3229 1663 3295 Sed
1710 3231 1895 3310 aJunt
1935 3248 2060 3310 quo
2151 3232 2201 3292 si
2250 3232 2457 3301 adbuc
2504 3234 2712 3297 currit

151 3326 353 3394 tempus
395 3314 566 3378 utile
611 3323 834 3377 votum
880 3312 1241 3391 emittendi,
1269 3320 1528 3376 tenetur
1559 3310 1855 3375 fraudem
1885 3310 2183 3386 auferre:
2215 3311 2500 3393 alioquin
2535 3320 2711 3378 esset

152 3398 444 3472 nugatoria
496 3394 686 3458 illius
732 3394 1131 3471 poenitentia.

206 3473 355 3539 idem
401 3475 768 3540 dicendum
811 3483 931 3551 est,
964 3475 1018 3536 si
1063 3481 1243 3551 pater
1288 3470 1463 3534 illico
1506 3471 1872 3535 consentiat.
1899 3480 1964 3535 et
1999 3470 2175 3534 illico
2205 3472 2545 3537 dissentiat
2586 3474 2707 3553 (si,

149 3556 262 3632 ωε
301 3565 453 3620 tunc
499 3570 746 3634 nempe
789 3554 1001 3618 adbuc
1043 3553 1344 3617 standum
1385 3559 1487 3616 est
1528 3567 1644 3632 pro
1689 3551 2023 3616 dissensu:
2060 3569 2267 3633 neque
2298 3555 2473 3616 enim
2503 3561 2709 3619 atten-

148 3632 288 3699 ditur
326 3652 627 3718 praeceps
663 3651 736 3699 ac
777 3635 1025 3699 subitus
1081 3633 1192 3697 ille
1235 3648 1816 3708 cousensus‚·cum
1862 3650 1989 3695 non
2055 3633 2367 3697 habeatur
2412 3636 2504 3698 uti
2550 3651 2705 3699 con·

147 3728 459 3781 summatus
504 3728 580 3780 et
628 3713 990 3797 perfectus,
1033 3722 1253 3795 utpote
1295 3713 1521 3777 eodem
1565 3711 1705 3776 iere
1747 3715 2053 3793 temporis
2099 3721 2333 3791 puncto
2394 3723 2703 3778 retracta·

147 3804 541 3951 Ἃέῑὸθ·
558 3794 993 3939 5]ῗὲὶῖἓὲ
1040 3793 1465 3938 Οἰὶεὲεῗῐοὲὲ
1495 3794 1969 3953 'sapa-milis
1984 3876 2016 3936 φ

210 3955 268 4018 tt.
307 3956 418 4020 Vel
465 3924 695 4037 agitur
738 3894 840 4021 deq
863 3892 1397 4035 votopp'ersonali,
1440 3955 1541 4019 vel
1585 3956 1667 4018 de
1709 3954 1889 4028 reali,
1932 3953 2034 4017 vel
2080 3953 2161 4015 de
2206 3955 2428 4017 mixto.
2693 3942 2763 4001 -‘'‘

206 4033 261 4100 Si
300 4039 355 4107 1,
396 4040 536 4101 voti
591 4036 1080 4117 implementum
1125 4035 1408 4115 pertinet
1439 4035 1517 4098 ad
1565 4036 1771 4178 igsum
1800 4045 2175 4109 voventem:
2212 4034 2523 4127 bocipso,
2558 4034 2708 4128 quia

150 4129 249 4178 uon
284 4121 562 4199 respicit
611 4118 736 4179 nisi
781 4117 956 4182 illius
1000 4131 1372 4198 personam:
1405 4117 1558 4180 binc
1633 4163 1648 4178 .
1684 4116 1946 4180 Rituum
1980 4114 2404 4193 congregatio
2441 4114 2518 4178 18
2545 4131 2715 4194 apri·

155 4192 214 4258 lis
245 4196 385 4262 1643
422 4197 826 4263 declaravit:
872 4197 1357 4261 communitates
1399 4197 1495 4261 vel
1536 4198 1983 4261 universitates
2032 4197 2369 4257 civitatum
2408 4211 2521 4258 seu
2549 4195 2708 4261 loco-

153 4290 262 4338 τι.
291 4297 409 4343 m
456 4279 670 4343 tenori
709 4296 790 4343 en
823 4286 1137 4360 prerepto
1176 4293 1430 4341 servare
1490 4275 1657 4358 testa
1718 4294 1797 4342 ca>
1845 4282 1981 4339 voto
2023 4274 2362 4339 earundem
2421 4275 2714 4351 iudicum

151 4369 261 4419 cun
293 4376 368 4423 ss
453 4364 728 4439 recepto
768 4365 1103 4423 teneantur
1166 4364 1414 4421 tantum
1471 4374 1750 4438 porsonoe
1806 4360 2112 4420 voventes.
2158 4355 2396 4435 Excipe
2440 4358 2568 4420 nisi
2614 4357 2705 4422 te·

156 4444 288 4500 stunt
324 4443 388 4503 in
443 4450 670 4508 uotum
715 4442 800 4502 sit
839 4456 951 4520 per
995 4447 1305 4504 statutum
1348 4454 1460 4500 seu
1507 4438 1748 4515 legem,
1789 4435 1908 4499 sed
1952 4451 2097 4528 cum
2140 4436 2437 4517 Episcopi
2479 4453 2708 4518 appro-

157 4513 406 4601 batione;
447 4522 646 4601 cujus
685 4530 785 4584 est
826 4519 1066 4584 cultum
1111 4521 1176 4582 in
1223 4517 1478 4597 propria
1525 4517 1794 4581 Dioecesi
1840 4515 2145 4581 ordinare
2209 4524 2275 4581 et
2329 4517 2712 4597 approbare.

157 4592 290 4660 Hinc
323 4610 504 4681 patet
539 4601 742 4665 etiam
789 4601 940 4680 quid
984 4599 1330 4664 dicendum
1362 4597 1442 4661 de
1478 4596 1855 4676 parentibus
1889 4600 1997 4676 qui
2027 4595 2349 4676 Religioni
2382 4598 2707 4662 devovent

155 4673 322 4742 filios:
357 4681 436 4746 ad
479 4679 660 4745 nihil
698 4680 875 4745 atiud
919 4690 1265 4754 tenentur,
1307 4679 1432 4743 nisi
1477 4678 1557 4747 ad
1601 4694 1744 4745 eam
1780 4677 1933 4741 filiis
1974 4677 2388 4745 suadendam.

231 4775 476 4862 scum,
537 4779 875 4865 Theoloqia
917 4784 1041 4849 etc.
1089 4781 1161 4848 τ.
1207 4777 1288 4845 ιι.
2451 4736 2569 4843 ια’
