3292 5167
474 217 605 305 W
1122 195 1272 271 'um
1322 218 1387 266 ιι.
1434 218 1644 289 'unser
1693 214 1773 259 vt.
1819 213 1974 271 ntsr.
2021 212 2090 269 ιι,
2136 211 2265 259 σιν.
2318 209 2384 258 ιι.·

479 337 640 425 legis
674 327 1294 404 determinationes:
1335 327 1416 392 Le
1449 318 1756 393 locazioni
1777 320 1934 407 fatte
1959 315 2573 405 dall’usufruttuario
2597 335 2713 406 per
2737 336 2825 385 un
2854 330 3064 406 tempo

474 445 780 515 eccedente
845 441 870 508 i
934 438 1153 524 cinque
1219 431 1376 503 anni
1428 450 1555 499 non
1605 443 1755 497 sono
1801 426 2097 509 darevoli‚
2142 426 2245 492 nel
2287 446 2430 495 caso
2462 424 2528 497 di
2556 425 2906 492 cessasione
2935 424 3060 502 delf

478 552 838 638 L’usufrutto
863 600 881 632 ,
948 568 1013 616 se
1078 564 1206 613 non
1270 560 1420 613 sono
1462 558 1576 627 per
1621 536 1682 603 il
1712 535 2130 623 quinquennio
2178 534 2284 600 che
2328 534 2385 599 si
2429 544 2610 601 trava
2654 534 2723 600 in
2767 553 2946 602 corso
2992 533 3059 603 al

476 676 677 749 tempo
746 659 816 724 in
869 657 969 722 cui
1014 671 1184 720 cessa
1231 649 1590 733 l'usufrutto
1632 697 1651 727 ,
1699 641 2110 733 computando
2157 642 2204 708 il
2241 641 2448 728 primo
2492 642 2911 729 quinquennio
2953 641 3070 709 dat

475 750 697 858 §ior-no
758 766 825 833 in
893 762 995 831 cui
1061 760 1197 827 ebbe
1258 755 1571 845 principio
1646 753 1712 818 la
1757 750 2111 830 locazione;
2157 769 2189 816 e
2230 751 2322 835 qli
2366 751 2518 817 altri
2568 751 2897 819 successim·
2938 740 3072 816 ‘dal

481 877 702 964 qiorno
771 871 934 937 della
1000 864 1306 935 scadenza
1375 860 1470 928 del
1507 856 1865 948 precedente
1912 857 2327 942 quinquennio
2357 852 2425 925 ι’.
2472 860 2555 925 Le
2603 856 2909 951 locazioni
2947 875 3065 943 per

482 1003 570 1063 un
640 975 1059 1068 quinquennio
1128 993 1159 1036 e
1222 989 1336 1058 per
1401 969 1610 1034 minor
1654 976 1853 1050 tempo
1883 964 2006 1066 ‘che
2053 963 2553 1051 l'usufruttuario
2600 965 2683 1031 lta
2722 964 2986 1052 pastuite
3029 985 3072 1033 o

486 1090 808 1157 rinnovate
867 1078 984 1170 piis
1026 1078 1091 1145 di
1133 1098 1220 1145 un
1266 1094 1433 1141 anno
1492 1073 1708 1160 prima
1776 1070 1939 1137 della
1986 1070 2116 1136 loro
2161 1073 2510 1139 esecuzione
2552 1092 2616 1139 se
2662 1073 2686 1139 i
2731 1064 2872 1140 beni
2914 1093 3072 1141 sono

490 1194 740 1274 rustici,
787 1212 819 1256 e
854 1186 973 1276 piit
1018 1186 1085 1253 di
1128 1183 1218 1252 sei
1263 1182 1415 1248 mesi
1461 1200 1524 1248 se
1566 1179 1819 1246 trattasi
1864 1178 1929 1243 di
1974 1199 2112 1246 case
2135 1232 2154 1260 ,
2203 1199 2329 1246 non
2373 1180 2582 1247 hanno
2628 1200 2822 1247 vernn
2875 1182 3076 1267 effetto

488 1301 736 1390 quando
791 1300 854 1365 la
908 1298 1040 1363 loro
1111 1291 1463 1360 esecuzione
1528 1307 1657 1353 non
1723 1287 1904 1353 abbia
1971 1287 2338 1354 cominciato
2397 1289 2613 1375 prima
2656 1289 2762 1355 che
2808 1308 3084 1356 cessasse

492 1410 868 1496 l'usufrutto.
936 1439 1025 1451 —
1093 1402 1164 1468 Se
1222 1398 1575 1484 l'usufrutto
1622 1394 1852 1461 doveva
1897 1414 2134 1462 cessare
2179 1415 2219 1462 a
2263 1408 2462 1484 tempo
2508 1410 2670 1464 certo
2717 1419 2747 1464 e
2792 1396 3077 1465 determi-

492 1530 665 1597 nato,
718 1514 770 1580 le
818 1506 1124 1578 locazioni
1166 1508 1319 1594 fatte
1365 1501 1977 1588 dall'usufruttuario
2009 1522 2132 1568 non
2169 1502 2524 1570 dureranno
2562 1505 2629 1573 in
2657 1507 2805 1590 oqni
2835 1525 2978 1572 caso
3015 1527 3092 1573 se

490 1643 621 1690 non
663 1638 776 1707 per
824 1618 864 1684 l'
911 1634 1129 1693 anno;
1163 1633 1194 1680 e
1239 1608 1612 1678 tractandosi
1656 1606 1720 1674 di
1762 1608 1941 1695 tondi
1984 1608 2081 1673 dei
2124 1610 2297 1694 quali
2342 1609 2390 1675 il
2427 1612 2779 1697 principale
2809 1613 3090 1681 raccolte

494 1731 595 1798 sia
643 1725 923 1795 biennale
968 1742 1002 1789 o
1049 1719 1373 1798 triennale,
1410 1736 1527 1804 per
1572 1716 1619 1783 it
1666 1715 1906 1783 biennio
1953 1735 1987 1781 o
2033 1716 2301 1785 triennio
2348 1719 2454 1784 che
2497 1719 2554 1785 si
2582 1730 2762 1786 trova
2805 1719 2872 1785 in
2905 1739 3087 1786 corso

496 1837 562 1904 al
606 1812 805 1920 tempo
852 1834 920 1898 in
948 1830 1067 1896 cui
1113 1846 1282 1897 cessa
1328 1824 1689 1909 l’usufrutto
1737 1822 1885 1906 (art.
1937 1824 2115 1906 493).

675 1944 736 2010 3.
785 1943 868 2009 Ut
915 1938 1169 2005 fruatur
1209 1932 1470 2019 juribus
1521 1938 1585 1999 et
1634 1930 1713 1998 iis
1759 1929 1996 2013 modis,
2031 1930 2287 2016 quibus
2336 1931 2668 2001 frueretur
2715 1934 3094 2020 proprieta-

503 2051 665 2119 rius.
716 2048 867 2132 Legi
920 2045 1115 2113 etiam
1164 2047 1682 2109 consentaneum
1732 2046 1853 2120 est,
1906 2046 1975 2104 ut
2024 2038 2177 2123 (nisi
2230 2040 2553 2108 contraria
2602 2049 2914 2139 appareat
2960 2041 3076 2110 do-

502 2158 660 2227 mini
720 2152 1051 2237 voluntas)
1112 2147 1455 2216 tradantur
1500 2146 1860 2214 fructuario
1910 2146 2089 2214 fundi
2144 2147 2600 2232 instrumenta,
2651 2157 2806 2235 puta
2858 2159 3090 2219 torcu-

508 2240 685 2345 laria,
740 2279 885 2328 vasa
936 2257 1204 2338 vinaria,
1243 2273 1394 2342 quae
1446 2256 1508 2321 in
1560 2254 1704 2341 ipso
1756 2255 2196 2339 reperiuntur.
2245 2257 2386 2322 Non
2437 2256 2612 2324 enim
2676 2274 3096 2341 praesumen-

508 2371 663 2438 dum
715 2373 1101 2436 testatorem
1149 2364 1459 2445 voluisse,
1509 2369 1581 2428 ut
1629 2361 2028 2430 fructuarius
2077 2361 2201 2430 sibi
2248 2362 2683 2430 instrumenta
2719 2364 3096 2432 necessaria

511 2480 926 2564 compararet
976 2491 1094 2559 pro
1146 2470 1367 2552 fundo,
1420 2488 1551 2555 quo
1600 2470 1679 2535 ad
1729 2478 1989 2554 tempus
2040 2478 2292 2539 tantum
2341 2492 2583 2542 usurus
2630 2472 2737 2540 sit.

688 2587 748 2650 [ι.
821 2584 904 2650 Ut
977 2578 1286 2647 omnibus
1364 2582 1586 2643 utatur
1657 2575 2014 2659 remediis,
2057 2578 2316 2662 ,quibus
2365 2597 2558 2646 suum
2605 2580 3098 2648 usumfructum

514 2699 797 2773 tueatur,
849 2696 985 2756 tum
1036 2685 1348 2754 adversus
1396 2701 1532 2766 θος,
1585 2683 1694 2770 qui
1746 2683 2230 2763 usumfructum
2264 2686 2652 2771 impediunt,
2690 2695 2830 2755 tum
2871 2687 3100 2757 adver-

514 2818 628 2869 sus
677 2815 793 2865 eos
842 2794 952 2881 qui
1004 2793 1255 2860 fructus
1299 2791 1735 2876 perceperint,
1787 2798 1857 2856 ut
1906 2809 2021 2859 eos
2071 2792 2439 2860 restituant.
2491 2793 2654 2862 Hinc
2703 2812 2968 2864 versus:

1025 2934 1282 3014 Colliqit
1320 2940 1383 2996 et
1421 2934 1653 3009 vendit,
1696 2932 1961 3012 fruitur,
2006 2952 2121 2997 sua
2154 2935 2318 3012 jura
2363 2944 2594 3000 tuetur.

518 3106 523 3111 ·
604 3079 810 3144 nov.
860 3075 933 3154 Q.
983 3074 1042 3138 5.
1096 3072 1400 3152 Qacenam
1441 3080 1585 3136 sunt
1631 3090 1825 3137 onera
1868 3071 2251 3156 fructuarii?

608 3188 681 3253 R.
731 3182 943 3249 Onera
983 3178 1320 3246 fructuarii
1371 3177 1433 3244 in
1486 3194 1726 3262 genere
1774 3177 1854 3245 ad
1901 3179 2044 3245 haec
2095 3181 2383 3248 revocari
2436 3188 2752 3267 possunt:

704 3294 769 3357 l·
811 3291 893 3357 Ut
940 3287 1341 3355 fructuarius
1391 3286 1525 3356 ‘rem
1577 3287 1882 3355 restituat
1917 3280 2354 3374 proprietario
2390 3289 2452 3356 in
2490 3289 2602 3356 iilo
2640 3296 2836 3373 statu,
2874 3291 2938 3358 in
2977 3310 3111 3378 quo

525 3417 669 3470 eam
717 3395 1013 3481 accepit:
1062 3394 1211 3463 ideo
1260 3395 1447 3463 initio
1497 3396 1916 3463 ususfructus
1966 3396 2105 3464 fieri
2150 3397 2345 3465 debet
2395 3396 2828 3465 inventarium
2887 3417 3108 3467 rerum

528 3505 917 3586 mobilium,
977 3508 1041 3569 et
1097 3501 1455 3588 descriptio
1505 3509 1717 3570 status
1767 3521 1984 3570 rerum
2037 3502 2469 3571 immobilium
2501 3559 2517 3587 ,
2567 3523 2715 3591 quae
2765 3505 2829 3573 in
2878 3524 3109 3574 usum-

528 3614 817 3683 fructum
889 3607 1202 3677 cedendae
1272 3617 1448 3677 sunt.
1522 3612 2123 3694 Expensaeautem
2172 3617 2326 3678 sunt
2373 3610 2778 3694 sustinendae
2829 3613 2911 3681 ab
2962 3631 3119 3680 usu-

529 3716 934 3800 fructuari03
980 3716 1089 3803 qui
1131 3716 1184 3784 si
1234 3716 1431 3784 fuerit
1479 3717 1559 3785 ab
1608 3717 1973 3786 inventario
2023 3718 2461 3802 dispensatus,
2489 3725 2645 3804 puta
2694 3736 2726 3785 a
2778 3726 3118 3803 testatore,

530 3829 747 3897 haeres
796 3824 1042 3912 poterit
1092 3823 1519 3891 nihilominus
1570 3822 1732 3891 illud
1779 3843 1990 3911 agere,
2039 3824 2152 3892 sed
2205 3825 2488 3911 propriis
2537 3827 2867 3912 expensis

708 3935 774 4000 Ξ.
844 3933 927 4000 Ut
999 3933 1199 4002 rebus
1272 3930 1526 3999 fruatur
1594 3933 1688 3999 uti
1739 3932 1958 4000 bonus
2009 3931 2507 4018 paterfamilias:
2559 3932 2801 4002 iccirco
2853 3940 3120 4002 tenetur

534 4040 911 4109 cautionem
970 4046 1285 4126 praestare
1342 4039 1483 4105 bene
1536 4038 1793 4121 utendi,
1849 4037 1973 4106 nisi
2024 4056 2174 4106 eum
2214 4037 2552 4125 dispenset
2599 4039 2921 4109 lex²:sic
2954 4041 3054 4110 lex
3085 4048 3166 4108 a=

595 4197 617 4239 ¹
658 4217 677 4242 c
714 4199 818 4250 Per
846 4198 1097 4260 esempio:
1135 4197 1281 4248 Tizio
1319 4197 1353 4248 1’
1379 4199 1432 4249 ιι
1471 4197 1758 4270 novembre
1793 4201 1916 4250 {860
1945 4197 2114 4248 affitto
2146 4208 2179 4247 a
2209 4197 2336 4259 cajo
2371 4197 2404 4246 ii
2442 4195 2637 4260 podere
2668 4199 2766 4250 che
2798 4199 2870 4248 ba
2911 4199 2965 4249 in
3002 4210 3123 4250 usu-

534 4262 700 4334 frutto
759 4273 850 4323 per
897 4264 1027 4312 sette
1061 4260 1209 4320 anni,
1260 4272 1292 4311 a
1335 4264 1621 4334 termmare
1655 4261 1687 4309 ιι
1733 4259 1786 4310 (ιι
1838 4264 1890 4310 ιι
1943 4258 2229 4310 novembre
2283 4261 2422 4312 1873.
2475 4260 2541 4309 Se
2595 4261 2742 4311 Tizio
2791 4273 2976 4313 muore
3029 4262 3064 4311 il
3093 4263 3127 4312 7

538 4323 704 4434 aprile
738 4325 880 4395 1870,
914 4336 948 4435 et
974 4322 1156 4434 qginm
1192 4333 1426 4393 cessasse
1460 4335 1513 4373 ιιι
1547 4325 1667 4387 que!
1769 4335 1902 4395 orno
1923 4321 2243 4433 t’plsutrutm,
2289 4322 2506 4433 t’gffitto
2554 4322 2970 4374 continuerebbe
3003 4324 3126 4375 sino

540 4396 573 4436 a
621 4396 1010 4497 οἳωὸιέᾞιῗεθὲθ
1039 4386 1959 4500 ιςαὲιιιιιιιῗῖιιιῗέιὲὲὲῐξιΐέΐιιθιωιῐιὶἰοιῗ
1997 4386 2649 4508 ubteffiolssmffirfiessjznper
2673 4447 2847 4499 dodici
2881 4394 3042 4504 anni,j
3060 4445 3126 4496 da

545 4516 675 4557 aver
707 4508 930 4579 termine
962 4508 996 4558 ι’
1022 4510 1072 4580 ιι
1110 4511 1401 4590 novembre
1436 4514 1583 4570 18783
1633 4520 1666 4559 e
1697 4520 1932 4560 cessasse
1964 4512 2078 4570 (per
2108 4510 2160 4559 la
2193 4510 2359 4580 morte
2405 4509 2943 4582 den‘usufruttuariot
2973 4512 3133 4559 Pusu-

542 4568 709 4620 frutto
744 4571 776 4620 ιι
812 4572 841 4639 7
874 4579 1100 4631 gennajo
1135 4573 1274 4644 ¹⁸7²»
1309 4571 1514 4644 lafsstto
1546 4583 1695 4621 cessa
1727 4572 1807 4621 cot
1848 4572 2082 4622 secondo
2108 4572 2498 4642 quinquennio,
2552 4574 2740 4635 potone
2782 4574 2816 4622 ιι
2869 4583 3046 4635 primo
3075 4571 3130 4621 tu

544 4628 632 4694 gia
664 4633 920 4693 esaurtto,
956 4642 985 4682 e
1018 4632 1202 4695 quindt
1236 4634 1290 4683 la
1321 4635 1589 4684 locutone
1619 4632 1928 4683 cesserebbe
1959 4634 2038 4683 cot
2072 4642 2259 4706 giorno
2295 4635 2349 4683 ιι
2388 4634 2675 4684 novembre
2708 4636 2848 4686 ¹870.
2887 4653 2907 4678 ι

607 4691 633 4733 ¹
667 4692 851 4753 Quoad
886 4693 1107 4745 modum
1139 4705 1259 4744 eam
1292 4696 1578 4758 prastaam
1607 4692 1731 4745 vide
1766 4696 1884 4746 Coa.
1912 4697 2114 4757 procea-
2138 4708 2254 4755 cw„
2286 4697 2386 4746 art.
2421 4697 2515 4748 329
2543 4698 2597 4747 et
2626 4706 2776 4760 seqq.
