3292 5167
516 228 644 294 204
1213 248 1327 292 un.
1381 242 1442 291 tr.
1493 246 1707 293 macr.
1756 246 1833 291 vt.
1881 241 2034 292 mse.
2083 241 2123 289 1.
2173 246 2304 290 can.
2355 246 2415 289 u.

520 351 701 418 illum
753 350 815 417 in
864 367 1062 416 manu
1113 348 1374 418 consilii
1423 349 1547 432 sui,
1582 357 1658 417 ut
1690 349 1862 418 bene
1901 347 2157 433 agendo
2191 347 2390 415 vitam
2426 354 2881 433 consequatur
2913 351 3128 430 aeter-

517 443 689 526 nam.
739 461 817 525 At
866 457 1163 542 negative
1211 456 1266 524 si
1317 474 1538 524 sermo
1589 457 1677 525 sit
1725 455 1806 525 de
1855 455 2153 525 dominio
2195 454 2449 526 directo
2501 461 2564 525 et
2616 454 2884 542 proprie
2911 453 3126 536 dictu,

515 568 599 634 ita
635 572 707 634 ut
756 565 967 651 possit
1017 564 1191 632 illam
1228 565 1304 631 ad
1347 563 1610 636 libitum
1659 564 2049 649 extinguere
2084 564 2182 631 vel
2214 580 2643 643 conservare;
2695 563 2880 632 solus
2931 560 3126 631 enim

514 677 692 743 Deus
742 672 914 741 sicut
962 672 1111 739 vitae
1161 670 1449 740 bominis
1513 678 1748 742 auctor
1809 677 1912 740 est
1977 678 2042 739 et
2090 677 2542 752 conservator,
2618 672 2707 738 ita
2757 670 2943 738 sotus
3013 676 3128 737 est

511 782 709 851 etiam
758 779 1056 866 ejusdem
1103 778 1448 848 dominus:
1499 793 1565 845 tu
1610 799 1676 846 es
1707 779 1893 863 enim,
1931 780 2214 862 Domine,
2259 780 2370 866 qui
2415 779 2562 845 vitoe
2606 791 2664 845 et
2709 779 2936 864 mortis
2992 778 3124 844 ha·

512 893 610 957 bes
648 899 1009 976 potestatem
1026 913 1053 966 ,·
1094 892 1158 955 et
1206 887 1348 973 ipse
1396 888 1575 955 Deus
1625 887 1844 972 ajebat
1892 885 1972 954 de
2021 904 2094 956 se
2143 886 2321 972 ipso:
2384 905 2495 972 eqo
2553 884 2849 967 occidam,
2897 897 2957 953 et
3006 904 3127 970 eqo

511 998 715 1064 civem
757 996 993 1081 faciam
1032 993 1090 1061 '¹.
1136 994 1312 1062 Idem
1363 992 1737 1062 docuerunt
1786 994 1909 1078 ipsi
1965 993 2228 1078 pagani:
2283 993 2435 1061 binc
2500 993 2897 1075 Cicerome
2941 1011 3128 1058 aene-

511 1105 698 1186 ctute)
747 1100 947 1170 refert
995 1101 1431 1187 Pythagoram
1479 1100 1762 1168 dixisse:
1811 1101 2064 1167 Nemini
2092 1100 2196 1186 fas
2226 1081 2353 1166 esse
2407 1100 2653 1186 injussu
2712 1098 3128 1187 imperatori-5

509 1210 736 1277 summi
788 1209 915 1289 Dei,
964 1206 1039 1273 de
1075 1206 1371 1293 praesidio
1416 1217 1473 1273 et
1518 1206 1784 1272 statione
1831 1208 1973 1273 vitae
2018 1203 2342 1274 discedere.
2408 1207 2504 1272 Ex
2571 1223 2704 1291 quo
2755 1201 3128 1288 consequi-

512 1324 638 1396 tur,
690 1315 1025 1381 hominem
1064 1312 1317 1397 absque
1351 1311 1566 1380 divina
1602 1313 1999 1382 auctoritate
2031 1329 2375 1397 nunquam
2435 1329 2637 1398 posse
2690 1309 2944 1382 directe
3002 1326 3124 1379 so·

512 1424 727 1509 ipsum
778 1419 1118 1488 occidere:
1172 1419 1323 1505 quia
1372 1419 1609 1505 injuria
1659 1418 2065 1505 irrogaretur
2111 1420 2272 1487 Deo.

590 1529 919 1596 Diximus:
973 1528 1038 1612 l)
1086 1528 1313 1613 absque
1357 1527 1575 1594 divina
1618 1527 2030 1604 auctoritate;
2077 1543 2184 1594 res
2249 1524 2442 1593 aliter
2475 1531 2704 1607 esset,
2766 1523 2820 1592 si
2887 1521 3122 1590 divina

508 1636 867 1704 auctoritas
917 1635 1293 1716 haberetur,
1358 1635 1452 1700 uti
1519 1634 1726 1700 adfuit
1774 1633 1837 1700 in
1908 1635 2233 1701 Samsone
2287 1635 2347 1714 ’3
2415 1633 2572 1702 item
2641 1632 2702 1700 in
2769 1613 3123 1717 aliqu'ibus

508 1743 863 1828 Religionis
913 1741 1291 1809 christianae
1346 1742 1772 1826 Martyribus3
1820 1742 1889 1825 2)
1939 1742 2184 1823 directe,
2235 1759 2321 1827 q·
2300 1740 2387 1808 ia
2436 1738 2791 1828 aliquando
2857 1739 2958 1808 fas
3012 1737 3124 1807 e‘st

508 1849 828 1918 indirecte
875 1868 947 1918 se
995 1848 1411 1916 interimere:
1461 1847 1719 1916 scilicet
1766 1848 1862 1916 fas
1911 1855 2012 1916 est
2061 1848 2258 1934 gravi,
2309 1865 2383 1916 ac
2411 1849 2598 1934 justa
2634 1847 2717 1916 de
2751 1865 2953 1916 causa
2995 1847 3122 1913 ali-

505 1955 665 2043 quid
711 1956 813 2022 vel
862 1956 1076 2023 tacere
1120 1953 1223 2022 vel
1271 1954 1579 2023 omittere
1627 1954 1730 2022 vel
1780 1955 2199 2040 permittere,
2255 1973 2336 2023 ex
2385 1971 2522 2041 quo
2589 1971 2769 2023 mors
2834 1954 3118 2041 propria

505 2068 842 2148 sequatur,
910 2059 1110 2130 modo
1159 2061 1428 2129 minime
1490 2060 1909 2141 intendatur3
1962 2069 2375 2148 praeceptum
2425 2063 2601 2129 enim
2668 2061 3117 2131 conservandi

508 2171 608 2238 vel
656 2169 1049 2238 defendendi
1096 2170 1292 2236 vitam
1333 2175 1434 2236 est
1473 2169 1953 2253 affirmativum,
2007 2169 2292 2254 ideoque
2342 2188 2472 2238 non
2523 2170 2774 2255 obligat
2837 2187 3121 2255 semper

504 2283 568 2344 et
617 2294 738 2363 pro
787 2294 1070 2361 semper.
1120 2278 1259 2343 Imo
1309 2275 1549 2343 desinit
1599 2275 1895 2359 obligare
1944 2282 2222 2361 propter
2274 2276 2741 2344 necessitatem
2807 2283 2924 2343 aut
2965 2293 3118 2343 ma-

506 2402 700 2469 gnam
748 2384 1133 2464 utilitatem3
1192 2400 1362 2466 nam,
1412 2401 1493 2450 ex
1560 2383 1886 2469 principio
1936 2382 2178 2452 tradito
2227 2401 2262 2451 a
2326 2403 2378 2453 s.
2423 2384 2720 2474 ,Thoma‚
2787 2383 2943 2453 licet
3013 2385 3110 2453 ob

503 2494 793 2561 rationes
833 2490 1272 2560 sufficientem
1302 2508 1548 2575 ponere
1579 2508 1848 2559 causam
1883 2492 1947 2558 in
1990 2510 2063 2559 se
2112 2491 2355 2560 bonam
2391 2491 2562 2562 duos
2600 2493 2876 2561 effectus
2917 2492 3117 2561 habi-

501 2604 737 2681 turam,
779 2599 1026 2666 bonum
1062 2615 1301 2683 nempe
1340 2596 1743 2665 intendendo
1770 2603 1838 2664 et
1870 2597 2119 2665 malum
2167 2598 2636 2684 permittendo.
2677 2598 2843 2668 Hinc
2875 2605 3114 2686 potest

500 2708 649 2791 quis
689 2724 918 2774 navem
955 2704 1306 2774 incendere
1342 2705 1444 2773 vel
1495 2722 1815 2789 mergere,
1857 2723 1936 2774 ne
1969 2704 2214 2774 inimici
2244 2724 2317 2773 ea
2358 2706 2698 2792 potiantur
2723 2724 2876 2775 cum
2920 2707 3113 2792 gravi

501 2814 885 2899 reipublicae
926 2812 1195 2879 damno:
1230 2812 1354 2879 etsi
1392 2811 1749 2897 praevideat
1777 2820 1841 2881 et
1875 2831 1946 2881 se
1973 2829 2265 2880 mersum
2301 2813 2411 2895 iri3
2461 2830 2614 2882 cum
2662 2814 2764 2882 sui
2809 2813 3110 2900 perditio

486 2940 633 3008 ,non
669 2922 755 2988 sit
789 2920 1037 2988 directe
1074 2920 1295 2987 volita

583 3030 798 3094 mu.
850 3030 920 3108 Q.
971 3028 1030 3096 3.
1080 3029 1180 3095 An
1230 3027 1587 3114 Respublica
1632 3028 1851 3094 habeat
1893 3027 2241 3097 dominium
2277 3049 2358 3098 m
2402 3029 2721 3097 subditos?

589 3139 655 3204 R.
703 3135 1094 3221 Respublica
1145 3135 1341 3204 babet
1377 3136 1604 3221 utique
1638 3135 2002 3205 dominium
2054 3139 2118 3206 in
2170 3138 2298 3206 sini
2344 3139 2686 3225 subjectos
2721 3139 2945 3225 quoad
2977 3157 3105 3208 eos

498 3241 965 3327 gubernandos
1015 3260 1089 3312 ac
1138 3241 1502 3328 regendos;
1555 3244 1858 3329 praecipit
1906 3245 2083 3313 enim
2131 3249 2330 3328 DeuS,
2401 3253 2475 3313 ut
2525 3246 2615 3313 illi
2686 3246 2937 3316 subditi
3006 3247 3110 3316 si·-

495 3368 668 3418 mus.
719 3353 798 3418 At
850 3343 904 3418 s'i
957 3352 1353 3437 Respublica
1404 3352 1674 3420 ratione
1711 3352 1816 3420 sui
1889 3351 2272 3421 dominatur
2339 3354 2762 3422 subditorum
2810 3354 3104 3434 actibus,

500 3476 633 3525 non
686 3466 905 3525 tamen
957 3459 1285 3527 directum
1334 3458 1703 3527 dominium
1753 3459 1951 3527 babet
2003 3459 2064 3527 in
2116 3478 2348 3529 eorum
2409 3462 2627 3544 vitam,
2677 3470 2749 3530 ut
2818 3479 2966 3530 eam
3015 3462 3106 3530 ad

424 3639 428 3646 ,
496 3565 760 3634 libitum
810 3568 1058 3634 auferat
1077 3594 1094 3648 3
1146 3567 1211 3634 id
1260 3568 1436 3634 enim
1485 3566 1695 3634 solius
1744 3575 1846 3634 est
1897 3568 2035 3636 Dei.
2084 3570 2389 3638 Attamen
2433 3569 2499 3637 id
2541 3569 2734 3638 habet
2769 3568 3102 3640 indirecte

496 3673 751 3741 ratione
801 3673 1045 3759 publici
1097 3674 1274 3758 boni,
1323 3675 1429 3742 cui
1482 3674 1826 3761 providere
1877 3682 2142 3744 tenetur
2159 3701 2178 3757 3
2225 3676 2373 3745 ideo
2409 3676 2671 3763 quando
2707 3679 2961 3747 bonum
3013 3678 3102 3746 il-

496 3781 607 3849 lud
653 3782 1070 3866 expostulat,
1121 3788 1343 3867 potest
1387 3781 1814 3850 subditorum
1862 3782 2059 3852 vitam
2109 3783 2174 3851 in
2226 3784 2402 3853 bello
2423 3803 2804 3871 exponere:
2866 3792 3102 3872 potest

492 3890 652 3957 item
700 3889 1022 3956 scelestos
1073 3888 1467 3971 interficere,
1518 3896 1755 3975 utpote
1803 3898 2033 3959 custos
2083 3892 2578 3978 tranquillitatis
2644 3894 2955 3979 publicae,
3009 3912 3096 3963 eo

489 3996 689 4065 modo
740 4014 874 4083 quo
924 4004 1150 4065 custos
1200 3997 1350 4064 vitae
1401 4013 1540 4063 suaa
1593 4003 1815 4082 potest
1865 3997 2205 4083 putridum
2267 3999 2411 4085 ejus
2481 4000 2856 4069 membrum
2905 4019 3093 4070 rese·

488 4123 637 4173 care
673 4123 792 4190 pro
829 4104 1040 4173 salute
1067 4105 1292 4172 totius.
1318 4103 1485 4172 Hinc
1520 4104 1913 4188 Apostolus:
1971 4106 2074 4174 Vis
2101 4125 2229 4174 non
2259 4109 2477 4174 timere
2518 4116 2930 4194 potestatem?
2989 4110 3098 4176 bo·

484 4231 641 4279 num
682 4214 887 4298 fac...‚·
929 4215 987 4280 si
1030 4224 1238 4280 autem
1281 4212 1521 4280 malum
1563 4213 1803 4297 fecer-ic,
1835 4214 2001 4297 time,
2033 4233 2163 4294 non
2191 4215 2360 4282 enim
2395 4215 2532 4286 sinc
2570 4237 2767 4286 causa
2797 4216 3094 4304 gladium

482 4329 731 4404 portat.-
785 4320 895 4386 Dei
937 4320 1103 4387 enim
1146 4319 1438 4386 minister
1482 4331 1586 4402 est,
1634 4319 1869 4386 vindex
1914 4320 1983 4386 in
2029 4320 2219 4402 iram,
2265 4322 2323 4387 ei
2365 4324 2475 4406 qui
2517 4324 2760 4390 malum
2804 4324 2941 4412 ayit
2989 4320 3044 4392 ⁸.

548 4511 572 4613 ἒ
608 4509 1653 4632 {ffirtffif'nanssssrpffzssilsssffff¹¹sassnsffiiem
1688 4574 1851 4625 etiam
1883 4573 1999 4625 sota
2031 4574 2227 4624 virtute
2261 4577 2497 4627 muneris
2531 4575 2633 4638 sui,
2677 4578 2873 4638 judicis
2913 4591 2978 4631 ac
3026 4581 3091 4632 li·

487 4635 746 4685 beram-15
797 4637 859 4683 ts·
862 4636 973 4694 ·‚ael
1026 4638 1183 4696 potui.
1177 4647 1260 4685 se
1291 4609 1540 4686 ’nostibus
1578 4638 1757 4697 populi
1791 4638 1910 4686 sui·
1893 4636 2186 4686 ·inleriturn
2224 4637 2416 4694 moliri,
2461 4644 2709 4701 quamvis
2761 4643 3085 4704 praevideret

487 4713 512 4747 s
516 4698 1063 4808 μιιτῐιιὶιιτιξζιιὲιῖξῐυαθω
1096 4709 1202 4745 uon
1239 4710 1347 4759 pos.
1312 4707 1411 4746 sse
1446 4722 1508 4734 -
1555 4698 1606 4747 V.
1647 4703 1706 4747 A·
1713 4698 1907 4758 Lapide
1939 4703 1989 4747 et
2030 4698 2195 4757 Veitb,
2233 4674 2513 4751 Cornut’emt.
2550 4704 2602 4752 in
2641 4703 2748 4753 Lib
2784 4706 3047 4756 Indicum.

608 4997 637 5028 9
