3292 5167
1152 257 1230 306 oz
1277 258 1676 304 umanum-Are
2427 241 2559 309 229

1030 581 1363 651 ΟΑΡ-ΠΤ
1431 581 1839 651 patmum

576 791 688 847 DE
744 788 1390 848 HAEREDITA'PE
1443 788 2286 849 TESTAHENTAMA.

246 1082 437 1146 886-
485 1077 561 1156 Q.
612 1077 672 1142 t.
725 1072 889 1172 Quid
930 1083 1021 1139 est
1065 1080 1543 1141 testamentum?

251 1187 307 1253 R.
350 1185 861 1251 Testamentum·
891 1181 1079 1267 quasi
1125 1182 1367 1249 testatio
1411 1184 1655 1265 mensis,
1704 1181 2052 1256 definitur:
2098 1194 2276 1252 octus
2321 1185 2635 1271 leqitimus
2680 1200 2738 1254 et

188 1291 514 1374 revocabilis,
562 1310 682 1378 quo
729 1290 912 1357 libere
954 1289 1095 1374 quis
1140 1288 1409 1377 disponit
1454 1290 1528 1356 de
1574 1291 1749 1358 bonis
1792 1292 1945 1375 saie,
1970 1293 2041 1359 in
2085 1304 2208 1360 toto
2254 1293 2352 1360 vel
2395 1293 2464 1360 in
2508 1305 2693 1382 parte
2716 1347 2733 1377 ‚

182 1419 270 1482 pro
304 1410 560 1486 tempore
601 1411 865 1465 mortem
908 1396 1326 1466 subsecuturo.

250 1506 508 1575 Dicitur:
584 1508 645 1573 1.
693 1506 926 1588 Actus,
1000 1521 1132 1573 non
1181 1506 1575 1586 conventi03
1625 1505 1778 1591 quia
1830 1505 1896 1575 in
1947 1512 2347 1600 testamento
2397 1508 2736 1576 concurrit
2807 1581 2812 1585 ,

183 1620 393 1680 tantum
436 1612 740 1682 voluntas
773 1611 1131 1680 testatoris,
1168 1612 1528 1697 Leqitimtae,
1567 1612 1633 1679 id
1667 1620 1768 1681 est
1802 1632 1882 1683 ex
1916 1612 2139 1699 logum
2176 1632 2405 1683 norma
2454 1632 2529 1683 ac
2566 1633 2736 1700 prae-

182 1719 535 1806 scriptione,
606 1720 797 1804 cujus
868 1729 972 1787 est
1040 1717 1372 1788 moderari
1430 1728 1653 1788 actum
1702 1720 1867 1788 adeo
1917 1722 2306 1794 solemnem.
2355 1722 2736 1810 Revocooilis

177 1827 321 1911 Juxta
362 1827 516 1894 iliud
566 1827 732 1912 legis
780 1826 1017 1895 civilis:
1067 1829 1214 1894 Non
1256 1823 1317 1893 εἰ
1352 1827 1481 1914 pud
1526 1829 1597 1894 in
1641 1830 1999 1914 quantunque
2043 1830 2201 1897 siasi
2242 1831 2456 1916 forma
2498 1831 2727 1896 rinun-

186 1936 319 2001 ziare
360 1934 502 2002 'alla
573 1934 796 2001 liberm
839 1933 908 2000 di
951 1934 1257 2015 rivocare,
1302 1954 1337 2000 o
1384 1937 1684 2021 canqiare
1731 1938 1785 2002 le
1841 1936 2247 2023 disposizioni
2291 1938 2445 2022 saue
2482 1957 2602 2023 per
2648 1947 2736 2003 te-

184 2053 460 2108 stamento?
506 2042 659 2126 oqui
698 2040 983 2107 clausola
1005 2093 1023 2125 ,
1071 2060 1108 2108 o
1153 2043 1517 2109 condizione
1562 2044 1889 2110 contraria
1933 2063 2060 2111 non
2099 2046 2184 2111 ha
2226 2046 2469 2131 effecto;
2514 2042 2582 2109 id
2632 2050 2735 2111 est

192 2165 296 2215 ιιοιι
346 2146 656 2234 impedit,
733 2147 1090 2233 quominus
1139 2166 1291 2234 quae
1343 2168 1463 2234 per
1508 2152 1930 2236 subsequens
1977 2157 2448 2221 testamentum
2497 2151 2735 2219 fierent

190 2254 627 2341 dispositiones
678 2255 961 2324 habeant
1010 2273 1206 2323 suum
1256 2259 1548 2326 valorem
1601 2241 1757 2342 (ort.
1794 2261 1977 2343 916).

321 2363 372 2428 2.
417 2364 550 2444 Quo
599 2361 821 2430 libere:
872 2362 1024 2431 hinc
1073 2362 1218 2447 ipso
1256 2365 1412 2432 Jure
1462 2372 1718 2433 naturae
1771 2364 2026 2432 nullum
2074 2370 2176 2432 est
2225 2370 2697 2432 testamentum

186 2468 229 2535 si
262 2475 515 2538 testator
560 2487 695 2538 non
744 2470 950 2538 libere
999 2469 1151 2555 egit,
1203 2470 1353 2557 quia
1404 2472 1501 2539 vei
1554 2490 1688 2540 non
1738 2490 2016 2558 compos
2049 2472 2329 2556 mentis,
2392 2471 2493 2540 vel
2542 2471 2734 2541 dece-

188 2582 318 2659 ptuS,
359 2576 451 2643 vel
521 2582 801 2645 coactus
846 2577 904 2644 vi
954 2583 1067 2644 aut
1116 2577 1425 2663 precibus
1476 2579 2109 2663 importunissimis,
2158 2587 2271 2647 aut
2320 2586 2503 2647 metu
2554 2579 2728 2664 gravi
2837 2582 2846 2591 '

183 2683 338 2750 etiam
380 2683 788 2752 reverentiali
838 2679 899 2765 ¹3
950 2684 1095 2753 haec
1142 2685 1317 2753 enim
1366 2688 1585 2755 omnia
1633 2687 1878 2755 tollunt
1927 2704 2328 2756 consensum
2377 2685 2459 2753 ad
2509 2692 2731 2755 actum

184 2789 307 2859 adeo
348 2791 624 2860 liberum
674 2792 947 2860 omnino
997 2792 1465 2862 necessarium.
2751 2815 2756 2820 ·

300 2897 371 2998 ,3.
442 2902 575 2979 Quo
646 2900 829 2984 quis‚·
900 2917 1047 2968 nam
1121 2908 1588 2972 testamentum
1631 2885 1931 2996 declaret'
1974 2903 2274 2971 ultimam
2320 2903 2730 2971 voluntatem

188 3005 339 3073 unius
384 3025 712 3092 personae,
761 3025 894 3076 non
946 3008 1235 3095 plurium
1274 3010 1501 3078 simul:
1540 3010 1692 3078 ideo
1741 3011 2000 3079 nullum
2048 3017 2225 3079 esset
2259 3015 2728 3078 testamentum

181 3116 281 3180 sive
340 3132 454 3199 pro
502 3114 778 3183 atterius
826 3115 964 3184 sive
1010 3133 1131 3203 pro
1182 3117 1522 3203 reciproca
1571 3118 1856 3187 utilitate
1904 3117 2141 3187 eodem
2188 3124 2339 3187 actu
2386 3116 2729 3186 conditum

108 3229 117 3242 ·
183 3243 207 3282 a
241 3220 471 3290 duabus
522 3221 623 3289 vel
669 3222 992 3306 pluribus.

316 3331 372 3396 t.
438 3329 733 3416 Disponis
778 3329 852 3397 de
897 3331 1076 3398 bonis
1139 3332 1275 3399 suis
1296 3385 1313 3415 ,
1382 3333 1454 3399 in
1499 3344 1622 3400 toto
1667 3334 1765 3400 vel
1809 3333 1879 3400 in
1922 3344 2120 3420 parte.
2170 3333 2261 3400 De
2306 3330 2481 3399 bonis
2548 3330 2680 3398 suis
2704 3353 2727 3396 .-

178 3448 294 3518 quae
314 3434 502 3504 verba
528 3434 822 3504 indicant
846 3435 1188 3505 materiale
1215 3440 1603 3507 testamenti
1642 3439 2001 3526 objectum.
2038 3439 2114 3506 In
2143 3450 2267 3507 toto
2297 3438 2394 3505 vel
2421 3438 2489 3505 in
2504 3448 2729 3525 parte,-

176 3539 297 3624 quia
332 3541 527 3611 hodie
573 3550 875 3628 testator,
916 3554 1147 3614 contra
1217 3555 1506 3615 veterem
1553 3548 1731 3618 Juris
1780 3548 2052 3617 Romani
2103 3545 2724 3633 praescriptionem,

178 3652 353 3729 potest
415 3649 618 3717 etiam
680 3647 1038 3736 disponere
1109 3650 1190 3719 de
1237 3653 1454 3740 aliqua
1506 3659 1765 3721 tantum
1817 3659 2002 3739 parte
2050 3671 2275 3722 rerum
2314 3667 2606 3726 suarum,
2658 3656 2724 3717 et

177 3751 505 3842 relinquere
547 3763 624 3824 ut
670 3761 911 3826 cet‘erae
958 3755 1341 3828 deferantur
1386 3759 1465 3827 ad
1499 3760 1801 3831 haeredes
1836 3762 1913 3829 ab
1944 3764 2267 3830 intestato.-
2300 3761 2458 3828 item
2501 3763 2723 3845 potest

178 3859 326 3943 plura
368 3863 743 3950 relinquere
787 3864 1125 3950 legatario,
1175 3884 1372 3953 quam
1411 3867 1683 3938 haeredi.
1807 3906 1816 3914 ·

315 3972 373 4039 5.
412 3974 538 4041 Pro
583 3983 857 4059 tempore
898 3985 1157 4043 mortem
1201 3976 1639 4056 subsecuturo;
1699 3976 1851 4064 quia
1894 3982 2364 4045 testamentum
2409 3971 2539 4040 vim
2588 3988 2722 4039 non

189 4069 356 4159 hahet,
421 4077 544 4149 nisi
619 4087 776 4166 post
823 4089 1107 4150 mortem
1154 4084 1533 4152 testatoris:
1584 4084 1759 4153 unde
1807 4083 2053 4153 dicitur
2098 4082 2293 4152 etiam
2341 4080 2565 4148 ultima
2607 4100 2718 4148 vo-

194 4175 364 4250 lutos.
402 4185 484 4253 Et
526 4186 894 4273 Apostolus
943 4189 1220 4258 Paulus:
1265 4202 1761 4259 toz-emmenum...
1808 4192 2086 4259 nondum
2131 4191 2310 4270 valet,
2361 4187 2511 4254 dum
2567 4188 2723 4255 vivit

192 4287 272 4368 <nti
306 4301 541 4361 testatus
585 4305 691 4362 est*
719 4298 773 4363 ¹.

247 4567 262 4607 ¹
286 4569 425 4626 secus
455 4577 498 4628 si
529 4579 756 4630 testator
787 4578 1149 4633 manuductus
1172 4579 1418 4643 precibus
1439 4580 1788 4643 simplicibus.
1810 4581 2044 4645 Lignori,
2069 4581 2159 4646 Op.
2182 4583 2338 4646 Mor„
2362 4573 2398 4634 ι’.
2423 4595 2500 4642 ιιι,
2522 4594 2576 4635 n.
2604 4582 2717 4634 921.

235 4631 256 4671 ²
286 4634 418 4687 Rehr.
451 4651 527 4690 lx.
559 4666 625 4678 —
664 4641 722 4692 V.
754 4642 1010 4705 Carriere,
1046 4643 1118 4693 De
1148 4643 1512 4704 contractibus,
1545 4655 1638 4695 nn.
1673 4645 1767 4696 492
1798 4649 1850 4696 et
1880 4656 1970 4710 seq
2016 4684 2027 4696 .
2059 4671 2120 4683 —
2156 4646 2275 4697 Cod.
2309 4649 2403 4697 civ.
2453 4647 2552 4697 art.
2605 4645 2716 4704 5593

192 4695 543 4765 -C.A.552;
578 4728 643 4740 —
680 4703 735 4757 C.
774 4704 833 4755 G.
868 4706 1088 4768 9673-
1124 4706 1179 4756 G.
1214 4707 1272 4757 P.
1305 4708 1429 4769 724;
1464 4732 1525 4745 —
1560 4706 1947 4772 c.S.890;-
2025 4709 2487 4773 .M.701;—C.
2526 4706 2715 4758 72:308.

254 4776 489 4867 Senum,
542 4787 869 4875 Theolom‘a
913 4795 1040 4858 etc·
1089 4791 1164 4858 T.
1218 4791 1295 4858 11.
2454 4795 2536 4861 15
