3292 5167
465 239 551 306 72
845 254 848 257 ’
1162 262 1277 306 Lm.
1330 260 1392 307 11.
1446 261 1658 310 rnAc‘r.
1707 266 1763 308 v.
1811 265 1966 310 mse.
2014 264 2054 310 1.
2103 263 2232 312 car.
2275 264 2353 312 lv.

467 365 625 427 tioni
676 371 885 426 tamen
935 363 1244 426 festorum
1291 366 1579 444 apprime
1604 368 2022 446 respondent,
2067 377 2130 431 et
2173 369 2490 449 siquidem
2535 386 2617 433 ex
2659 371 2878 433 animo
2910 388 3070 436 vero

467 445 699 507 devoto
745 443 1113 523 procedant,
1155 444 1433 523 aliquam
1482 446 1683 508 divini
1734 447 1941 511 cultus
1987 459 2244 528 partem
2279 452 2702 514 constituunt.
2746 449 2864 514 Vel
2912 451 3069 532 quid

469 525 989 602 convenientiuS,
1030 541 1215 605 quam
1249 536 1319 588 ut
1349 543 1464 606 pro
1502 527 1819 620 dignitate
1864 530 2066 608 ipsms
2111 531 2239 593 die-i
2284 533 2481 594 etiam
2510 534 2783 595 vestitus
2830 540 2896 595 et
2936 541 3068 596 tota

470 608 891 748 conseri-'vatia
918 616 1135 669 nostra
1186 607 1347 669 nihil
1400 622 1688 679 omnino,
1733 609 1901 689 quod
1949 610 2218 690 vulgare
2261 621 2451 691 atque
2494 612 2944 692 quotidianum
2988 616 3076 677 sit

472 701 675 764 praese
707 702 811 749 era
926 711 948 739 ι

586 967 738 1031 Aur.
787 965 870 1032 11.
914 1002 1004 1013 -—
1047 968 1141 1032 De
1185 965 1469 1052 operibus
1507 985 1647 1051 quae
1695 967 1904 1034 dicbus
1946 971 2147 1036 Festis
2191 918 2498 1050 vetamur,
2547 981 2600 1035 et
2648 970 2720 1036 de
2764 970 2975 1039 causis

1309 1146 1379 1211 ob
1423 1103 1595 1231 quas*
1627 1146 1742 1213 illa
1779 1148 2250 1233 permittuntur.

570 1372 722 1433 99-
775 1378 845 1456 Q.
900 1378 957 1443 1.
1010 1378 1359 1463 Quotupleoe
1403 1397 1660 1464 operum
1704 1398 1899 1463 qenus
1943 1379 2149 1466 quoad
2191 1380 2351 1463 festa
2396 1379 2847 1465 distinquitur?

486 1537 499 1550 1
571 1483 640 1550 R.
694 1482 1113 1569 Quadruplex
1163 1502 1442 1570 operum
1490 1503 1701 1569 genus
1751 1484 1971 1571 quoad
2022 1485 2184 1553 festa
2235 1485 2691 1572 distinguitur:

568 1588 717 1655 Alia·
757 1596 912 1657 sunt
959 1609 1148 1675 opera
1208 1591 1504 1677 corporis,
1577 1609 1727 1675 quae
1801 1609 2081 1675 corpore
2153 1593 2488 1677 praecipue
2552 1601 2968 1675 exercentur,
3019 1602 3093 1662 et

444 1693 875 1762 ordinantur
922 1695 1300 1764 immediate
1349 1698 1428 1763 ad
1478 1698 1778 1782 corporis
1828 1697 2201 1781 utilitatem,
2254 1700 2348 1766 uti
2386 1717 2602 1781 suere,
2654 1699 2900 1784 fodere,
2950 1718 3097 1769 me-

484 1806 645 1883 tere,
696 1803 916 1870 vineas
966 1804 1206 1886 colere,
1258 1804 1442 1871 filum
1491 1804 1697 1890 digito
1765 1812 2099 1891 torquere,
2151 1814 2215 1873 et
2265 1814 2516 1876 -ceterae
2579 1815 2753 1875 artes
2803 1809 3101 1877 mecani-

486 1907 649 1989 chae,
703 1917 774 1975 ut
835 1918 991 1978 sunt
1053 1930 1252 1997 opera
1324 1912 1684 1995 fabrorum,
1758 1918 2083 1995 sutorum,
2156 1921 2509 1997 sartorum,
2563 1921 2689 1983 etc.
2762 1916 3101 1984 Dicuntur

485 2033 674 2103 opera
704 2019 955 2085 ruralia
991 2018 1092 2086 vel
1138 2021 1396 2086 servilia
1412 2046 1438 2099 ,·
1470 2021 1623 2105 quia
1672 2026 1744 2086 ut
1777 2019 2136 2105 plurimum
2183 2039 2217 2087 a
2251 2021 2456 2090 servis
2507 2024 2807 2108 praestari
2844 2023 3097 2092 solent.

574 2123 713 2190 Alia
763 2132 919 2191 sunt
964 2146 1155 2212 opera
1198 2127 1446 2211 animoe,
1497 2145 1646 2213 quae
1712 2127 1792 2194 ab
1854 2128 2067 2194 anima
2142 2128 2513 2212 praesertim
2584 2131 2972 2215 procedunt,
3027 2138 3101 2199 et

491 2230 806 2316 primario
855 2230 934 2297 ad
983 2232 1420 2301 excolendum
1470 2233 1880 2300 intellectum
1929 2233 2338 2318 ordinantur,
2389 2238 2483 2302 uti
2532 2236 2818 2322 docere,·
2848 2238 3100 2322 legere,

490 2338 804 2434 scribere,
856 2357 1112 2408 canere.
1164 2344 1320 2408 Haec
1370 2337 1688 2407 dicuntur
1733 2360 1922 2426 opera.
1971 2342 2299 2422 liberalia,·
2346 2344 2497 2429 quia
2531 2346 2827 2414 exerceri
2873 2345 3105 2413 solent

492 2460 528 2510 a
575 2444 824 2527 liberis,
876 2454 941 2513 et
989 2454 1211 2515 mente
1261 2448 1689 2532 potiusquam
1739 2465 2039 2533 corpore.
2537 2495 2541 2499 Α

582 2552 721 2619 Alia
771 2561 926 2621 sunt
973 2573 1162 2640 opera
1207 2555 1436 2636 media,
1473 2573 1622 2641 quae
1677 2555 1878 2621 etiam
1913 2553 2223 2622 dicuntur
2259 2559 2644 2625 communia.-
2693 2566 2758 2626 et
2805 2567 2963 2626 sunt
3001 2576 3104 2643 ea,

496 2676 646 2744 quae
697 2679 731 2726 a
781 2662 986 2729 servis
1028 2661 1231 2728 simul
1299 2669 1363 2729 et
1412 2680 1445 2727 a
1495 2661 1723 2730 liberis
1790 2661 2168 2746 promiscue
2225 2671 2637 2747 exercentur,
2696 2665 2790 2734 uti
2853 2653 3106 2750 venari',

495 2765 623 2834 iter
671 2767 904 2851 facere,
954 2769 1257 2850 militare,
1309 2769 1574 2854 gladiari
1627 2775 1692 2836 et
1741 2767 1999 2835 similia.

586 2874 725 2942 Alia
776 2874 1063 2959 denique
1111 2882 1267 2943 sunt
1321 2895 1512 2962 opera
1554 2876 1852 2961 forensia,
1889 2892 2038 2960 quae
2090 2876 2342 2943 scilicet
2381 2877 2462 2944 ad
2507 2877 2724 2946 forum
2766 2879 3108 2965 judiciale,

499 2982 598 3049 vel
650 2982 846 3050 etiam
894 2982 975 3049 ad
1024 2989 1430 3052 mercaturas
1480 2988 1805 3067 spectant.

590 3091 798 3152 Ιθθ.
852 3095 924 3173 Q.
973 3094 1033 3159 2.
1088 3092 1251 3173 Quid
1295 3090 1618 3158 dicendum
1665 3090 1736 3157 de
1782 3091 2065 3177 operibus
2107 3090 2433 3158 servilibus
2478 3092 2545 3157 in
2590 3094 2836 3160 Festis?

592 3200 662 3264 R.
715 3199 926 3284 Opera
975 3200 1232 3267 servilia
1282 3199 1551 3286 proprie
1599 3197 1770 3266 dicta
1806 3197 2248 3283 prohibentur
2282 3198 2516 3266 diebus
2565 3199 2770 3282 festiS,
2818 3202 2915 3268 uti
2952 3219 3116 3270 con-

507 3310 636 3370 stat
684 3323 762 3373 ex
812 3307 1013 3374 veteri
1065 3307 1207 3391 lege
1242 3312 1307 3374 et
1357 3308 1677 3375 canonico
1723 3308 1880 3374 Jure
1916 3305 1963 3373 ¹.
2001 3305 2190 3392 Quod
2225 3314 2636 3391 praeceptum
2676 3307 2904 3376 fideles
2944 3309 3117 3377 obli-

508 3420 649 3500 gat:
703 3417 768 3499 1)
820 3414 1075 3499 integro
1126 3414 1232 3482 die
1279 3415 1475 3498 festo,
1526 3414 1590 3480 id
1640 3422 1743 3482 est
1791 3414 1871 3482 ab
1942 3414 2105 3481 hora
2153 3412 2543 3481 duodecima
2595 3414 2810 3482 noctis
2861 3433 3118 3500 praece-

508 3520 724 3588 dentis
776 3539 989 3607 usque
1044 3522 1123 3588 ad
1171 3520 1403 3589 horam
1453 3522 1612 3589 item
1647 3521 2107 3588 duodecimam
2157 3522 2372 3588 noctis
2412 3521 2774 3607 sequentis,
2826 3529 2901 3588 ut
2946 3539 3117 3592 usus

508 3629 897 3697 universalis
947 3648 1018 3697 se
1073 3630 1310 3712 habet3
1371 3632 1440 3712 2)
1489 3630 1612 3697 sub
1664 3628 1922 3696 mortali
1975 3628 2126 3713 quia
2178 3626 2389 3696 tendit
2420 3628 2487 3695 in
2524 3628 2821 3697 debitum
2855 3630 3119 3699 cultum

510 3753 586 3803 ex
638 3735 879 3804 virtute
950 3736 1309 3822 Religionis
1384 3739 1523 3804 Deo
1596 3734 2065 3818 exhibendum,
2143 3743 2210 3802 et
2258 3753 2364 3804 res
2412 3743 2514 3804 est
2572 3754 2652 3803 ex
2700 3752 2943 3820 genere
2991 3753 3120 3805 suo

511 3843 744 3929 gravis
793 3843 965 3912 Nihil
1012 3862 1168 3913 vero
1219 3845 1441 3925 refert,
1492 3851 1719 3911 utrum
1792 3843 1937 3909 haec
1986 3860 2187 3928 opera
2257 3842 2418 3909 fiant
2465 3861 2544 3911 ex
2606 3841 2821 3924 lucro,
2886 3860 2968 3909 an
3017 3861 3125 3912 re-

514 3951 870 4020 creationis
922 3969 1155 4034 causa3
1206 3970 1285 4019 an
1338 3953 1530 4034 bona,
1595 3968 1675 4017 an
1709 3941 1908 4017 ‘mala
1973 3948 2167 4016 animi
2221 3949 2626 4031 intentione,
2676 3967 2756 4017 an
2815 3950 3122 4036 corporis

513 4058 998 4143 defatigatione,
1050 4076 1129 4125 an
1203 4057 1501 4143 ejusdem
1559 4056 1835 4124 solatio:
1886 4072 2034 4121 nam
2109 4056 2254 4124 istae
2305 4074 2528 4124 rerum
2600 4057 3120 4127 circumstantia

515 4185 647 4234 non
700 4166 1049 4256 immutant
1097 4166 1464 4235 eorundem
1514 4182 1794 4251 operum
1843 4170 2144 4230 naturam
2178 4165 2229 4230 ².

594 4294 695 4355 An
740 4263 1046 4373 (quaeres)
1091 4292 1282 4354 liceat
1320 4307 1552 4352 currus
1587 4289 1685 4352 vel
1718 4289 2013 4368 ,iumenta
2044 4289 2273 4351 ducere
2314 4305 2452 4350 cum
2478 4304 2660 4351 onere
2701 4290 2769 4353 in
2811 4288 3041 4369 festis?

596 4373 719 4435 Alii
766 4375 1002 4437 docent
1044 4372 1107 4435 id
1161 4372 1458 4434 illicitum
1508 4386 1669 4444 esse,
1701 4385 1840 4433 cum
1880 4377 2130 4432 tantum
2173 4370 2379 4431 servis
2424 4370 2756 4448 proprium
2787 4372 2907 4432 sit:
2938 4371 3118 4434 unde

520 4453 644 4516 iter
689 4455 1011 4533 inceptum
1044 4462 1290 4516 tantum
1337 4451 1721 4532 permittunt
1758 4452 2150 4525 continuari,
2191 4452 2243 4511 si
2281 4451 2422 4511 sine
2452 4449 2686 4512 damno
2719 4451 3113 4532 interrumpi

584 4629 798 4683 1,Levit.
833 4644 986 4682 xxm.
1018 4656 1082 4668 —
1114 4632 1177 4681 Et
1209 4642 1325 4693 cap.
1366 4641 1383 4678 1
1416 4627 1612 4689 omnis,
1647 4626 1714 4678 de
1745 4627 1910 4679 feriis,

582 4693 607 4733 2
650 4695 701 4745 V.
732 4694 1046 4746 Benedictus
1080 4693 1216 4754 XIV,
1250 4693 1608 4754 Notifficutione
1644 4702 1770 4741 cxv.
1802 4716 1864 4728 -
1902 4689 2135 4752 Lignori,
2164 4688 2254 4751 op.
2297 4687 2454 4752 Mor„
2491 4687 2526 4742 l.
2558 4700 2632 4751 111,
2665 4701 2722 4743 11.
2751 4691 2861 4742 267.
