3292 5167
548 237 678 314 '736
1556 266 1673 314 mn.
1722 268 1784 314 n.
1832 267 2053 317 ‘nuc-n
2092 265 2217 314 vm.

549 368 692 435 bitoe
734 369 802 432 in
847 367 1195 433 Seminario
1240 367 1302 432 S.
1350 366 1608 448 Sulpicii
1652 372 1838 435 annis
1906 370 2301 446 mmm-59,
2362 377 2492 453 p'ar.
2539 389 2622 448 lv,
2663 389 2717 436 a.
2762 373 2842 448 2,
2885 372 2922 455 5
2979 374 3034 438 1.
3071 409 3148 422 —-

545 450 626 515 Ca
678 449 945 531 polleni,
987 450 1200 514 Storia
1242 449 1340 512 del
1387 448 1857 515 Cristianesimo
1899 451 2011 514 dal
2053 451 2211 515 1720
2257 453 2325 515 al
2368 452 2524 516 1846
2560 470 2590 527 ς,
2625 454 2731 516 lib.
2765 452 2865 516 95.

627 467 692 605 ὃ.
737 531 792 596 4.
838 529 997 606 Ouid
1038 532 1096 593 si
1138 533 1205 593 in
1246 517 1499 594 decess&
1539 531 1821 608 aliquus
1863 530 2227 607 acatholici,
2263 530 2589 613 publicum
2648 534 2845 613 funus
2885 539 3147 614 petatur

546 628 664 694 pro
707 618 838 677 tota
879 611 1131 692 familia
1173 609 1484 673 catholica
1509 614 1540 673 P

628 691 698 754 R.
742 691 811 757 Iu
854 710 1044 770 opere
1086 689 1392 755 Analecta
1433 691 1610 754 Juris
1650 692 1962 773 pontificii
2000 709 2165 758 anno
2220 690 2417 768 1860,
2460 710 2599 773 pag.
2642 692 2800 758 2390
2857 692 3134 773 legitur:

562 800 585 829 ι
631 774 838 852 Ayant
881 774 982 834 ete
1027 772 1352 836 consultee
1398 788 1554 851 pour
1596 774 1809 835 savoir
1852 773 1945 836 s'il
1991 777 2192 838 serait
2239 775 2495 855 permis»,
2547 772 2606 836 le
2645 776 2794 852 jour
2837 789 3133 836 anniver-

552 855 719 917 saire
756 854 835 917 de
879 852 934 914 la
982 861 1149 930 mort
1191 852 1400 914 d’une
1442 854 1767 931 princesse
1812 863 2237 933 protestante,
2282 853 2361 916 dc
2426 852 2720 916 celebrer
2756 870 2841 917 un
2888 847 3137 917 s'crvicc

550 933 823 998 funebre
866 948 1018 994 avec
1063 932 1116 994 la
1163 932 1360 994 Messe
1425 948 1583 1011 pour
1629 931 1686 993 lc
1732 950 1916 1012 repos
1960 935 2071 999 des
2135 940 2308 1002 ames
2345 933 2424 996 de
2471 933 2765 997 defuncts
2811 934 2890 996 de
2945 935 3000 996 ia
3049 933 3132 996 ra·

547 1012 728 1080 mille
772 1014 1008 1094 royalc,
1051 1013 1107 1073 la
1139 1009 1197 1073 S.
1242 1012 1303 1075 C.
1347 1028 1378 1074 a
1430 1013 1719 1092 repondu
1757 1012 1816 1076 le
1858 1014 1936 1076 23
1983 1033 2152 1080 mars
2197 1013 2382 1078 1859:
2444 1032 2566 1078 non
2609 1015 2814 1087 licere,
2855 1021 2918 1077 et
2959 1015 3146 1077 detur

550 1096 896 1176 exemplum
951 1093 1219 1172 epistolae
1260 1095 1326 1155 in
1368 1091 1570 1172 forma
1613 1093 1831 1156 Brevis
1881 1093 2179 1172 Greyoria·
2220 1095 2369 1158 XVI
2415 1095 2455 1158 9
2486 1095 2650 1172 julii
2691 1094 2849 1157 1842
2890 1094 2975 1157 ad
3017 1093 3141 1156 Ru·

548 1186 708 1259 pert.
751 1176 926 1239 Feiss
968 1173 1289 1252 praesidem
1332 1172 1766 1235 monachorum
1808 1175 1881 1236 de
1926 1174 2267 1256 Scheyern.
2312 1200 2333 1230 ι

630 1261 725 1323 En
771 1257 1061 1317 Breve:...
1104 1254 1350 1316 Literas
1412 1254 1799 1333 accepimus,
1843 1254 2148 1335 quihus....
2212 1255 2528 1337 siqnificas
2564 1303 2582 1330 ,
2631 1255 3034 1317 carissimum
3075 1255 3143 1316 in

559 1337 808 1403 Christo
828 1337 1328 1416 filium-nostrum
1372 1333 1662 1397 Bavarioe
1695 1352 1894 1415 reqem
1940 1337 2006 1399 in
2049 1337 2436 1400 restituendo
2485 1335 2658 1399 robis
2709 1332 2981 1398 caenobio
3009 1350 3144 1395 eam

556 1419 911 1502 apposuisse
986 1414 1392 1476 conditionem
1421 1461 1439 1490 ,
1479 1423 1555 1477 ut
1609 1415 1898 1477 monachi
1959 1418 2026 1480 in
2088 1435 2206 1481 sua
2267 1416 2548 1480 Ecclesia
2588 1416 2783 1494 funus
2825 1413 3146 1478 celebrare

559 1506 914 1566 tenerentur
954 1512 1066 1575 pro
1094 1512 1236 1574 reqe
1279 1496 1410 1573 ipso
1444 1512 1582 1556 cum
1624 1497 1947 1573 morietur,
1979 1507 2043 1560 et
2097 1503 2164 1561 in
2208 1497 2669 1560 anniversariis
2702 1512 2890 1576 porro
2925 1493 3142 1557 diebus

556 1583 623 1644 in
664 1586 1073 1661 perpetuum;
1119 1576 1380 1656 itemque
1420 1591 1533 1654 pro
1578 1577 1800 1668 reqina
1865 1579 2125 1659 conjuqe
2167 1595 2244 1641 ac
2288 1594 2403 1657 pro
2449 1575 2693 1655 suturis
2756 1575 2977 1638 deinde
3036 1591 3142 1637 seu

556 1660 807 1742 reqibus
850 1675 956 1719 seu
999 1656 1236 1736 reqinis
1281 1663 1406 1718 tum
1450 1657 1515 1718 in
1558 1673 1987 1736 cujuscunque
2028 1659 2222 1732 obitu,
2271 1665 2402 1719 tum
2454 1659 2520 1719 in
2563 1655 2780 1719 diebus
2844 1655 3138 1718 annicer-

558 1744 754 1805 sariis
798 1738 908 1821 qui
960 1753 1153 1817 usque
1196 1736 1276 1798 ad
1318 1733 1744 1815 subsequentis
1787 1746 2041 1800 mortem
2085 1740 2486 1801 intercedent.
2533 1738 2728 1800 Addis
2772 1744 2984 1799 autem
3017 1784 3036 1811 ,
3086 1742 3143 1798 te

491 1861 495 1868 -
560 1824 841 1902 quidem,
873 1818 1094 1880 dilecte
1133 1816 1250 1897 fili,
1287 1818 1427 1893 jam
1473 1822 1602 1877 tum
1640 1818 2034 1902 praesensisse
2077 1820 2508 1899 difficultatem
2569 1836 2647 1880 ex
2686 1835 2752 1879 eo
2806 1816 2998 1897 facile
3045 1814 3139 1880 ob·

558 1911 892 1966 venturam
933 1900 1090 1978 quod
1144 1898 1542 1959 serenissima
1584 1897 1751 1977 reqis
1794 1916 1958 1960 uoeor
2000 1916 2040 1961 a
2100 1901 2432 1963 catholicis
2475 1900 2679 1961 saeris
2739 1900 2955 1962 aliena
2997 1902 3142 1968 est:

556 1984 662 2045 sed
689 1981 1098 2047 nihilominus
1141 1995 1220 2039 ex
1263 1977 1594 2054 cuiusdam
1630 1977 1981 2057 prudentis,
2030 1988 2105 2042 ut
2150 1978 2450 2060 putabas,
2493 1980 2623 2042 viri
2664 1978 2926 2042 consilio
2971 1977 3142 2040 indu·

560 2064 732 2127 misse
775 2062 1075 2132 animum,
1122 2066 1195 2119 ut
1236 2057 1646 2120 conditionem
1691 2058 1868 2121 illam
1910 2061 2222 2139 acciperes
2264 2077 2336 2122 ea
2389 2067 2609 2135 mente,
2639 2066 2716 2121 ut
2756 2061 2814 2120 si
2857 2059 3141 2135 deinceps

561 2147 770 2208 ea‘dem
800 2142 1019 2223 reqina
1048 2145 1237 2201 extra
1256 2139 1736 2200 communionem
1764 2137 2137 2202 catholicam
2159 2142 2499 2216 moriatur,
2527 2140 2916 2220 sacrificium
2941 2137 3143 2200 Missa

563 2227 631 2287 in
676 2225 875 2304 ipsius
915 2221 1138 2301 sunere
1180 2225 1242 2280 et
1282 2219 1744 2282 anniversariis
1805 2219 2016 2282 diebus
2058 2222 2363 2302 offeratur
2425 2237 2541 2301 pro
2587 2224 2765 2300 reqia
2829 2217 3141 2308 catholica

564 2304 815 2385 familia
855 2300 1211 2365 universim.
1268 2297 1478 2360 Verum
1520 2315 1659 2361 cum
1693 2316 1892 2380 nuper
1933 2302 2000 2363 in
2035 2311 2230 2366 morte
2272 2301 2635 2365 acatholicae
2672 2303 2818 2362 item
2857 2299 3140 2360 mulieris

564 2384 974 2448 serenissimae
1015 2380 1246 2458 reqince
1287 2381 1483 2441 viduae
1513 2396 1632 2443 non
1677 2380 1833 2443 leves
1877 2382 2049 2444 circa
2092 2384 2228 2461 eJ'us
2272 2382 2465 2462 funus
2511 2388 2633 2443 toto
2683 2397 2874 2461 reqno
2922 2379 3143 2441 dissen-

565 2466 768 2528 siones
812 2461 1186 2532 extiterint,
1238 2465 1409 2521 tuum
1453 2476 1580 2521 esse
1620 2461 1871 2524 duxisti
1923 2461 2162 2541 referre
2204 2466 2285 2526 ad
2327 2481 2435 2524 nos
2498 2462 2570 2536 de
2628 2462 2989 2523 conditione
3032 2454 3142 2520 illa

566 2563 641 2607 ac
682 2548 753 2609 de
794 2545 1039 2607 ratione
1068 2557 1107 2602 a
1144 2546 1201 2601 te
1228 2539 1666 2620 monachisque
1710 2543 1835 2603 tuis
1872 2558 1937 2604 eo
1969 2546 2035 2605 in
2093 2562 2246 2606 casu
2291 2543 2583 2616 tenenda,
2626 2544 3004 2604 sententiam
3037 2554 3138 2600 no·

565 2633 767 2689 stram
808 2639 1154 2705 etz-poscere.
1197 2620 1322 2681 Nos
1378 2621 1579 2700 iqitur
1619 2623 2068 2686 sanctisssimoe
2120 2626 2478 2687 insistentes
2544 2622 2840 2686 Ecclesioe
2903 2618 3140 2700 requlis

565 2706 1017 2788 respondemus,
1062 2703 1464 2764 intentionem
1510 2699 1683 2761 illam
1727 2703 2024 2782 offerendi
2063 2706 2341 2768 divinum
2380 2703 2774 2785 Sacrificium
2819 2718 2932 2764 seu
2974 2699 3138 2762 alias

563 2805 781 2867 preces
825 2802 938 2865 pro
980 2781 1291 2861 defunctis
1335 2798 1365 2843 e
1408 2780 1719 2842 catholica
1762 2784 1936 2863 reqia
1988 2783 2239 2864 familia
2279 2786 2613 2861 universis,
2655 2783 3148 2862 haudquaquam

563 2868 724 2930 satis
766 2883 892 2928 esse
921 2865 1002 2927 ad
1042 2861 1579 2936 cohonestandum,
1621 2860 1859 2940 publici
1902 2863 2147 2942 funeris
2176 2883 2389 2940 causa,
2429 2867 2586 2943 quod
2629 2881 2743 2944 pro
2786 2860 3142 2926 acatholica

559 2963 829 3028 persona
870 2943 1238 3006 nominatim
1279 2942 1662 3021 postulatum
1704 2949 1835 3018 est,
1878 2952 1940 3006 et
1981 2947 2045 3007 in
2081 2946 2217 3022 ejus
2260 2943 2468 3008 obitus
2497 2952 2615 3007 aut
2663 2961 2883 3006 annua
2920 2945 3021 3005 die
3061 2956 3147 3000 ce·

571 3027 871 3090 lebratur.
908 3025 1110 3104 Atque
1152 3021 1298 3084 hinc
1339 3040 1448 3083 nos
1493 3023 1617 3100 ipsi
1658 3025 1778 3086 etsi
1822 3029 1896 3097 te,
1939 3025 2157 3087 dilecte
2197 3027 2310 3106 fili,
2354 3033 2612 3105 tuosque
2664 3025 3000 3087 monachos
3038 3035 3145 3098 pa·

568 3115 749 3171 terna
791 3106 1120 3176 charitate,
1148 3119 1639 3182 prosequamur„
1680 3121 1757 3165 ea
1785 3110 1989 3165 tamen
2019 3123 2151 3185 quoe
2185 3109 2267 3168 ad
2300 3104 2637 3168 caenobium
2671 3106 2844 3167 istud
2884 3106 3146 3183 eJ‘usque

568 3206 669 3252 res
690 3189 1027 3269 pertinent,
1048 3201 1168 3246 non
1212 3191 1400 3246 antea
1441 3182 1780 3263 prbbaturi
1804 3191 1866 3246 et
1898 3187 2337 3265 confirmaturi
2377 3187 2630 3258 crimus,
2655 3201 2842 3265 quam
2873 3180 3146 3248 conditio

569 3270 705 3343 illa,
754 3271 1006 3330 incaute
1049 3281 1087 3327 a
1131 3262 1301 3328 vohis
1344 3272 1629 3343 suscepta
1655 3312 1670 3335 ‚
1714 3266 1797 3327 ad
1838 3264 1973 3326 sola
2017 3266 2474 3329 catholicorum
2513 3267 2871 3345 principum
2913 3266 3147 3346 funera

569 3351 1017 3429 restrinqatur.
1062 3346 1186 3408 Nec
1228 3346 1390 3407 enim
1448 3345 1811 3424 permittere
1848 3362 2174 3425 possumus
2205 3394 2221 3423 ,
2265 3354 2341 3409 ut
2396 3346 2532 3408 ullo
2573 3347 2743 3408 modo
2802 3345 2991 3426 fraus
3030 3344 3148 3424 fiat

559 3428 979 3508 prohibitioni
1018 3425 1120 3490 illi
1176 3442 1307 3504 quoe
1349 3425 1414 3487 in
1459 3423 1771 3487 catholica
1815 3428 1950 3505 ipsa
1992 3427 2281 3490 doctrina
2325 3428 2673 3502 innititur,
2714 3426 2786 3488 de
2827 3443 3011 3488 sacro
3090 3439 3149 3482 u·

566 3524 712 3571 nere
753 3526 864 3588 pro
906 3506 1216 3586 defunctis
1258 3505 1627 3568 acatholicis
1674 3522 1796 3568 non
1857 3505 2238 3570 celebrando.
2284 3510 2409 3587 Aqe
2464 3507 2677 3586 itaque
2706 3553 2722 3581 ‚
2755 3507 2978 3568 dilecte
3069 3502 3147 3584 li,

568 3589 846 3669 impende
891 3595 1060 3650 tuam
1104 3603 1335 3649 omnem
1397 3587 1781 3648 industriam
1824 3593 2010 3665 atque
2064 3604 2310 3667 operam
2368 3599 2485 3667 qno
2540 3587 2975 3649 serenissimus
3029 3604 3148 3652 reat

564 3687 681 3749 pro
722 3670 954 3750 pietate
994 3684 1113 3729 sua
1156 3667 1221 3728 id
1260 3667 1504 3729 omnino
1547 3673 1849 3729 annuat...
1887 3667 2133 3729 Interea
2175 3669 2234 3730 si
2274 3675 2423 3731 ante
2467 3684 2651 3746 quam
2682 3683 2811 3730 rem
2854 3684 2995 3729 cum
3025 3685 3146 3732 sua

570 3752 900 3828 majestate
942 3748 1336 3827 compositam
1379 3746 1722 3828 concinnat,
1765 3749 1926 3827 quod
1966 3747 2127 3810 Deus
2171 3755 2438 3824 avertat,
2491 3750 2777 3828 reqinam
2818 3748 3142 3812 serenissi-

569 3849 733 3895 mam
775 3837 962 3893 extra
983 3844 1191 3890 veram
1218 3825 1587 3890 catholicam
1619 3827 1796 3908 fidem
1824 3846 2181 3909 supremum
2208 3830 2365 3892 diem
2399 3828 2571 3895 obire
2600 3847 2626 3899 ;
2655 3826 2856 3890 multa
2880 3826 3001 3892 tihi
3021 3847 3146 3892 mo-

569 3911 911 3990 nac-hisque
956 3909 1082 3970 tuis
1112 3907 1414 3986 firmitate
1442 3909 1643 3969 animi
1671 3910 2130 3989 prudentiaque
2163 3927 2316 3990 opus
2348 3915 2458 3986 est,
2488 3915 2562 3970 ut
2592 3926 2695 3970 vos
2725 3909 2972 3987 quidem
2998 3925 3142 3991 qra-

569 3993 888 4056 vissimum
921 3990 1083 4052 illud
1116 3988 1407 4050 Ecclesia
1441 3997 1681 4052 sancta
1724 3989 2130 4053 interdictum
2173 3990 2434 4053 minime
2467 3988 2728 4066 violetis,
2756 3996 2820 4050 et
2841 3991 2989 4069 pius
3032 4005 3146 4053 rex

572 4073 890 4153 intelliqat
931 4068 1415 4148 haudquaquam
1454 4068 1596 4146 fieri
1634 4086 1829 4149 posse,
1861 4069 2057 4132 salvis
2098 4070 2426 4151 reliqionis
2469 4068 2706 4150 officiis,
2737 4077 2814 4132 ut
2838 4071 3038 4133 eidem
3079 4086 3144 4132 ea

573 4155 640 4217 in
681 4170 750 4215 re
790 4169 1016 4214 morem
1056 4152 1371 4229 peratis...
2587 4223 2594 4228 ἱ

653 4232 717 4307 Q.
762 4234 817 4296 5.
862 4234 963 4293 An
1003 4228 1298 4292 catholici
1340 4227 1854 4316 Missionariiac
1882 4228 2235 4310 presbyteri
2274 4247 2314 4292 a
2356 4229 2778 4293 schismaticis
2815 4235 3050 4309 roqati,
3085 4231 3146 4293 in

575 4312 794 4376 horum
836 4310 1136 4375 Ecclesiis
1178 4310 1520 4390 praedicare
1558 4310 1847 4389 possint?

657 4392 724 4455 R.
768 4392 827 4456 S.
872 4391 1289 4470 congregatio
1334 4390 1412 4452 de
1457 4389 1864 4468 Propaganda
1893 4389 2015 4452 fide
2060 4404 2230 4452 anno
2260 4389 2512 4452 16742211
2544 4387 2795 4470 AEgypti
2826 4388 3146 4454 Missiona-

576 4472 707 4536 rios
732 4472 1088 4552 respondit:
1126 4497 1147 4524 e
1192 4469 1307 4533 Vel
1340 4471 1694 4532 invitantur
1738 4470 1814 4531 ad
1847 4473 2141 4534 effectum
2188 4478 2257 4533 ut
2287 4470 2375 4533 ibi
2410 4470 2793 4549 praedicetur
2815 4472 3144 4534 veritasca

579 4551 810 4614 thelica
860 4551 1193 4613 indefinite
1236 4559 1300 4612 et
1333 4552 1524 4613 etiam
1570 4558 1789 4611 contra
1834 4566 2087 4613 errores
2145 4550 2496 4613 eorundem
2565 4553 3144 4626 schismaticorum,

577 4640 644 4694 et
679 4642 828 4693 tunc
871 4631 1263 4693 affirmative.
1307 4629 1421 4692 Vel
1467 4638 1713 4692 tantum
1757 4640 1827 4693 ut
1870 4647 2080 4693 sermo
2125 4630 2237 4691 fiat
2280 4630 2358 4692 de
2387 4630 2749 4694 'virtutibus
2813 4640 2877 4694 et
2940 4631 3137 4706 vitiis,

579 4727 721 4791 quae
766 4713 1189 4772 communiter
1232 4717 1358 4772 tam
1402 4727 1436 4772 a
1480 4709 1813 4773 catholicis
1855 4725 2039 4789 quam
2085 4724 2117 4770 a
2164 4709 2587 4773 schismaticis
2623 4708 2919 4791 amplecti
2952 4726 3026 4774 ac
3052 4710 3144 4772 vi·

582 4792 702 4856 tari
748 4787 1004 4861 debent,
1048 4794 1112 4851 et
1152 4789 1465 4868 negative.
1506 4811 1531 4844 ι
