3292 5167
521 186 656 253 310
1228 205 1342 251 ΗΒ.
1391 205 1455 249 11.
1507 206 1722 251 TRAc'r.
1771 206 1849 250 Vl.
1902 206 2050 251 ulsS.
2099 206 2177 252 tv.
2227 207 2357 251 CAP.
2404 203 2493 250 111.

525 321 707 378 ctum
753 307 990 377 domus
1037 307 1294 391 locatae,
1347 308 1607 394 publica
1662 308 1905 376 tributa
1955 309 2350 394 persolvere,
2401 309 2526 377 nisi
2576 310 2768 378 aliter
2813 311 2906 379 sit
2954 329 3127 380 con-

522 414 842 497 suetud03
891 416 960 501 3)
1009 414 1102 482 rei
1165 413 1400 483 locatae
1458 415 1738 483 formam
1812 433 1942 483 non
1998 414 2370 485 immutare.
2439 415 2630 497 Quod
2691 416 2784 500 si,
2836 426 3126 504 urgente

523 539 741 605 causa,
791 520 1080 607 reparari
1155 521 1514 607 contingat,
1592 521 1962 590 conductor
2021 521 2090 589 id
2150 522 2287 609 pati
2335 520 2551 604 debet,
2604 523 2763 608 quin
2827 526 3115 609 pretium

527 628 991 699 conductionis
1058 629 1525 713 imminuatur,
1579 631 1634 699 si
1687 649 1818 698 non
1868 629 2038 699 ultra
2093 631 2181 697 20
2240 628 2381 707 dies
2443 629 2631 699 labor
2693 630 3132 717 producatur-

526 738 610 805 At
642 738 696 806 si
733 735 1186 822 reparationes
1222 737 1384 806 tales
1419 736 1552 807 sint
1583 745 1658 804 ut
1691 736 2059 805 conductor
2096 745 2161 805 et
2194 737 2337 823 ejus
2371 736 2615 805 familia
2661 747 2947 825 nequeat
2983 739 3112 808 frui

529 842 752 927 domo,
788 842 1007 912 habita
1055 844 1310 913 ratione
1343 844 2008 927 circumstantiarum,
2050 844 2293 930 poterit
2327 844 2490 912 solvi
2529 844 2810 928 locatio,·
2856 845 2924 933 4)
2959 864 3154 916 con--

522 951 869 1020 ductorem
916 950 1292 1020 indemnem
1340 951 1512 1020 tueri
1562 959 1632 1018 ut
1683 950 2072 1039 repacifice
2120 950 2376 1018 fruatur
2425 946 2473 1018 ¹.
2821 937 2828 943 ’

699 1060 762 1143 b)
822 1057 1011 1140 Quod
1056 1058 1819 1143 conductoremspectat,
1872 1059 2015 1126 baec
2062 1058 2173 1126 ille
2236 1057 2434 1126 debet
2499 1059 2871 1145 praecipua:
2926 1058 2991 1146 l)
3040 1064 3133 1127 ut.

523 1186 594 1235 re
620 1167 831 1235 locata
856 1166 1111 1234 fruatur
1137 1174 1452 1251 tanquam
1487 1165 2199 1264 bonus-paterfamilias
2237 1164 2320 1233 all
2357 1183 2509 1234 eum
2548 1184 2765 1250 usum,
2798 1166 2880 1234 ad
2913 1183 3116 1252 quem

523 1274 767 1343 locatio
816 1275 982 1341 facta
1032 1282 1153 1356 est,
1204 1274 1301 1342 vel
1365 1274 1532 1342 facta
1594 1274 2053 1360 praesumitur,
2113 1291 2344 1360 parvas
2401 1272 2599 1342 etiam
2658 1274 3122 1361 reparationes

524 1381 799 1466 agendo,
851 1380 906 1450 si
955 1400 1146 1468 opus,
1196 1380 1449 1450 Poterit
1498 1388 1720 1449 autem
1767 1399 1907 1450 rem
1956 1399 2109 1450 ase
2160 1380 2556 1450 conductam
2617 1382 2813 1449 tertio
2868 1380 3124 1464 locare,

526 1489 650 1557 nisi
700 1507 1014 1574 expresse
1060 1488 1256 1557 fuerit
1303 1487 1728 1556 interdictum
1743 1513 1762 1570 ;
1816 1489 1884 1575 2)
1918 1494 1993 1556 ut
2040 1488 2390 1557 locationis
2439 1488 2723 1574 pretium
2771 1505 2895 1555 suo
2938 1494 3111 1555 tem-

528 1615 690 1685 pore
735 1598 987 1678 solvat3
1032 1604 1097 1664 et
1144 1596 1196 1664 si
1248 1595 1503 1664 nullum
1567 1602 1892 1663 statutum
1955 1602 2268 1681 tempus,
2320 1594 2528 1664 solvat
2574 1595 2763 1680 Juxta
2820 1593 3116 1680 regionis

524 1703 1112 1774 consuetudinem:
1162 1703 1342 1789 quod
1389 1703 1444 1771 si
1493 1703 1692 1771 fuerit
1739 1704 1805 1771 in
1856 1720 2039 1771 mora
2088 1702 2422 1788 culpabili,
2477 1709 2746 1770 tenetur
2800 1702 2999 1770 etiam
3030 1699 3116 1769 ad

526 1830 766 1880 usuras
817 1810 1163 1880 solvendas
1212 1828 1245 1876 a
1294 1809 1398 1879 die
1436 1810 1772 1897 judicialis
1824 1811 2203 1896 petitionis;
2254 1819 2319 1879 et
2383 1810 2638 1878 locator
2704 1810 2927 1895 quoad
2983 1811 3120 1879 hoc

532 1918 877 2006 privilegio
928 1917 1165 2003 gaudet
1210 1936 1412 2003 super
1456 1918 1711 1986 fructus
1761 1925 1826 1985 et
1874 1918 2143 1987 mobilia
2191 1917 2427 1986 domus
2477 1917 2576 1985 vel
2632 1917 2816 1987 fundi
2876 1917 3117 2000 locati;

540 2027 608 2113 3)
659 2034 733 2094 ut
781 2044 922 2094 rem
970 2026 1292 2109 restituat,
1325 2026 1513 2095 finito
1546 2027 1895 2095 locationis
1946 2034 2264 2111 tempore,
2311 2044 2390 2095 eo
2438 2033 2614 2094 statu
2661 2043 2792 2111 quo
2834 2025 2899 2091 in
2934 2024 3115 2111 prin·

537 2135 711 2221 cipio
761 2133 1110 2203 locationis
1157 2134 1279 2201 fuit
1326 2132 1687 2220 descripta3
1737 2132 1917 2219 quod
1948 2134 2002 2201 si
2053 2134 2230 2203 nulla
2279 2134 2660 2219 descriptio,
2700 2131 3115 2201 restituenda

532 2243 600 2310 in
651 2248 828 2311 statu
877 2240 1208 2322 laudabili,
1259 2242 1551 2326 exceptis
1598 2243 1680 2310 iis
1730 2242 1950 2327 rebuS,
2000 2259 2149 2328 quae
2215 2248 2539 2311 vetustate
2601 2240 2699 2308 vel
2763 2242 2821 2308 vi
2873 2240 3114 2327 majori

525 2350 900 2417 corruerint
962 2340 1392 2415 aut'detritae
1455 2349 1620 2429 sint;
1672 2348 1739 2433 4)
1807 2356 1878 2417 ut
1939 2355 2243 2416 teneatur
2306 2348 2386 2416 de
2449 2347 2901 2430 detrimentiS,
2953 2364 3106 2432 quae

524 2455 939 2540 culpabiliter
984 2454 1049 2521 in
1099 2473 1172 2522 re
1219 2442 1426 2523 locata
1479 2456 1907 2540 contingunt,
1960 2455 2161 2523 etiam
2208 2456 2292 2523 ob
2358 2454 2602 2523 factum
2657 2470 3096 2540 personarum

524 2582 663 2632 suae
734 2563 1030 2645 familiae,
1078 2568 1191 2630 aut
1261 2563 1436 2630 tertii
1498 2564 1599 2630 sui
1662 2561 2083 2631 conductoris
2133 2562 2182 2631 ².
2231 2565 2395 2632 ltem
2456 2562 2535 2630 de
2594 2562 2924 2646 incendio,
2977 2560 3104 2630 nisi

410 2706 419 2715 -
521 2670 762 2756 probet
822 2667 986 2736 illud
1035 2684 1166 2735 non
1218 2669 1575 2754 contigisse
1623 2687 1741 2737 sua
1790 2671 1981 2755 culpa
2030 2664 2079 2737 ².

608 2778 817 2844 423.
865 2780 935 2857 Q.
984 2778 1045 2844 3.
1100 2777 1273 2856 Quod
1316 2789 1552 2863 tempus
1591 2797 1711 2863 pro
1761 2778 2059 2845 locatione
2103 2796 2317 2845 rerum
2365 2776 2842 2844 determinatum
2891 2783 3026 2843 est?

610 2887 681 2952 R.
731 2888 856 2952 Res
902 2883 1218 2952 Ecclesiae
1270 2892 1342 2952 ut
1388 2883 1695 2952 locentur
1751 2885 1922 2951 ultra
1988 2884 2383 2967 triennium,
2444 2883 2806 2968 requiritur
2860 2892 3112 2953 sanctae

524 2991 717 3060 Sedis
766 2991 1122 3059 auctoritas
1171 3009 1252 3059 ex
1301 2992 1617 3061 canonico
1666 2994 1823 3059 Jure
1857 2989 1905 3058 ⁴.
1944 2991 2133 3073 Quod
2182 3001 2403 3059 autem
2452 2990 2746 3075 pertinet
2796 2988 2877 3056 ad
2929 2991 3103 3059 bona

523 3100 816 3184 profana,
867 3098 1084 3185 quoad
1132 3100 1399 3168 mobilia
1449 3100 1706 3167 nullum
1754 3106 2018 3184 tempus
2068 3099 2508 3167 constitutum
2562 3108 2683 3182 est,
2721 3097 3012 3184 ideoque
3043 3098 3108 3166 id

526 3207 1057 3274 contrahentium
1106 3207 1377 3276 arbitrio
1427 3206 1848 3293 relinquitur.
1900 3206 2129 3287 Quoad
2179 3206 2543 3274 immobilia
2593 3213 2838 3288 autem,
2871 3206 2929 3273 si
2963 3223 3107 3292 aga·

525 3319 635 3380 tur
680 3312 760 3380 de
807 3313 999 3380 bonis
1051 3332 1324 3399 prorsus
1369 3314 1641 3382 incultis
1692 3322 1890 3399 atque
1935 3312 2371 3393 silvestribuS,
2411 3331 2559 3398 quae
2612 3313 2919 3403 locantur
2958 3330 3111 3380 cum

526 3426 743 3505 pacto,
780 3426 850 3485 ut
900 3419 979 3485 ad
1028 3420 1317 3489 debitam
1364 3422 1690 3489 culturam
1740 3419 2142 3505 redigantur,
2181 3419 2420 3487 locatio
2456 3418 2598 3488 fieri
2652 3426 2874 3506 potest
2909 3419 3109 3487 etiam

525 3526 608 3594 ad
655 3544 861 3595 annos
913 3535 1199 3611 centum,
1247 3548 1381 3597 non
1427 3530 1623 3597 ultra.
1674 3529 1754 3595 Si.
1808 3526 1888 3596 de
1936 3528 2129 3596 bonis
2193 3527 2645 3596 immobilibus
2691 3527 2828 3613 jam
2890 3526 3111 3610 cultis,

528 3635 769 3702 locatio
817 3635 959 3703 fieri
1010 3656 1137 3704 non
1190 3645 1410 3722 potest
1457 3637 1627 3705 ultra
1677 3655 1885 3703 annos
1951 3637 2056 3719 30,
2109 3635 2233 3703 nisi
2284 3644 2519 3720 agatur
2566 3634 2648 3703 de
2705 3634 2903 3702 domo
2956 3652 3116 3721 quae

410 3804 435 3825 ,
526 3750 749 3828 potest
798 3743 997 3811 locari
1048 3744 1127 3810 ad
1176 3745 1370 3810 vitam
1426 3742 1765 3829 inquilini,
1816 3748 1880 3811 et
1940 3742 2137 3811 etiam
2202 3741 2281 3809 ad
2343 3743 2684 3812 biennium
2746 3748 2896 3825 post
2960 3740 3107 3825 eJus

524 3859 809 3919 mortem
854 3850 1073 3919 favore
1122 3851 1480 3920 haeredum.
1526 3854 1830 3919 Attamen
1880 3851 1946 3933 ii,
1999 3851 2240 3936 quibus
2290 3858 2475 3919 actus
2524 3847 2846 3934 simplicis
2891 3847 3131 3916 admi—·

484 3956 935 4027 ‚nistrationis
983 3959 1474 4045 permittuntur,
1525 3965 1864 4045 nequeunt
1912 3946 2133 4026 locare
2184 3958 2353 4026 ultra
2403 3957 2824 4024 novennium.

586 4120 609 4160 ¹
650 4140 668 4163 ι
703 4122 765 4172 ΑΙ
797 4121 1111 4173 conduttore
1141 4121 1237 4172 cbe
1268 4121 1321 4170 in
1354 4118 1680 4182 dipendenza
1711 4119 1878 4170 d'una
1908 4119 2242 4171 costruzione
2266 4117 2434 4169 d’una
2461 4117 2688 4168 ferrovia
2723 4116 3115 4170 attraversante

526 4184 544 4234 i
574 4181 719 4235 tondi
750 4183 930 4245 locati,
963 4182 1121 4234 soffre
1155 4182 1492 4246 pregiudizio,
1527 4184 1767 4244 compete
1800 4182 2024 4234 l'azione
2058 4192 2152 4246 per
2182 4179 2458 4232 iudennita
2489 4183 2676 4230 contro
2712 4178 2748 4229 il
2792 4179 3062 4231 locatore.·
3087 4201 3109 4224 2

526 4245 662 4295 Sent.
695 4246 829 4297 delta
864 4247 1013 4298 Corte
1034 4246 1086 4296 di
1121 4246 1325 4297 Cassax.
1357 4243 1648 4306 subalpina,
1687 4246 1826 4296 1855.
2546 4252 2560 4273 ⁴

584 4307 610 4347 ἱ
642 4308 867 4369 Regulas
898 4308 1155 4372 speciales
1185 4319 1283 4371 pro
1314 4307 1575 4358 locatione
1607 4309 1875 4358 domorum
1908 4304 2028 4356 vide
2059 4306 2116 4356 in
2151 4304 2343 4363 Codice,
2383 4305 2480 4354 art.
2518 4304 2672 4364 16033
2705 4302 2987 4366 fundorum
3021 4316 3108 4354 ru·

524 4370 782 4430 sticarum,
821 4372 919 4421 art.
957 4371 1106 4433 ¹6143
1138 4368 1315 4434 quoad
1350 4371 1585 4420 colonum
1612 4371 1948 4433 pariturium,
1981 4371 2079 4419 art.
2106 4368 2253 4429 ¹047;
2287 4365 2464 4429 quoad
2493 4367 2748 4425 soc-citam,
2770 4368 2870 4416 art.
2903 4368 3045 4417 1665.

587 4431 608 4470 ⁸
642 4431 701 4481 In
734 4431 1089 4484 incendiarios
1119 4432 1444 4495 gravissimae
1474 4436 1599 4484 sunt
1628 4433 1927 4483 constitutae
1960 4426 2127 4494 poenae
2162 4440 2231 4479 ex
2267 4427 2385 4477 Cod.
2416 4440 2551 4489 poen.
2589 4430 2686 4478 art.
2742 4429 2835 4479 653
2867 4428 2919 4478 et
2950 4438 3107 4491 seqq.

524 4490 626 4552 Qui
660 4493 986 4556 culpabiliter
1035 4494 1269 4546 incendit
1315 4493 1533 4545 domum
1572 4496 1954 4553 assecuratam,
1999 4490 2155 4542 debet
2202 4491 2552 4562 assecuratori
2588 4491 2758 4541 totum
2807 4488 3105 4550 retundere,

524 4553 669 4618 quod
704 4555 787 4606 ille
821 4556 1037 4607 domino
1070 4556 1263 4618 solvit;
1298 4558 1348 4607 et
1373 4555 1591 4618 iusuper
1621 4556 1899 4607 dominum
1919 4554 2169 4605 resarcire
2197 4564 2240 4603 si
2266 4551 2408 4603 aliud
2437 4554 2635 4614 patitur
2656 4551 2914 4602 damnum
2931 4563 2946 4614 ;
2981 4562 3106 4603 cum

520 4616 750 4669 societas
778 4629 888 4668 non
921 4621 1088 4669 totum
1123 4630 1332 4682 semper
1364 4617 1577 4669 tribuat.
1610 4645 1673 4656 —
1708 4619 1760 4668 V.
1795 4618 2060 4669 Ferraris·
2099 4616 2158 4667 V.
2192 4615 2526 4667 Incendtarti.

590 4678 615 4722 ⁴
644 4680 725 4732 Ex
757 4679 921 4731 Paulo
952 4681 1018 4739 11,
1053 4682 1233 4733 const.
1262 4679 1589 4741 Ambitiosae;
1621 4679 1741 4732 vide
1773 4679 1886 4731 Lib.
1920 4691 1999 4740 111,
2033 4653 2104 4729 be
2134 4677 2398 4740 beneficiis,
2431 4679 2501 4729 De
2532 4677 2857 4729 alienatione.
