3292 5167
503 178 599 243 90
1219 195 1333 240 nm.
1382 195 1446 239 ιι.
1495 190 1707 241 macr.
1753 194 1809 239 v.
1856 194 2007 239 nise.
2055 189 2121 239 ιι.
2168 193 2300 239 car.
2346 161 2387 239 ι’.

509 300 748 363 dentur
792 299 1053 361 omnino
1100 305 1347 360 naturae
1393 307 1626 358 nostrae
1673 298 1839 358 vires
1885 311 2232 375 superare3
2290 310 2416 357 non
2470 296 2641 357 enim
2706 293 3127 371 intelligitur

507 380 829 461 quomodo
866 383 1331 458 magnetizatus
1376 377 1555 439 rudis
1603 379 1801 455 possit
1844 378 2145 439 scientias
2188 374 2511 454 extemplo
2543 376 2661 437 sibi
2697 388 3127 453 comparare,

513 460 765 539 linguas
801 461 1050 537 ignotas
1088 462 1275 531 scire,
1313 459 1630 535 inspicere
1668 459 1931 519 intimas
1962 458 2451 534 magnetizantis
2484 455 2930 533 cogitationes,
2968 470 3121 532 pro·

507 543 684 620 prias
727 548 790 601 et
833 539 1102 601 alioruin
1156 539 1562 600 infirmitates
1603 552 1678 600 ac
1722 537 2027 609 remedia,
2071 547 2214 610 etc.,
2262 551 2530 614 qnorum
2584 537 2646 596 in
2693 542 2865 597 statu
2916 544 3122 596 natu·

495 621 629 685 sali
676 620 870 682 semel
917 628 1304 681 constitutus
1349 635 1478 679 non
1524 616 1800 696 amplius
1845 618 2221 679 recordatur
2268 617 2312 677 ¹.

594 699 876 762 Secunda
918 700 1228 761 sententia
1276 706 1455 760 tenet
1493 714 1715 760 omnes
1772 699 2175 776 magnetismi
2236 696 2493 759 effectus
2551 711 2585 757 a
2634 704 2883 757 naturae
2944 693 3121 755 viri·

491 780 629 843 'bus
677 779 1023 860 procedere
1071 796 1270 858 posse.
1329 777 1532 853 Ratio,
1575 781 1719 857 quia
1781 780 1992 841 inesse
2040 785 2304 856 possunt
2370 777 2667 839 humanis
2720 775 3133 855 corporibus

510 862 762 925 effluvia
810 860 1246 932 subtilissima,
1294 860 1503 921 fluxus
1547 860 1863 938 magnetis
1909 860 2131 933 instar,
2188 873 2330 936 quae
2374 859 2438 918 in
2485 856 2757 919 aliorum
2828 868 3135 934 corpore

509 952 576 1005 et
619 941 1051 1004 mediantibus
1095 942 1372 1019 organis,
1404 942 1469 1001 in
1520 941 1716 1018 ipsam
1765 941 2044 1000 animam
2080 938 2301 1018 agaim
2337 955 2463 998 non
2509 953 2685 999 euim
2723 952 2953 999 omnes
2998 949 3125 997 na·

514 1030 674 1085 turae
721 1027 888 1083 vires
933 1024 1395 1098 cognoscimus.
1441 1020 1666 1082 Nonne
1711 1019 1979 1081 effectus
2039 1018 2304 1082 similes,
2351 1022 2455 1097 qui
2506 1019 2723 1097 negari
2771 1033 2899 1079 non
2961 1032 3124 1094 pos·

512 1111 681 1177 sunt,
726 1103 790 1163 in
850 1101 1124 1164 naturali
1189 1099 1756 1162 somnambulismo
1826 1098 2309 1177 producuntur?
2354 1099 2783 1161 somnambuli
2854 1097 3133 1172 vident,

513 1183 785 1246 audiunt
826 1192 888 1243 et
922 1183 1231 1259 stupenda
1263 1181 1545 1254 iaciunt,
1592 1197 1732 1260 quae
1777 1181 1854 1243 ab
1902 1181 2052 1259 ipsis
2097 1180 2234 1241 fieri
2285 1190 2610 1258 nequeunt
2656 1182 2719 1241 in
2778 1190 2954 1241 statu
3018 1178 3127 1238 vi·

512 1263 707 1343 giliae.
751 1262 875 1325 Nec
939 1264 1144 1325 obstat
1198 1262 1363 1340 quod
1431 1266 1796 1340 requiratur
1863 1260 2154 1323 voluntas
2219 1262 2661 1339 magnetizati:
2728 1276 2857 1321 non
2924 1260 3127 1319 enim

514 1346 645 1422 ipsa
696 1346 1045 1422 requiritur
1088 1354 1400 1421 quatenus
1465 1340 1733 1404 facultas
1786 1357 1959 1402 mere
2025 1342 2276 1403 interna
2344 1343 2577 1403 animae
2640 1350 2705 1402 et
2748 1357 2779 1402 a
2828 1355 3131 1417 corpore

515 1424 988 1501 independens;
1031 1425 1140 1485 sed
1187 1440 1306 1501 qua
1355 1423 1634 1484 medium
1680 1422 1755 1483 ad
1807 1423 2204 1500 phantasiam
2251 1422 2649 1484 excitandam
2699 1431 2762 1481 et
2806 1422 3133 1497 corporis

514 1506 782 1567 subtiles
815 1507 1079 1583 spiritus
1115 1506 1476 1565 movendos.
1515 1504 1643 1565 Hoc
1679 1511 1849 1581 patet
1883 1503 2174 1580 exemplo
2211 1512 2495 1564 motuum
2537 1500 3132 1578 concupiscentiae,

515 1586 619 1663 qui
668 1585 796 1647 sola
845 1587 1231 1663 cogitatione
1277 1583 1767 1662 objecti‚1niuus
1814 1585 1964 1645 casti
2014 1585 2078 1644 in
2124 1583 2384 1661 organis
2434 1582 2606 1643 illico
2651 1584 3065 1642 excitantur.

603 1665 813 1727 Tertia
855 1667 1166 1726 sententia
1211 1658 1807 1744 conceditiluidem
1873 1663 2363 1741 magnetismum
2418 1663 2614 1723 miros
2672 1662 2987 1741 quosdam
3048 1675 3131 1721 ac

516 1746 841 1808 naturales
885 1746 1148 1807 effectus
1195 1744 1573 1806 naturaliter
1618 1746 1867 1823 operari
1920 1759 2132 1821 posse3
2176 1742 2442 1805 mirifica
2490 1743 2662 1804 enim
2728 1751 2827 1803 est
2874 1744 2942 1802 in
3008 1758 3128 1802 va-

514 1826 630 1887 riis
674 1826 1044 1904 corporibus
1091 1827 1293 1886 virtus
1337 1834 1400 1886 et
1443 1825 1718 1886 efficacia
1784 1824 1991 1887 fluxus
2036 1823 2368 1885 naturalis.
2432 1822 2510 1885 At
2554 1824 2750 1885 multa
2816 1838 2893 1885 ex
2949 1820 3131 1897 illis,

514 1922 654 1984 quae
685 1907 1133 1983 praedicantur,
1175 1906 1271 1967 vel
1309 1905 1521 1966 inania
1558 1906 1657 1966 vel
1689 1906 2091 1967 mendaciosa
2136 1903 2232 1964 vel
2266 1903 2577 1965 diabolica
2613 1920 2875 1982 prorsus
2914 1911 3129 1963 sunt:

513 1987 757 2063 inania,
801 1994 867 2047 ut
931 2004 1069 2069 cum
1138 1988 1594 2064 magnetismus
1641 1985 1908 2046 liabetur
1977 1995 2275 2063 tanquam
2342 1986 2573 2046 mirum
2634 1986 2973 2045 inventum
3038 1983 3129 2044 ad

515 2082 736 2128 omnes
781 2067 1038 2129 morbos
1102 2066 1451 2139 curandos;
1506 2065 1873 2145 quotidiana
1923 2067 2091 2126 enim
2137 2064 2532 2142 experientia
2594 2066 2919 2126 contraria
2970 2074 3133 2126 est:

512 2148 926 2221 viiendctciosa,
974 2159 1038 2209 ut
1082 2163 1222 2209 cum
1269 2164 1338 2208 ea
1380 2163 1519 2226 quin
1565 2147 1765 2208 latent
1794 2147 2073 2213 omnino,
2105 2146 2567 2221 magnetizatus
2600 2144 2900 2205 divinare
2939 2160 3126 2222 prae-

516 2227 757 2301 tendit3
805 2228 1058 2290 fraudes
1103 2229 1272 2288 enim
1322 2229 1436 2288 hac
1485 2229 1546 2287 in
1583 2242 1651 2289 re
1703 2226 2094 2288 intervenire
2125 2229 2280 2287 satis
2313 2226 2502 2286 hodie
2534 2238 2752 2287 notum
2778 2235 2898 2297 est,
2939 2225 3136 2286 adeo

515 2317 585 2370 ut
631 2310 1088 2385 magnetismus
1133 2307 1206 2368 ad
1246 2307 1488 2369 lucrum
1527 2305 1629 2369 vel
1677 2306 1970 2368 solatium
2011 2308 2239 2383 potiuS,
2274 2321 2458 2383 quam
2500 2305 2576 2367 ad
2617 2305 2891 2367 salutem
2926 2304 3131 2366 adhi-

515 2387 771 2449 beatur:
818 2389 1091 2467 denique
1136 2386 1464 2462 diabolica,
1509 2396 1577 2449 ut
1621 2403 1760 2449 cum
1824 2388 2285 2464 magnetizatus
2328 2386 2620 2459 addiscit,
2686 2387 2733 2447 si
2783 2401 2939 2447 vere
2994 2385 3123 2446 ad·

518 2467 726 2542 discit,
760 2487 869 2547 per
915 2472 1244 2529 scientiam
1287 2468 1581 2535 infusam,
1609 2469 2012 2546 scripturam,
2058 2466 2301 2541 literas,
2348 2466 2600 2544 linguas
2645 2482 2800 2544 quas
2836 2466 3131 2543 penitus

515 2549 771 2623 ignorat
833 2558 895 2611 et
938 2558 1143 2611 cetera
1213 2548 1480 2621 similia;
1527 2548 1662 2609 haec
1724 2550 1894 2608 enim
1944 2547 2247 2609 videntur
2290 2550 2552 2607 omnino
2612 2562 2782 2608 vires
2848 2555 3132 2608 naturae

513 2628 843 2706 excedere,
886 2645 1006 2692 nec
1045 2627 1195 2691 talia
1240 2626 1318 2691 ab
1363 2629 1497 2708 ipso
1539 2626 2104 2692 somnambulismo
2148 2627 2528 2691 efficiuntur.

593 2709 912 2790 Quidquid
957 2711 1057 2784 sit,
1093 2712 1210 2770 etsi
1250 2709 1575 2788 praeclusis
1607 2703 1941 2780 abusibus,
1982 2724 2105 2769 non
2152 2711 2235 2770 sit
2289 2708 2552 2771 illicitus
2612 2707 3133 2784 magnetismuS,

515 2800 587 2853 ut
632 2790 870 2869 pluries
908 2791 1258 2851 declaravit
1300 2787 1357 2850 S.
1403 2788 1620 2861 SedeS,
1682 2791 1747 2850 in
1796 2789 1974 2868 praxi
2025 2790 2243 2867 negari
2292 2805 2420 2849 non
2469 2797 2692 2867 potest,
2736 2785 2908 2866 quod
2970 2786 3124 2865 ple-

515 2887 785 2949 rumque
829 2872 912 2932 sit
956 2869 1376 2944 damnanduS,
1420 2886 1560 2932 cum
1596 2870 1729 2931 l'ere
1764 2885 2013 2948 semper
2047 2869 2437 2931 interveniat
2479 2869 2578 2931 vel
2624 2868 2895 2930 illicitus
2927 2866 3147 2945 finisf

516 2960 588 3013 ut
630 2969 769 3013 cum
817 2950 1163 3014 adhibetur
1229 2952 1686 3028 magnetismus
1751 2950 1823 3010 ad
1886 2948 2268 3028 cupiditates
2327 2948 2653 3021 fovendaS,
2712 2949 2787 3009 ad
2846 2950 3127 3009 curiosa

517 3032 846 3105 sectanda,
881 3041 1021 3106 etc.;
1043 3029 1145 3092 vel
1177 3031 1445 3109 deceptio
1481 3030 1879 3103 haeretic-aiis,
1906 3048 2016 3092 seu
2048 3046 2229 3091 error
2261 3033 2367 3109 qui
2401 3033 2674 3107 attingat
2710 3027 3125 3091 catholicam

514 3114 874 3187 veritatem,
902 3120 969 3173 ut
1013 3113 1061 3173 si
1111 3112 1578 3173 involvat·cum
1626 3111 1916 3172 daemone
1961 3116 2434 3183 commercium,
2477 3124 2586 3172 aut
2629 3110 2856 3172 saltem
2904 3108 3124 3171 vehe-

514 3203 795 3255 mentem
840 3193 1267 3271 suspicionem
1314 3192 1392 3253 die
1450 3193 1586 3268 hoc,
1632 3193 1720 3255 uti
1769 3192 1986 3253 evenit
2031 3192 2286 3270 quando
2332 3191 2538 3252 media
2585 3190 2877 3251 adhibita
2938 3188 3125 3252 nulli
3206 3204 3214 3215 ·

514 3273 703 3335 modo
749 3274 1084 3334 conserant
1128 3273 1206 3333 de
1252 3289 1318 3332 se
1362 3270 1438 3333 ad
1489 3273 1679 3333 tinem
1727 3274 2063 3333 intentum.
2114 3271 2274 3333 Hinc
2319 3279 2488 3349 patet
2532 3272 2725 3333 etiam
2779 3269 3136 3348 quomodo

513 3369 581 3415 se
621 3370 845 3430 gerere
874 3353 1549 3414 debeantconsessarii
1587 3368 1727 3415 cum
1778 3353 1883 3423 iiS,
1916 3353 2021 3431 qui
2066 3353 2502 3431 magnetizant
2547 3352 2644 3413 vel
2679 3352 3131 3429 magnetizari

513 3432 762 3495 sinunt:
812 3433 1011 3512 quoad
1075 3442 1338 3510 possunt
1398 3449 1575 3494 usum
1648 3432 2017 3510 impediant,
2081 3431 2475 3494 desuadeant
2518 3443 2763 3511 utpote
2824 3431 3131 3508 periculi

511 3513 772 3593 plenum
816 3531 888 3575 ac
925 3512 1163 3575 nullius
1196 3514 1509 3574 utilitatis,
1547 3513 1719 3584 Quod
1748 3514 1798 3573 si
1834 3511 2263 3589 non'valeant,
2301 3522 2450 3574 tunc
2487 3515 2537 3574 si
2578 3528 2801 3575 omnes
2833 3514 3137 3573 omnino

512 3591 746 3655 abusus
795 3592 1122 3667 tollantur,
1169 3592 1347 3655 illum
1399 3592 1700 3655 tolerent:
1746 3593 2010 3655 Dicendo
2051 3591 2160 3653 elic
2202 3610 2289 3655 un
2330 3593 2679 3672 confessore
2741 3589 2943 3655 dobba
2990 3592 3129 3653 tol-

514 3673 717 3736 lerare
763 3674 804 3734 Γ
831 3691 939 3734 uso
982 3674 1079 3735 del
1123 3674 1525 3753 maqnetismo
1569 3674 1677 3753 (ad
1724 3690 1856 3735 rem
1914 3671 2243 3752 Gousset),
2294 3675 2698 3755 supponiamo
2760 3673 3130 3749 primiera-

509 3763 748 3827 mente,
791 3754 897 3815 che
945 3755 990 3814 ii
1032 3757 1568 3834 niaqizietizzatore
1610 3772 1640 3816 e
1682 3755 2148 3833 maynetizzato
2191 3755 2360 3816 siene
2404 3755 2469 3816 in
2517 3753 2721 3816 buono
2764 3751 2905 3831 fede
2951 3769 2983 3813 e
3034 3755 3135 3814 ri·

505 3835 819 3914 quardino
865 3835 912 3895 il
944 3835 1347 3914 maqnetismo
1391 3836 1663 3896 animale
1718 3851 1878 3895 come
1927 3851 2012 3896 un
2066 3835 2324 3897 rimedio
2366 3835 2664 3897 naturale
2706 3851 2737 3895 e
2781 3833 2995 3894 utile.-
3056 3835 3133 3896 in

508 3915 785 3978 secondo
831 3915 1038 3992 luog0‚
1073 3915 1180 3979 che
1223 3919 1297 3977 ne
1340 3916 1383 3976 1’
1400 3933 1520 3977 imo
1548 3919 1621 3976 ne
1653 3915 1696 3975 Γ
1720 3916 1888 3976 altro
1922 3916 1981 3974 si
2014 3913 2304 3993 facciano
2338 3915 2518 3975 lecito
2558 3914 2742 3977 nulla
2778 3912 2888 3974 che
2919 3930 3137 3991 possa

505 3997 838 4057 molestare
879 3997 971 4057 od⁴
996 3996 1297 4075 offendere
1334 3996 1396 4057 la
1439 3995 1739 4057 modestia
1781 3996 2128 4057 cristiana:
2162 3997 2224 4057 in
2274 4004 2448 4058 terzo
2490 3993 2700 4073 luogo,
2743 3993 2852 4055 che
2884 3994 3134 4057 rinun-

504 4076 680 4137 ziino
723 4077 804 4137 ad
846 4077 991 4155 oqni
1033 4079 1380 4138 intervenio
1422 4076 1519 4137 del
1558 4077 1872 4147 demonio,·
1918 4093 1948 4137 e
1994 4093 2057 4136 se
2098 4074 2257 4154 fosse
2298 4075 2673 4150 altrimenti,
2723 4091 2849 4137 non
2892 4075 2955 4135 si
3002 4091 3098 4154 po

508 4153 803 4219 trebbono
846 4157 1154 4219 assoioere
1197 4157 1389 4236 quelli
1431 4156 1539 4217 che
1582 4158 1907 4218 ricorrono
1949 4156 2016 4217 ai
2056 4157 2484 4235 niaqnetismo.

589 4236 878 4298 Ceterum
930 4238 1090 4299 hanc
1138 4235 1595 4316 professionem
1629 4237 1769 4297 sine
1806 4235 2126 4312 scandalo,
2170 4236 2501 4298 modestiae
2534 4234 2827 4310 laesione,
2865 4249 2939 4295 ac
2973 4249 3126 4297 ma-

503 4317 679 4377 ximo
722 4318 818 4378 sui
867 4317 1149 4394 periculo
1193 4317 1608 4379 ecclesiastici
1656 4317 1824 4378 serio
1871 4332 2174 4378 exercere
2241 4312 2604 4396 nequeunt:
2672 4314 2802 4377 imo
2852 4331 2973 4377 nec
3027 4316 3131 4378 ita

502 4395 718 4473 facile,
751 4405 939 4475 atque
985 4399 1258 4460 innocue
1303 4407 1569 4477 possunt
1611 4398 2073 4476 experimentis
2118 4399 2451 4458 interesse.

567 4633 590 4675 ¹
637 4636 685 4687 V.
718 4636 969 4698 Perrone,
1000 4637 1076 4688 'De
1107 4638 1302 4688 Virtute
1336 4637 1633 4701 Reliyionis,
1664 4646 1757 4686 nn.
1790 4634 1886 4685 δὴ
1914 4634 1965 4684 et
1995 4642 2140 4696 seqq.
