3292 5167
2615 163 2747 229 269

848 355 1545 450 DISSERTATIO
1610 351 2035 451 QUARTA

610 552 719 618 ne
769 551 1459 621 oemGATioNieUs
1499 554 1604 619 ET
1657 542 2283 617 commoriens

1050 843 1096 910 C
1119 842 1167 909 Α
1188 843 1237 911 Ρ
1259 843 1309 910 U
1332 843 1383 909 'l'
1461 842 1512 909 Ρ
1534 843 1587 910 Β
1609 843 1621 908 Ι
1646 844 1708 910 Μ
1730 844 1780 911 U
1806 844 1868 911 Μ

825 1012 919 1068 DE
976 1007 1580 1070 OBLIGATIONIBUS
1635 1010 2070 1069 GENERATIM.

280 1226 450 1290 879·
499 1227 823 1313 Obligatio
874 1233 977 1294 est
1023 1225 1343 1292 vinculum
1383 1225 1574 1316 juris,
1600 1244 1721 1310 quo
1767 1225 1852 1291 ad
1892 1227 2132 1312 aliquid
2166 1228 2626 1313 adstringimur
2656 1231 2751 1296 vel

218 1335 437 1401 desidum
476 1336 568 1400 vel
619 1333 977 1420 faciendum
1008 1333 1121 1398 »υεὶ
1169 1332 1590 1400 omittendum.
1660 1332 1987 1417 Obligatio
2052 1333 2328 1419 duplex:
2393 1335 2752 1422 imperfecta

215 1441 327 1510 solo
354 1441 671 1508 charitatis
707 1440 902 1507 titulo
939 1439 1252 1507 fundatur
1286 1438 1709 1525 gratitudinis
1746 1448 1857 1507 aut
1897 1439 2257 1525 religionis,
2294 1460 2442 1528 quae
2473 1441 2748 1527 proinde

218 1568 315 1617 non
354 1548 652 1635 supponit
716 1548 824 1634 jus
883 1547 1188 1616 strictum
1207 1573 1224 1628 3
1270 1548 1587 1634 perfecta,
1643 1565 1793 1633 quae
1847 1546 1909 1613 in
1954 1548 2213 1636 jiistitia
2284 1549 2748 1617 commutativa

219 1655 483 1739 fundatur,
533 1664 597 1723 et
639 1656 750 1742 jus
799 1655 1104 1724 strictum
1157 1652 1426 1723 induc-it.

281 1763 569 1849 obligatio
619 1764 910 1850 perfecta
960 1762 1200 1830 oritur:
1256 1760 1325 1847 1)
1374 1780 1454 1830 ex
1502 1762 1666 1847 lege,
1717 1769 1788 1830 ut
1838 1763 2153 1848 obligatio
2205 1782 2353 1849 quae
2404 1763 2600 1831 afficit
2649 1770 2751 1829 tu-

218 1879 368 1952 tores,
397 1876 780 1939 executores
815 1868 1367 1953 testamentariOS,
1396 1875 1543 1952 etc.‚
1573 1868 1653 1937 de
1681 1869 1924 1956 quibus
1945 1870 2079 1957 jam
2116 1869 2362 1938 dictum
2399 1879 2498 1938 est
2517 1896 2534 1951 3
2564 1871 2634 1956 2)
2669 1889 2748 1938 ex

215 1986 523 2060 conti-actm
573 1979 641 2064 3)
692 1997 773 2047 ex
825 1979 1421 2065 quasi-contractu,
1465 1996 1544 2046 ex
1592 1977 1835 2046 delicto
1872 1988 1935 2046 et
1970 1978 2474 2064 quasi-delicto,
2511 1996 2749 2064 nempe

215 2086 441 2154 exfacto
488 2086 799 2160 hominis.

753 2336 902 2403 Αιιτ.
956 2336 1000 2401 1.
1050 2372 1140 2382 -
1189 2339 1277 2403 De
1316 2335 1737 2402 contractibus
1782 2335 1849 2400 in
1894 2354 2140 2420 yenere.

269 2562 453 2629 881».
502 2569 576 2648 Q.
630 2566 793 2647 Quid
837 2577 923 2632 est
969 2576 1341 2648 contractus
1391 2577 1445 2631 et
1492 2565 1792 2650 quomodo
1839 2565 2185 2631 dividitur?

270 2674 325 2740 R.
369 2671 458 2741 Ad
507 2676 581 2740 1:
634 2675 1030 2741 Contractus
1080 2672 1176 2740 sic
1212 2671 1451 2754 dictus,
1490 2672 1640 2758 quia
1678 2670 1962 2740 duorum
1996 2671 2095 2739 vel
2129 2671 2488 2757 plurimum
2525 2670 2750 2737 volun-

208 2786 331 2846 tates
374 2780 433 2846 in
481 2798 691 2847 unum
741 2778 942 2847 veluti
1000 2779 1220 2860 trahit,
1272 2779 1557 2847 sumitur
1604 2778 1734 2846 late
1781 2776 1879 2846 vel
1930 2777 2180 2846 stricte.
2230 2780 2387 2845 Late
2437 2776 2614 2844 idem
2648 2783 2751 2843 est

207 2900 260 2951 ac
296 2894 538 2970 pactum
601 2903 722 2953 seu
775 2884 1017 2970 pactio,
1069 2902 1144 2953 ac
1193 2883 1532 2951 definitur:
1579 2865 1851 2952 duorum
1889 2885 2248 2971 pluriumve
2293 2885 2362 2951 in
2409 2883 2571 2950 idem
2610 2883 2753 2971 pla-

206 2991 347 3059 citum
388 3012 740 3075 consensus,
792 2992 1265 3077 obligationem
1314 2990 1615 3060 videlicet
1664 2991 1929 3077 pariens
1979 2990 2044 3057 in
2096 3009 2222 3057 una
2267 2991 2500 3058 saltem
2537 2997 2750 3076 parte,

208 3097 274 3164 uti
312 3099 821 3185 subintelligunt.
874 3099 1117 3167 Stricte
1160 3116 1314 3166 vero
1373 3105 1687 3183 acceptus
1759 3105 2141 3166 contractus
2213 3096 2561 3165 definitur:
2611 3117 2753 3164 con-

208 3208 377 3287 ventio,
417 3227 542 3291 qua
588 3226 773 3289 unus,
820 3207 917 3273 vel
954 3207 1175 3293 plures
1219 3224 1371 3291 crya
1418 3225 1614 3272 unum
1660 3207 1756 3272 vel
1793 3207 2012 3293 plures
2069 3225 2134 3272 se
2179 3205 2454 3290 obliquat
2499 3205 2585 3271 ad
2626 3205 2750 3272 ali-

206 3311 316 3393 quid
352 3312 620 3398 dandum
665 3324 776 3380 aut
819 3312 1179 3397 faciendum
1208 3324 1320 3379 aut
1350 3312 1756 3379 omittendum
1795 3317 1845 3380 ¹.
1884 3315 2279 3380 Contractus
2313 3313 2545 3380 saltem
2583 3311 2751 3380 duos

208 3419 492 3504 supponit,
543 3437 697 3488 cum
744 3437 940 3489 nemo
989 3419 1643 3490 secum-contrahere
1680 3421 1927 3506 possit:
1963 3422 2120 3489 hinc
2154 3420 2441 3507 simplex
2474 3419 2753 3505 promis-

211 3523 284 3591 sio
322 3525 521 3609 uniuS,
570 3527 625 3593 si
677 3527 973 3596 nondum
1021 3527 1103 3595 ab
1151 3528 1280 3594 alio
1336 3535 1695 3615 acceptata,
1748 3528 1994 3597 nullam
2046 3525 2217 3613 parit
2256 3526 2750 3613 obligationem.

274 3632 329 3699 ll.
369 3632 459 3700 Ad
502 3635 572 3699 2:
625 3634 1018 3702 Contractus
1067 3632 1382 3702 dividitur
1420 3634 1792 3720 praecipue:

346 3741 398 3805 t.
443 3742 513 3808 In
560 3742 955 3808 nominatum
1003 3749 1069 3808 et
1116 3740 1181 3808 in
1231 3741 1714 3810 innominatum.
1766 3744 2163 3810 Contractus
2230 3740 2548 3808 nominati
2599 3746 2753 3807 sunt

214 3843 293 3926 qui
332 3844 563 3915 habent
611 3846 900 3932 speciale
952 3865 1214 3931 nomen,
1264 3847 1357 3915 uti
1408 3848 1679 3934 emptio,
1713 3846 2028 3915 venditio,
2071 3847 2468 3915 Innominati
2505 3845 2616 3930 qui
2651 3862 2755 3913 ca-

219 3957 323 4015 rent
352 3952 609 4021 nomine
654 3952 972 4040 speciali;
1014 3952 1134 4021 sed
1163 3954 1452 4023 retinent
1491 3955 1872 4041 genoricum
1923 3960 2304 4023 contractus
2337 3951 2751 4021 vocabulum.

116 4045 123 4052 ’
219 4054 446 4127 istorum
493 4069 719 4129 autem
767 4061 1015 4130 classes
1062 4080 1142 4130 ex
1180 4080 1448 4130 romana
1486 4062 1632 4149 lege
1667 4071 1955 4148 quatuor
1989 4069 2442 4144 numerantur,
2478 4077 2751 4147 nempe:

214 4160 271 4230 do
303 4178 359 4232 ut
398 4167 528 4251 des,
576 4185 635 4235 v.
688 4188 792 4256 g.,
843 4168 928 4254 do
978 4169 1095 4239 tibi
1143 4170 1570 4254 frumentum,
1621 4179 1696 4237 ut
1744 4178 1816 4237 tu
1865 4170 1981 4238 des
2033 4168 2192 4235 mihi
2245 4168 2510 4251 vinum3
2609 4188 2643 4235 o
2689 4181 2756 4236 ut

216 4269 386 4357 facias,
428 4274 511 4344 do
559 4275 679 4346 tibi
728 4277 1153 4362 frumentum,
1203 4284 1275 4344 ut
1325 4285 1636 4363 nepotem
1687 4295 1910 4345 meum
1958 4275 2272 4356 edoceas;
2319 4276 2483 4361 facio
2627 4275 2749 4356 des,

265 4497 355 4553 ¹1n
380 4507 641 4558 novtsnmo
673 4505 873 4558 Codice
908 4507 1005 4559 art.
1040 4507 1163 4561 ¹098
1195 4471 1446 4560 definitur
1477 4507 1814 4559 contractus:
1854 4507 1893 4557 tl
1923 4509 2177 4558 contr-auo
2211 4507 2239 4557 ἐ
2268 4505 2527 4559 l’accordo
2559 4506 2612 4557 di
2655 4506 2754 4558 due

220 4561 441 4691 opgpm
420 4580 567 4683 song
578 4581 677 4683 pser-
694 4571 1024 4693 ἕξω-ἶσα
1027 4572 1408 4695 regemu-
1317 4582 1347 4620 o
1375 4571 1477 4620 scio
1448 4571 1637 4683 ooliere
1626 4569 1776 4695 ¹gra
1792 4570 2239 4684 loe-ocunrvigfcsszlo
2285 4569 2555 4633 aiut-idion.
2601 4594 2661 4606 ——
2696 4568 2750 4621 C.
