<?xml version="1.0" encoding="UTF-8"?>
<!DOCTYPE html PUBLIC "-//W3C//DTD XHTML 1.0 Transitional//EN"
    "http://www.w3.org/TR/xhtml1/DTD/xhtml1-transitional.dtd">
<html xmlns="http://www.w3.org/1999/xhtml" xml:lang="en" lang="en">
 <head>
  <title>
</title>
<meta http-equiv="Content-Type" content="text/html;charset=utf-8" />
  <meta name='ocr-system' content='tesseract 3.04.00' />
  <meta name='ocr-capabilities' content='ocr_page ocr_carea ocr_par ocr_line ocrx_word'/>
</head>
<body>
  <div class='ocr_page' id='page_1' title='image "./theologiamorali04scavgoog_0146.png"; bbox 0 0 3292 5167; ppageno 0'>
   <div class='ocr_carea' id='block_1_1' title="bbox 537 159 2141 230">
    <p class='ocr_par' dir='ltr' id='par_1_1' title="bbox 537 159 2141 230">
     <span class='ocr_line' id='line_1_1' title="bbox 537 159 2141 230; baseline 0.001 -2"><span class='ocrx_word' id='word_1_1' title='bbox 537 159 673 230; x_wconf 73' lang='lat'>{36</span> <span class='ocrx_word' id='word_1_2' title='bbox 1548 183 1665 230; x_wconf 73' lang='lat' dir='ltr'>tin.</span> <span class='ocrx_word' id='word_1_3' title='bbox 1709 184 1773 229; x_wconf 84' lang='lat' dir='ltr'>n.</span> <span class='ocrx_word' id='word_1_4' title='bbox 1823 182 2034 230; x_wconf 66' lang='lat' dir='ltr'>ruer.</span> <span class='ocrx_word' id='word_1_5' title='bbox 2082 183 2141 229; x_wconf 85' lang='lat' dir='ltr'>v.</span> 
     </span>
    </p>
   </div>
   <div class='ocr_carea' id='block_1_2' title="bbox 537 283 3119 1493">
    <p class='ocr_par' dir='ltr' id='par_1_2' title="bbox 537 283 3109 606">
     <span class='ocr_line' id='line_1_2' title="bbox 537 283 3109 366; baseline 0.001 -17"><span class='ocrx_word' id='word_1_6' title='bbox 537 300 660 365; x_wconf 80' lang='lat' dir='ltr'>pus</span> <span class='ocrx_word' id='word_1_7' title='bbox 702 284 1011 361; x_wconf 79' lang='lat' dir='ltr'>elevetur,</span> <span class='ocrx_word' id='word_1_8' title='bbox 1054 293 1119 348; x_wconf 89' lang='lat' dir='ltr'>et</span> <span class='ocrx_word' id='word_1_9' title='bbox 1148 285 1260 348; x_wconf 80' lang='lat' dir='ltr'>flat</span> <span class='ocrx_word' id='word_1_10' title='bbox 1286 283 1428 349; x_wconf 79' lang='lat' dir='ltr'>leve</span> <span class='ocrx_word' id='word_1_11' title='bbox 1462 285 1540 348; x_wconf 88' lang='lat' dir='ltr'>ad</span> <span class='ocrx_word' id='word_1_12' title='bbox 1573 287 1782 348; x_wconf 85' lang='lat' dir='ltr'>instar</span> <span class='ocrx_word' id='word_1_13' title='bbox 1812 284 2064 365; x_wconf 79' lang='lat' dir='ltr'>plumae.</span> <span class='ocrx_word' id='word_1_14' title='bbox 2108 284 2394 348; x_wconf 76' lang='lat' dir='ltr'>Elevatt’o</span> <span class='ocrx_word' id='word_1_15' title='bbox 2427 285 2698 364; x_wconf 77' lang='lat' dir='ltr'>spiritus</span> <span class='ocrx_word' id='word_1_16' title='bbox 2743 295 2840 349; x_wconf 87' lang='lat' dir='ltr'>est</span> <span class='ocrx_word' id='word_1_17' title='bbox 2865 287 3109 366; x_wconf 83' lang='lat' dir='ltr'>quando</span> 
     </span>
     <span class='ocr_line' id='line_1_3' title="bbox 540 364 3108 446; baseline 0.001 -17"><span class='ocrx_word' id='word_1_18' title='bbox 540 367 755 429; x_wconf 83' lang='lat' dir='ltr'>anima</span> <span class='ocrx_word' id='word_1_19' title='bbox 798 370 997 429; x_wconf 89' lang='lat' dir='ltr'>sentit</span> <span class='ocrx_word' id='word_1_20' title='bbox 1036 382 1108 428; x_wconf 83' lang='lat' dir='ltr'>se</span> <span class='ocrx_word' id='word_1_21' title='bbox 1148 365 1370 428; x_wconf 77' lang='lat' dir='ltr'>extolli</span> <span class='ocrx_word' id='word_1_22' title='bbox 1417 381 1607 445; x_wconf 80' lang='lat' dir='ltr'>snpra</span> <span class='ocrx_word' id='word_1_23' title='bbox 1648 382 1718 429; x_wconf 86' lang='lat' dir='ltr'>se</span> <span class='ocrx_word' id='word_1_24' title='bbox 1762 367 1966 446; x_wconf 85' lang='lat' dir='ltr'>ipsam</span> <span class='ocrx_word' id='word_1_25' title='bbox 2008 381 2241 445; x_wconf 74' lang='lat' dir='ltr'>magna</span> <span class='ocrx_word' id='word_1_26' title='bbox 2272 364 2549 445; x_wconf 75' lang='lat' dir='ltr'>quadam</span> <span class='ocrx_word' id='word_1_27' title='bbox 2580 368 2661 443; x_wconf 90' lang='lat' dir='ltr'>vi,</span> <span class='ocrx_word' id='word_1_28' title='bbox 2688 367 2790 430; x_wconf 92' lang='lat' dir='ltr'>cui</span> <span class='ocrx_word' id='word_1_29' title='bbox 2835 366 2911 430; x_wconf 85' lang='lat' dir='ltr'>ab</span> <span class='ocrx_word' id='word_1_30' title='bbox 2934 368 3108 432; x_wconf 86' lang='lat' dir='ltr'>initio</span> 
     </span>
     <span class='ocr_line' id='line_1_4' title="bbox 540 447 3105 526; baseline 0.001 -17"><span class='ocrx_word' id='word_1_31' title='bbox 540 447 873 524; x_wconf 79' lang='lat' dir='ltr'>experitur</span> <span class='ocrx_word' id='word_1_32' title='bbox 936 453 1350 525; x_wconf 72' lang='lat' dir='ltr'>conjunctum</span> <span class='ocrx_word' id='word_1_33' title='bbox 1396 448 1587 509; x_wconf 87' lang='lat' dir='ltr'>etiam</span> <span class='ocrx_word' id='word_1_34' title='bbox 1633 461 1938 526; x_wconf 78' lang='lat' dir='ltr'>magnum</span> <span class='ocrx_word' id='word_1_35' title='bbox 2000 449 2340 510; x_wconf 85' lang='lat' dir='ltr'>timorem:</span> <span class='ocrx_word' id='word_1_36' title='bbox 2381 447 2559 510; x_wconf 89' lang='lat' dir='ltr'>unde</span> <span class='ocrx_word' id='word_1_37' title='bbox 2619 447 2685 509; x_wconf 93' lang='lat' dir='ltr'>in</span> <span class='ocrx_word' id='word_1_38' title='bbox 2749 447 2867 510; x_wconf 87' lang='lat' dir='ltr'>boc</span> <span class='ocrx_word' id='word_1_39' title='bbox 2917 447 3105 526; x_wconf 77' lang='lat' dir='ltr'>gradu</span> 
     </span>
     <span class='ocr_line' id='line_1_5' title="bbox 540 526 1909 606; baseline -0.001 -17"><span class='ocrx_word' id='word_1_40' title='bbox 540 526 958 589; x_wconf 78' lang='lat' dir='ltr'>continentur</span> <span class='ocrx_word' id='word_1_41' title='bbox 999 526 1127 590; x_wconf 91' lang='lat' dir='ltr'>duo</span> <span class='ocrx_word' id='word_1_42' title='bbox 1168 526 1406 604; x_wconf 82' lang='lat' dir='ltr'>gradus</span> <span class='ocrx_word' id='word_1_43' title='bbox 1448 527 1909 606; x_wconf 77' lang='lat' dir='ltr'>praecedentes.</span> 
     </span>
    </p>

    <p class='ocr_par' dir='ltr' id='par_1_3' title="bbox 537 605 3119 1493">
     <span class='ocr_line' id='line_1_6' title="bbox 699 605 3105 688; baseline 0.001 -19"><span class='ocrx_word' id='word_1_44' title='bbox 699 608 755 669; x_wconf 73' lang='lat'>2.</span> <span class='ocrx_word' id='word_1_45' title='bbox 807 607 962 670; x_wconf 79' lang='lat' dir='ltr'>Unio</span> <span class='ocrx_word' id='word_1_46' title='bbox 1003 613 1474 670; x_wconf 76' lang='lat' dir='ltr'>consummata.-</span> <span class='ocrx_word' id='word_1_47' title='bbox 1520 608 1660 670; x_wconf 78' lang='lat' dir='ltr'>baec</span> <span class='ocrx_word' id='word_1_48' title='bbox 1693 608 1849 670; x_wconf 90' lang='lat' dir='ltr'>unio</span> <span class='ocrx_word' id='word_1_49' title='bbox 1892 616 1990 670; x_wconf 83' lang='lat' dir='ltr'>est</span> <span class='ocrx_word' id='word_1_50' title='bbox 2030 606 2320 670; x_wconf 87' lang='lat' dir='ltr'>omnium</span> <span class='ocrx_word' id='word_1_51' title='bbox 2379 605 2868 686; x_wconf 73' lang='lat' dir='ltr'>perfectissima,</span> <span class='ocrx_word' id='word_1_52' title='bbox 2931 622 3105 688; x_wconf 71' lang='lat' dir='ltr'>quam</span> 
     </span>
     <span class='ocr_line' id='line_1_7' title="bbox 538 686 3107 754; baseline -0.001 0"><span class='ocrx_word' id='word_1_53' title='bbox 538 690 708 754; x_wconf 88' lang='lat' dir='ltr'>Deus</span> <span class='ocrx_word' id='word_1_54' title='bbox 750 690 982 750; x_wconf 71' lang='lat' dir='ltr'>animm</span> <span class='ocrx_word' id='word_1_55' title='bbox 1025 689 1295 751; x_wconf 88' lang='lat' dir='ltr'>viatrici·</span> <span class='ocrx_word' id='word_1_56' title='bbox 1325 688 1654 750; x_wconf 85' lang='lat' dir='ltr'>concedit:</span> <span class='ocrx_word' id='word_1_57' title='bbox 1696 696 1763 749; x_wconf 90' lang='lat' dir='ltr'>et</span> <span class='ocrx_word' id='word_1_58' title='bbox 1805 686 1951 750; x_wconf 88' lang='lat' dir='ltr'>ideo</span> <span class='ocrx_word' id='word_1_59' title='bbox 1981 686 2218 750; x_wconf 90' lang='lat' dir='ltr'>dicitnr</span> <span class='ocrx_word' id='word_1_60' title='bbox 2248 695 2697 750; x_wconf 75' lang='lat' dir='ltr'>consummata.</span> <span class='ocrx_word' id='word_1_61' title='bbox 2743 686 2811 748; x_wconf 87' lang='lat' dir='ltr'>ln</span> <span class='ocrx_word' id='word_1_62' title='bbox 2858 687 2972 750; x_wconf 83' lang='lat' dir='ltr'>reli</span> <span class='ocrx_word' id='word_1_63' title='bbox 3016 688 3107 752; x_wconf 83' lang='lat' dir='ltr'>uis</span> 
     </span>
     <span class='ocr_line' id='line_1_8' title="bbox 539 766 3113 847; baseline -0.001 -13"><span class='ocrx_word' id='word_1_64' title='bbox 539 771 801 834; x_wconf 85' lang='lat' dir='ltr'>unionis</span> <span class='ocrx_word' id='word_1_65' title='bbox 832 767 1165 847; x_wconf 81' lang='lat' dir='ltr'>speciebus</span> <span class='ocrx_word' id='word_1_66' title='bbox 1224 769 1526 847; x_wconf 79' lang='lat' dir='ltr'>potentiae</span> <span class='ocrx_word' id='word_1_67' title='bbox 1569 768 1803 830; x_wconf 83' lang='lat' dir='ltr'>animae</span> <span class='ocrx_word' id='word_1_68' title='bbox 1869 767 2354 847; x_wconf 87' lang='lat' dir='ltr'>suspenduntur</span> <span class='ocrx_word' id='word_1_69' title='bbox 2397 767 2475 831; x_wconf 85' lang='lat' dir='ltr'>ad</span> <span class='ocrx_word' id='word_1_70' title='bbox 2528 778 2811 847; x_wconf 83' lang='lat' dir='ltr'>tempus;</span> <span class='ocrx_word' id='word_1_71' title='bbox 2877 766 2937 829; x_wconf 92' lang='lat' dir='ltr'>in</span> <span class='ocrx_word' id='word_1_72' title='bbox 3043 784 3113 834; x_wconf 75' lang='lat' dir='ltr'>ac</span> 
     </span>
     <span class='ocr_line' id='line_1_9' title="bbox 537 846 3111 931; baseline -0.001 -17"><span class='ocrx_word' id='word_1_73' title='bbox 537 852 668 931; x_wconf 78' lang='lat' dir='ltr'>jam</span> <span class='ocrx_word' id='word_1_74' title='bbox 713 864 977 928; x_wconf 81' lang='lat' dir='ltr'>capaces</span> <span class='ocrx_word' id='word_1_75' title='bbox 1046 856 1393 911; x_wconf 88' lang='lat' dir='ltr'>evaserunt</span> <span class='ocrx_word' id='word_1_76' title='bbox 1436 848 1697 910; x_wconf 85' lang='lat' dir='ltr'>unionis</span> <span class='ocrx_word' id='word_1_77' title='bbox 1759 847 2003 910; x_wconf 73' lang='lat' dir='ltr'>divium</span> <span class='ocrx_word' id='word_1_78' title='bbox 2067 849 2525 928; x_wconf 86' lang='lat' dir='ltr'>permanentis,</span> <span class='ocrx_word' id='word_1_79' title='bbox 2571 850 2656 911; x_wconf 85' lang='lat' dir='ltr'>ita</span> <span class='ocrx_word' id='word_1_80' title='bbox 2720 855 2793 909; x_wconf 90' lang='lat' dir='ltr'>ut</span> <span class='ocrx_word' id='word_1_81' title='bbox 2833 846 3111 912; x_wconf 82' lang='lat' dir='ltr'>voluutas</span> 
     </span>
     <span class='ocr_line' id='line_1_10' title="bbox 541 927 3112 1008; baseline -0.002 -13"><span class='ocrx_word' id='word_1_82' title='bbox 541 939 713 995; x_wconf 87' lang='lat' dir='ltr'>amet</span> <span class='ocrx_word' id='word_1_83' title='bbox 755 929 952 992; x_wconf 88' lang='lat' dir='ltr'>Deum</span> <span class='ocrx_word' id='word_1_84' title='bbox 995 945 1180 992; x_wconf 84' lang='lat' dir='ltr'>suum</span> <span class='ocrx_word' id='word_1_85' title='bbox 1218 928 1675 1008; x_wconf 80' lang='lat' dir='ltr'>placidissime,</span> <span class='ocrx_word' id='word_1_86' title='bbox 1726 927 2096 992; x_wconf 86' lang='lat' dir='ltr'>intellectus</span> <span class='ocrx_word' id='word_1_87' title='bbox 2140 937 2319 991; x_wconf 88' lang='lat' dir='ltr'>recte</span> <span class='ocrx_word' id='word_1_88' title='bbox 2359 934 2701 1007; x_wconf 81' lang='lat' dir='ltr'>cognoscat</span> <span class='ocrx_word' id='word_1_89' title='bbox 2743 936 2809 991; x_wconf 90' lang='lat' dir='ltr'>et</span> <span class='ocrx_word' id='word_1_90' title='bbox 2838 928 3112 991; x_wconf 71' lang='lat' dir='ltr'>attendat</span> 
     </span>
     <span class='ocr_line' id='line_1_11' title="bbox 541 1008 3117 1088; baseline -0.001 -13"><span class='ocrx_word' id='word_1_91' title='bbox 541 1012 691 1075; x_wconf 86' lang='lat' dir='ltr'>huic</span> <span class='ocrx_word' id='word_1_92' title='bbox 738 1012 981 1072; x_wconf 80' lang='lat' dir='ltr'>intimae</span> <span class='ocrx_word' id='word_1_93' title='bbox 1024 1011 1247 1072; x_wconf 87' lang='lat' dir='ltr'>unioni</span> <span class='ocrx_word' id='word_1_94' title='bbox 1294 1009 1555 1083; x_wconf 75' lang='lat' dir='ltr'>divium,</span> <span class='ocrx_word' id='word_1_95' title='bbox 1598 1025 1742 1088; x_wconf 84' lang='lat' dir='ltr'>quae</span> <span class='ocrx_word' id='word_1_96' title='bbox 1767 1010 1899 1087; x_wconf 88' lang='lat' dir='ltr'>jam</span> <span class='ocrx_word' id='word_1_97' title='bbox 1933 1010 2094 1072; x_wconf 76' lang='lat' dir='ltr'>facta</span> <span class='ocrx_word' id='word_1_98' title='bbox 2137 1018 2236 1071; x_wconf 87' lang='lat' dir='ltr'>est</span> <span class='ocrx_word' id='word_1_99' title='bbox 2280 1009 2344 1069; x_wconf 90' lang='lat' dir='ltr'>in</span> <span class='ocrx_word' id='word_1_100' title='bbox 2390 1012 2624 1071; x_wconf 80' lang='lat' dir='ltr'>animae</span> <span class='ocrx_word' id='word_1_101' title='bbox 2655 1017 2901 1071; x_wconf 89' lang='lat' dir='ltr'>centro.</span> <span class='ocrx_word' id='word_1_102' title='bbox 2933 1008 3117 1087; x_wconf 74' lang='lat' dir='ltr'>idque</span> 
     </span>
     <span class='ocr_line' id='line_1_12' title="bbox 542 1088 3119 1173; baseline -0.001 -18"><span class='ocrx_word' id='word_1_103' title='bbox 542 1092 860 1170; x_wconf 84' lang='lat' dir='ltr'>contingit</span> <span class='ocrx_word' id='word_1_104' title='bbox 901 1106 975 1152; x_wconf 92' lang='lat' dir='ltr'>eo</span> <span class='ocrx_word' id='word_1_105' title='bbox 1023 1091 1158 1169; x_wconf 88' lang='lat' dir='ltr'>ipso</span> <span class='ocrx_word' id='word_1_106' title='bbox 1202 1089 1413 1164; x_wconf 89' lang='lat' dir='ltr'>modo,</span> <span class='ocrx_word' id='word_1_107' title='bbox 1474 1105 1600 1168; x_wconf 90' lang='lat' dir='ltr'>quo</span> <span class='ocrx_word' id='word_1_108' title='bbox 1643 1090 1785 1168; x_wconf 87' lang='lat' dir='ltr'>quis</span> <span class='ocrx_word' id='word_1_109' title='bbox 1831 1092 2201 1153; x_wconf 89' lang='lat' dir='ltr'>intueretur</span> <span class='ocrx_word' id='word_1_110' title='bbox 2238 1088 2394 1151; x_wconf 86' lang='lat' dir='ltr'>solis</span> <span class='ocrx_word' id='word_1_111' title='bbox 2438 1088 2848 1167; x_wconf 72' lang='lat' dir='ltr'>splendorem</span> <span class='ocrx_word' id='word_1_112' title='bbox 2876 1088 3119 1173; x_wconf 32' lang='lat' dir='ltr'>‚absque</span> 
     </span>
     <span class='ocr_line' id='line_1_13' title="bbox 540 1169 3115 1236; baseline -0.002 0"><span class='ocrx_word' id='word_1_113' title='bbox 540 1172 673 1236; x_wconf 86' lang='lat' dir='ltr'>ulla</span> <span class='ocrx_word' id='word_1_114' title='bbox 717 1171 1045 1233; x_wconf 87' lang='lat' dir='ltr'>oculorum</span> <span class='ocrx_word' id='word_1_115' title='bbox 1110 1185 1370 1233; x_wconf 86' lang='lat' dir='ltr'>suorum</span> <span class='ocrx_word' id='word_1_116' title='bbox 1416 1170 1791 1232; x_wconf 77' lang='lat' dir='ltr'>offensione.</span> <span class='ocrx_word' id='word_1_117' title='bbox 1864 1170 2027 1232; x_wconf 86' lang='lat' dir='ltr'>Hinc</span> <span class='ocrx_word' id='word_1_118' title='bbox 2094 1179 2307 1233; x_wconf 91' lang='lat' dir='ltr'>autem</span> <span class='ocrx_word' id='word_1_119' title='bbox 2372 1169 2584 1231; x_wconf 89' lang='lat' dir='ltr'>solent</span> <span class='ocrx_word' id='word_1_120' title='bbox 2628 1185 2693 1231; x_wconf 81' lang='lat' dir='ltr'>in</span> <span class='ocrx_word' id='word_1_121' title='bbox 2735 1171 2948 1232; x_wconf 87' lang='lat' dir='ltr'>anima</span> <span class='ocrx_word' id='word_1_122' title='bbox 2989 1180 3115 1232; x_wconf 80' lang='lat' dir='ltr'>eve·</span> 
     </span>
     <span class='ocr_line' id='line_1_14' title="bbox 544 1249 3119 1328; baseline -0.001 -13"><span class='ocrx_word' id='word_1_123' title='bbox 544 1253 690 1316; x_wconf 88' lang='lat' dir='ltr'>nire</span> <span class='ocrx_word' id='word_1_124' title='bbox 731 1252 1035 1325; x_wconf 82' lang='lat' dir='ltr'>visiones,</span> <span class='ocrx_word' id='word_1_125' title='bbox 1078 1249 1457 1326; x_wconf 88' lang='lat' dir='ltr'>locutiones,</span> <span class='ocrx_word' id='word_1_126' title='bbox 1498 1249 1929 1314; x_wconf 80' lang='lat' dir='ltr'>revelationes</span> <span class='ocrx_word' id='word_1_127' title='bbox 1972 1259 2038 1313; x_wconf 89' lang='lat' dir='ltr'>et</span> <span class='ocrx_word' id='word_1_128' title='bbox 2078 1250 2200 1313; x_wconf 85' lang='lat' dir='ltr'>alia</span> <span class='ocrx_word' id='word_1_129' title='bbox 2249 1250 2411 1311; x_wconf 89' lang='lat' dir='ltr'>dona</span> <span class='ocrx_word' id='word_1_130' title='bbox 2472 1249 3006 1328; x_wconf 77' lang='lat' dir='ltr'>supernaturalia.</span> <span class='ocrx_word' id='word_1_131' title='bbox 3045 1280 3119 1296; x_wconf 89' lang='lat'>-</span> 
     </span>
     <span class='ocr_line' id='line_1_15' title="bbox 555 1327 3117 1416; baseline -0.001 -21"><span class='ocrx_word' id='word_1_132' title='bbox 555 1333 617 1395; x_wconf 86' lang='lat' dir='ltr'>V.</span> <span class='ocrx_word' id='word_1_133' title='bbox 658 1330 1052 1406; x_wconf 85' lang='lat' dir='ltr'>Scaramelli,</span> <span class='ocrx_word' id='word_1_134' title='bbox 1097 1331 1442 1394; x_wconf 82' lang='lat' dir='ltr'>Direttorio</span> <span class='ocrx_word' id='word_1_135' title='bbox 1483 1332 1750 1394; x_wconf 80' lang='lat' dir='ltr'>mistico.</span> <span class='ocrx_word' id='word_1_136' title='bbox 1794 1365 1872 1378; x_wconf 94' lang='lat'>——</span> <span class='ocrx_word' id='word_1_137' title='bbox 1915 1330 2118 1410; x_wconf 81' lang='lat' dir='ltr'>Stapf,</span> <span class='ocrx_word' id='word_1_138' title='bbox 2174 1328 2397 1405; x_wconf 66' lang='lat' dir='ltr'>Theoi„</span> <span class='ocrx_word' id='word_1_139' title='bbox 2440 1330 2472 1410; x_wconf 71' lang='grc'><strong>3</strong></span> <span class='ocrx_word' id='word_1_140' title='bbox 2515 1330 2653 1392; x_wconf 76' lang='grc'>655.</span> <span class='ocrx_word' id='word_1_141' title='bbox 2696 1363 2778 1379; x_wconf 89' lang='lat'>-</span> <span class='ocrx_word' id='word_1_142' title='bbox 2819 1327 3117 1416; x_wconf 66' lang='lat' dir='ltr'>Castelve·</span> 
     </span>
     <span class='ocr_line' id='line_1_16' title="bbox 545 1410 3043 1493; baseline -0.002 -17"><span class='ocrx_word' id='word_1_143' title='bbox 545 1420 701 1489; x_wconf 86' lang='lat' dir='ltr'>tere,</span> <span class='ocrx_word' id='word_1_144' title='bbox 742 1412 1090 1479; x_wconf 81' lang='lat' dir='ltr'>Direttorio</span> <span class='ocrx_word' id='word_1_145' title='bbox 1132 1427 1283 1488; x_wconf 66' lang='lat' dir='ltr'>ecc„</span> <span class='ocrx_word' id='word_1_146' title='bbox 1328 1428 1387 1491; x_wconf 90' lang='lat' dir='ltr'>p.</span> <span class='ocrx_word' id='word_1_147' title='bbox 1429 1411 1513 1474; x_wconf 73' lang='lat'>1⁸.</span> <span class='ocrx_word' id='word_1_148' title='bbox 1555 1442 1629 1469; x_wconf 58' lang='lat' dir='ltr'>-v</span> <span class='ocrx_word' id='word_1_149' title='bbox 1677 1411 1958 1492; x_wconf 80' lang='lat' dir='ltr'>Lignori,</span> <span class='ocrx_word' id='word_1_150' title='bbox 2008 1412 2275 1474; x_wconf 78' lang='lat' dir='ltr'>Pratica</span> <span class='ocrx_word' id='word_1_151' title='bbox 2316 1410 2827 1490; x_wconf 52' lang='lat' dir='ltr'>debeone-isare,</span> <span class='ocrx_word' id='word_1_152' title='bbox 2869 1427 2921 1493; x_wconf 73' lang='lat'>⁰.-</span> <span class='ocrx_word' id='word_1_153' title='bbox 2965 1426 3043 1472; x_wconf 81' lang='lat' dir='ltr'>ix.</span> 
     </span>
    </p>
   </div>
   <div class='ocr_carea' id='block_1_3' title="bbox 1607 1652 2072 1734">
    <p class='ocr_par' dir='ltr' id='par_1_4' title="bbox 1607 1652 2072 1734">
     <span class='ocr_line' id='line_1_17' title="bbox 1607 1652 2072 1734; baseline 0 -18"><span class='ocrx_word' id='word_1_154' title='bbox 1607 1652 1737 1734; x_wconf 82' lang='lat' dir='ltr'>(G)</span> <span class='ocrx_word' id='word_1_155' title='bbox 1780 1653 1932 1734; x_wconf 69' lang='lat' dir='ltr'>Pap.</span> <span class='ocrx_word' id='word_1_156' title='bbox 1973 1652 2072 1716; x_wconf 71' lang='lat'>26.</span> 
     </span>
    </p>
   </div>
   <div class='ocr_carea' id='block_1_4' title="bbox 515 1876 3135 4693">
    <p class='ocr_par' dir='ltr' id='par_1_5' title="bbox 539 1876 3128 2824">
     <span class='ocr_line' id='line_1_18' title="bbox 626 1876 3120 1959; baseline 0 -22"><span class='ocrx_word' id='word_1_157' title='bbox 626 1876 810 1938; x_wconf 67' lang='lat'>18⁷.</span> <span class='ocrx_word' id='word_1_158' title='bbox 859 1877 1260 1943; x_wconf 79' lang='lat' dir='ltr'>Breviarium</span> <span class='ocrx_word' id='word_1_159' title='bbox 1310 1876 1665 1940; x_wconf 86' lang='lat' dir='ltr'>Romanum</span> <span class='ocrx_word' id='word_1_160' title='bbox 1708 1879 1886 1939; x_wconf 88' lang='lat' dir='ltr'>omni</span> <span class='ocrx_word' id='word_1_161' title='bbox 1936 1876 2358 1959; x_wconf 76' lang='lat' dir='ltr'>veneratione</span> <span class='ocrx_word' id='word_1_162' title='bbox 2399 1877 2665 1955; x_wconf 83' lang='lat' dir='ltr'>dignum</span> <span class='ocrx_word' id='word_1_163' title='bbox 2709 1884 2812 1938; x_wconf 84' lang='lat' dir='ltr'>est</span> <span class='ocrx_word' id='word_1_164' title='bbox 2867 1890 2995 1939; x_wconf 90' lang='lat' dir='ltr'>non</span> <span class='ocrx_word' id='word_1_165' title='bbox 3030 1891 3120 1938; x_wconf 88' lang='lat' dir='ltr'>so·</span> 
     </span>
     <span class='ocr_line' id='line_1_19' title="bbox 546 1955 3119 2038; baseline 0 -20"><span class='ocrx_word' id='word_1_166' title='bbox 546 1956 869 2033; x_wconf 85' lang='lat' dir='ltr'>lummodo</span> <span class='ocrx_word' id='word_1_167' title='bbox 911 1957 1116 2038; x_wconf 89' lang='lat' dir='ltr'>quoad</span> <span class='ocrx_word' id='word_1_168' title='bbox 1166 1958 1406 2021; x_wconf 85' lang='lat' dir='ltr'>cultum</span> <span class='ocrx_word' id='word_1_169' title='bbox 1451 1959 1979 2033; x_wconf 81' lang='lat' dir='ltr'>ecclesiasticum,</span> <span class='ocrx_word' id='word_1_170' title='bbox 2002 1957 2110 2019; x_wconf 92' lang='lat' dir='ltr'>sed</span> <span class='ocrx_word' id='word_1_171' title='bbox 2158 1958 2350 2021; x_wconf 89' lang='lat' dir='ltr'>etiam</span> <span class='ocrx_word' id='word_1_172' title='bbox 2396 1957 2603 2036; x_wconf 90' lang='lat' dir='ltr'>quoad</span> <span class='ocrx_word' id='word_1_173' title='bbox 2652 1961 2786 2035; x_wconf 82' lang='lat' dir='ltr'>ipsa</span> <span class='ocrx_word' id='word_1_174' title='bbox 2830 1955 3119 2018; x_wconf 83' lang='lat' dir='ltr'>historica</span> 
     </span>
     <span class='ocr_line' id='line_1_20' title="bbox 544 2032 3123 2127; baseline -0.001 -28"><span class='ocrx_word' id='word_1_175' title='bbox 544 2035 736 2111; x_wconf 79' lang='lat' dir='ltr'>facta3</span> <span class='ocrx_word' id='word_1_176' title='bbox 777 2056 917 2102; x_wconf 89' lang='lat' dir='ltr'>cum</span> <span class='ocrx_word' id='word_1_177' title='bbox 960 2046 1176 2100; x_wconf 90' lang='lat' dir='ltr'>notum</span> <span class='ocrx_word' id='word_1_178' title='bbox 1221 2040 1305 2101; x_wconf 91' lang='lat' dir='ltr'>sit</span> <span class='ocrx_word' id='word_1_179' title='bbox 1348 2036 1590 2117; x_wconf 85' lang='lat' dir='ltr'>pluries</span> <span class='ocrx_word' id='word_1_180' title='bbox 1635 2037 1836 2100; x_wconf 79' lang='lat' dir='ltr'>fuisse</span> <span class='ocrx_word' id='word_1_181' title='bbox 1878 2039 2280 2127; x_wconf 73' lang='lat' dir='ltr'>recognitum</span> <span class='ocrx_word' id='word_1_182' title='bbox 2325 2032 2399 2100; x_wconf 85' lang='lat' dir='ltr'>et‘</span> <span class='ocrx_word' id='word_1_183' title='bbox 2433 2037 2871 2109; x_wconf 88' lang='lat' dir='ltr'>emendatum,</span> <span class='ocrx_word' id='word_1_184' title='bbox 2916 2034 3123 2098; x_wconf 85' lang='lat' dir='ltr'>habito</span> 
     </span>
     <span class='ocr_line' id='line_1_21' title="bbox 543 2116 3121 2199; baseline -0.001 -18"><span class='ocrx_word' id='word_1_185' title='bbox 543 2116 892 2182; x_wconf 86' lang='lat' dir='ltr'>multorum</span> <span class='ocrx_word' id='word_1_186' title='bbox 937 2121 1298 2197; x_wconf 84' lang='lat' dir='ltr'>sapientum</span> <span class='ocrx_word' id='word_1_187' title='bbox 1343 2119 1651 2181; x_wconf 86' lang='lat' dir='ltr'>consilio:</span> <span class='ocrx_word' id='word_1_188' title='bbox 1695 2117 1996 2199; x_wconf 78' lang='lat' dir='ltr'>Attamen</span> <span class='ocrx_word' id='word_1_189' title='bbox 2039 2126 2134 2180; x_wconf 83' lang='lat' dir='ltr'>tta</span> <span class='ocrx_word' id='word_1_190' title='bbox 2171 2125 2246 2180; x_wconf 79' lang='lat' dir='ltr'>ut</span> <span class='ocrx_word' id='word_1_191' title='bbox 2285 2119 2548 2180; x_wconf 82' lang='lat' dir='ltr'>vetitum</span> <span class='ocrx_word' id='word_1_192' title='bbox 2599 2117 2966 2181; x_wconf 72' lang='lat' dir='ltr'>existimari</span> <span class='ocrx_word' id='word_1_193' title='bbox 3010 2131 3121 2179; x_wconf 70' lang='lat' dir='ltr'>nou</span> 
     </span>
     <span class='ocr_line' id='line_1_22' title="bbox 539 2195 3094 2279; baseline -0.001 -20"><span class='ocrx_word' id='word_1_194' title='bbox 539 2199 746 2278; x_wconf 80' lang='lat' dir='ltr'>possit</span> <span class='ocrx_word' id='word_1_195' title='bbox 785 2198 997 2263; x_wconf 79' lang='lat' dir='ltr'>debita</span> <span class='ocrx_word' id='word_1_196' title='bbox 1038 2216 1177 2261; x_wconf 82' lang='lat' dir='ltr'>cum</span> <span class='ocrx_word' id='word_1_197' title='bbox 1219 2200 1519 2262; x_wconf 84' lang='lat' dir='ltr'>modestia</span> <span class='ocrx_word' id='word_1_198' title='bbox 1560 2206 1622 2262; x_wconf 89' lang='lat' dir='ltr'>et</span> <span class='ocrx_word' id='word_1_199' title='bbox 1661 2200 1848 2279; x_wconf 69' lang='lat' dir='ltr'>aravi</span> <span class='ocrx_word' id='word_1_200' title='bbox 1887 2200 2299 2279; x_wconf 77' lang='lat' dir='ltr'>fundamento</span> <span class='ocrx_word' id='word_1_201' title='bbox 2343 2215 2478 2278; x_wconf 80' lang='lat' dir='ltr'>quoe</span> <span class='ocrx_word' id='word_1_202' title='bbox 2518 2205 2867 2260; x_wconf 75' lang='lat' dir='ltr'>occurrunt</span> <span class='ocrx_word' id='word_1_203' title='bbox 2908 2197 2976 2258; x_wconf 80' lang='lat' dir='ltr'>in</span> <span class='ocrx_word' id='word_1_204' title='bbox 3021 2195 3094 2274; x_wconf 75' lang='lat' dir='ltr'>sa</span> 
     </span>
     <span class='ocr_line' id='line_1_23' title="bbox 543 2272 3125 2359; baseline -0.001 -18"><span class='ocrx_word' id='word_1_205' title='bbox 543 2280 666 2341; x_wconf 78' lang='lat' dir='ltr'>ctis</span> <span class='ocrx_word' id='word_1_206' title='bbox 710 2277 1051 2353; x_wconf 75' lang='lat' dir='ltr'>historicis,</span> <span class='ocrx_word' id='word_1_207' title='bbox 1112 2280 1514 2359; x_wconf 80' lang='lat' dir='ltr'>difficultates</span> <span class='ocrx_word' id='word_1_208' title='bbox 1558 2297 1882 2359; x_wconf 71' lang='lat' dir='ltr'>emponere,</span> <span class='ocrx_word' id='word_1_209' title='bbox 1936 2297 2162 2359; x_wconf 78' lang='lat' dir='ltr'>easque</span> <span class='ocrx_word' id='word_1_210' title='bbox 2221 2272 2472 2356; x_wconf 77' lang='lat' dir='ltr'>judicio</span> <span class='ocrx_word' id='word_1_211' title='bbox 2530 2276 2703 2341; x_wconf 83' lang='lat' dir='ltr'>Sedis</span> <span class='ocrx_word' id='word_1_212' title='bbox 2767 2275 3125 2357; x_wconf 78' lang='lat' dir='ltr'>Apostolicoe</span> 
     </span>
     <span class='ocr_line' id='line_1_24' title="bbox 545 2356 3122 2438; baseline -0.001 -15"><span class='ocrx_word' id='word_1_213' title='bbox 545 2375 907 2437; x_wconf 79' lang='lat' dir='ltr'>supponere,</span> <span class='ocrx_word' id='word_1_214' title='bbox 970 2368 1045 2423; x_wconf 78' lang='lat' dir='ltr'>ut</span> <span class='ocrx_word' id='word_1_215' title='bbox 1085 2377 1296 2422; x_wconf 79' lang='lat' dir='ltr'>eorum</span> <span class='ocrx_word' id='word_1_216' title='bbox 1339 2361 1667 2424; x_wconf 82' lang='lat' dir='ltr'>veritatem</span> <span class='ocrx_word' id='word_1_217' title='bbox 1723 2369 1787 2423; x_wconf 86' lang='lat' dir='ltr'>et</span> <span class='ocrx_word' id='word_1_218' title='bbox 1848 2359 2045 2424; x_wconf 82' lang='lat' dir='ltr'>robur</span> <span class='ocrx_word' id='word_1_219' title='bbox 2089 2360 2454 2438; x_wconf 77' lang='lat' dir='ltr'>perpendat,</span> <span class='ocrx_word' id='word_1_220' title='bbox 2503 2360 2561 2421; x_wconf 89' lang='lat' dir='ltr'>si</span> <span class='ocrx_word' id='word_1_221' title='bbox 2624 2356 2873 2438; x_wconf 72' lang='lat' dir='ltr'>quaisdo</span> <span class='ocrx_word' id='word_1_222' title='bbox 2910 2373 3122 2421; x_wconf 68' lang='lat' dir='ltr'>mantus</span> 
     </span>
     <span class='ocr_line' id='line_1_25' title="bbox 546 2436 3119 2519; baseline -0.001 -19"><span class='ocrx_word' id='word_1_223' title='bbox 546 2439 777 2501; x_wconf 78' lang='lat' dir='ltr'>iterum</span> <span class='ocrx_word' id='word_1_224' title='bbox 845 2442 1250 2504; x_wconf 78' lang='lat' dir='ltr'>admoveatur</span> <span class='ocrx_word' id='word_1_225' title='bbox 1314 2444 1396 2502; x_wconf 80' lang='lat' dir='ltr'>ad</span> <span class='ocrx_word' id='word_1_226' title='bbox 1458 2440 1783 2504; x_wconf 85' lang='lat' dir='ltr'>Breviarii</span> <span class='ocrx_word' id='word_1_227' title='bbox 1849 2440 2112 2503; x_wconf 80' lang='lat' dir='ltr'>Romani</span> <span class='ocrx_word' id='word_1_228' title='bbox 2174 2442 2636 2502; x_wconf 80' lang='lat' dir='ltr'>correctionem.</span> <span class='ocrx_word' id='word_1_229' title='bbox 2682 2438 2801 2519; x_wconf 88' lang='lat' dir='ltr'>(Ita</span> <span class='ocrx_word' id='word_1_230' title='bbox 2863 2436 3119 2501; x_wconf 81' lang='lat' dir='ltr'>Benedi-</span> 
     </span>
     <span class='ocr_line' id='line_1_26' title="bbox 545 2519 3125 2600; baseline -0.001 -18"><span class='ocrx_word' id='word_1_231' title='bbox 545 2526 686 2582; x_wconf 87' lang='lat' dir='ltr'>ctus</span> <span class='ocrx_word' id='word_1_232' title='bbox 726 2519 885 2595; x_wconf 75' lang='lat' dir='ltr'>xiv,</span> <span class='ocrx_word' id='word_1_233' title='bbox 929 2522 1016 2583; x_wconf 83' lang='lat' dir='ltr'>De·</span> <span class='ocrx_word' id='word_1_234' title='bbox 1058 2519 1166 2585; x_wconf 90' lang='lat' dir='ltr'>SS.</span> <span class='ocrx_word' id='word_1_235' title='bbox 1202 2520 1696 2600; x_wconf 79' lang='lat' dir='ltr'>Beatificatione‚</span> <span class='ocrx_word' id='word_1_236' title='bbox 1745 2522 1780 2582; x_wconf 90' lang='lat' dir='ltr'>l.</span> <span class='ocrx_word' id='word_1_237' title='bbox 1825 2539 1910 2598; x_wconf 80' lang='lat' dir='ltr'>iv,</span> <span class='ocrx_word' id='word_1_238' title='bbox 1952 2539 2007 2600; x_wconf 91' lang='lat' dir='ltr'>p.</span> <span class='ocrx_word' id='word_1_239' title='bbox 2052 2521 2138 2597; x_wconf 75' lang='lat'>2²²,</span> <span class='ocrx_word' id='word_1_240' title='bbox 2167 2539 2216 2583; x_wconf 91' lang='lat' dir='ltr'>c.</span> <span class='ocrx_word' id='word_1_241' title='bbox 2262 2521 2385 2599; x_wconf 72' lang='lat'>13.)</span> <span class='ocrx_word' id='word_1_242' title='bbox 2416 2520 2520 2582; x_wconf 88' lang='lat' dir='ltr'>Sic</span> <span class='ocrx_word' id='word_1_243' title='bbox 2558 2530 2626 2582; x_wconf 93' lang='lat' dir='ltr'>ut</span> <span class='ocrx_word' id='word_1_244' title='bbox 2656 2520 3125 2582; x_wconf 76' lang='lat' dir='ltr'>commentitius</span> 
     </span>
     <span class='ocr_line' id='line_1_27' title="bbox 549 2599 3128 2681; baseline -0 -20"><span class='ocrx_word' id='word_1_245' title='bbox 549 2599 819 2663; x_wconf 87' lang='lat' dir='ltr'>babetur</span> <span class='ocrx_word' id='word_1_246' title='bbox 853 2602 1065 2681; x_wconf 88' lang='lat' dir='ltr'>lapsus</span> <span class='ocrx_word' id='word_1_247' title='bbox 1107 2620 1155 2664; x_wconf 89' lang='lat' dir='ltr'>s.</span> <span class='ocrx_word' id='word_1_248' title='bbox 1198 2602 1550 2664; x_wconf 84' lang='lat' dir='ltr'>Marcellini</span> <span class='ocrx_word' id='word_1_249' title='bbox 1598 2610 2133 2665; x_wconf 88' lang='lat' dir='ltr'>commemoratus</span> <span class='ocrx_word' id='word_1_250' title='bbox 2175 2601 2253 2663; x_wconf 73' lang='lat'>26</span> <span class='ocrx_word' id='word_1_251' title='bbox 2276 2601 2521 2679; x_wconf 87' lang='lat' dir='ltr'>aprilis.</span> <span class='ocrx_word' id='word_1_252' title='bbox 2549 2634 2628 2645; x_wconf 92' lang='lat'>-</span> <span class='ocrx_word' id='word_1_253' title='bbox 2674 2600 2739 2660; x_wconf 89' lang='lat' dir='ltr'>V.</span> <span class='ocrx_word' id='word_1_254' title='bbox 2772 2599 3128 2673; x_wconf 80' lang='lat' dir='ltr'>Tillemout,</span> 
     </span>
     <span class='ocr_line' id='line_1_28' title="bbox 543 2678 3119 2824; baseline -0.001 -81"><span class='ocrx_word' id='word_1_255' title='bbox 543 2679 785 2823; x_wconf 47' lang='lat' dir='ltr'>ffatallis</span> <span class='ocrx_word' id='word_1_256' title='bbox 848 2682 1234 2824; x_wconf 57' lang='lat' dir='ltr'>Altlutander,</span> <span class='ocrx_word' id='word_1_257' title='bbox 1302 2681 1637 2761; x_wconf 84' lang='lat' dir='ltr'>Sangallo,</span> <span class='ocrx_word' id='word_1_258' title='bbox 1699 2683 1915 2758; x_wconf 89' lang='lat' dir='ltr'>Noris,</span> <span class='ocrx_word' id='word_1_259' title='bbox 1978 2681 2151 2761; x_wconf 79' lang='lat' dir='ltr'>Pagi,</span> <span class='ocrx_word' id='word_1_260' title='bbox 2220 2681 2513 2761; x_wconf 80' lang='lat' dir='ltr'>Aguirre,</span> <span class='ocrx_word' id='word_1_261' title='bbox 2577 2681 2873 2757; x_wconf 87' lang='lat' dir='ltr'>Salzan0,</span> <span class='ocrx_word' id='word_1_262' title='bbox 2912 2678 3119 2761; x_wconf 12' lang='lat' dir='ltr'>*Pape-</span> 
     </span>
    </p>

    <p class='ocr_par' dir='ltr' id='par_1_6' title="bbox 590 2778 2321 2842">
     <span class='ocr_line' id='line_1_29' title="bbox 590 2778 2321 2842; baseline 0 -19"><span class='ocrx_word' id='word_1_263' title='bbox 590 2778 698 2825; x_wconf 89' lang='lat' dir='ltr'>roc</span> <span class='ocrx_word' id='word_1_264' title='bbox 752 2780 848 2826; x_wconf 81' lang='lat' dir='ltr'>ius</span> <span class='ocrx_word' id='word_1_265' title='bbox 894 2780 923 2824; x_wconf 90' lang='lat' dir='ltr'>a</span> <span class='ocrx_word' id='word_1_266' title='bbox 961 2781 1148 2842; x_wconf 85' lang='lat' dir='ltr'>uque.</span> <span class='ocrx_word' id='word_1_267' title='bbox 2314 2796 2321 2802; x_wconf 93' lang='lat'><em>-</em></span> 
     </span>
    </p>

    <p class='ocr_par' dir='ltr' id='par_1_7' title="bbox 515 2837 3135 4283">
     <span class='ocr_line' id='line_1_30' title="bbox 631 2837 3123 2922; baseline -0.001 -20"><span class='ocrx_word' id='word_1_268' title='bbox 631 2842 818 2903; x_wconf 68' lang='lat'>188.</span> <span class='ocrx_word' id='word_1_269' title='bbox 863 2841 1289 2913; x_wconf 66' lang='lat' dir='ltr'>Brevis-rii</span> <span class='ocrx_word' id='word_1_270' title='bbox 1350 2847 1999 2922; x_wconf 70' lang='lat' dir='ltr'>contemptores.</span> <span class='ocrx_word' id='word_1_271' title='bbox 2065 2842 2377 2906; x_wconf 86' lang='lat' dir='ltr'>Audiatur</span> <span class='ocrx_word' id='word_1_272' title='bbox 2435 2841 2632 2920; x_wconf 81' lang='lat' dir='ltr'>Stapf,</span> <span class='ocrx_word' id='word_1_273' title='bbox 2691 2841 2722 2921; x_wconf 70' lang='lat' dir='ltr'>S</span> <span class='ocrx_word' id='word_1_274' title='bbox 2767 2840 2925 2903; x_wconf 76' lang='lat'><strong>211:</strong></span> <span class='ocrx_word' id='word_1_275' title='bbox 2980 2864 3001 2895; x_wconf 75' lang='grc' dir='ltr'>ι</span> <span class='ocrx_word' id='word_1_276' title='bbox 3038 2837 3123 2901; x_wconf 81' lang='lat' dir='ltr'>Ex</span> 
     </span>
     <span class='ocr_line' id='line_1_31' title="bbox 547 2921 3122 3004; baseline -0.001 -20"><span class='ocrx_word' id='word_1_277' title='bbox 547 2937 819 2985; x_wconf 91' lang='lat' dir='ltr'>numero</span> <span class='ocrx_word' id='word_1_278' title='bbox 862 2940 1105 3000; x_wconf 90' lang='lat' dir='ltr'>eorum,</span> <span class='ocrx_word' id='word_1_279' title='bbox 1148 2928 1254 3004; x_wconf 90' lang='lat' dir='ltr'>qui</span> <span class='ocrx_word' id='word_1_280' title='bbox 1301 2923 1699 2985; x_wconf 85' lang='lat' dir='ltr'>Breviarium</span> <span class='ocrx_word' id='word_1_281' title='bbox 1747 2933 2190 2998; x_wconf 88' lang='lat' dir='ltr'>contemnunt,</span> <span class='ocrx_word' id='word_1_282' title='bbox 2234 2924 2342 2984; x_wconf 86' lang='lat' dir='ltr'>vix</span> <span class='ocrx_word' id='word_1_283' title='bbox 2404 2939 2602 2986; x_wconf 88' lang='lat' dir='ltr'>unum</span> <span class='ocrx_word' id='word_1_284' title='bbox 2670 2922 2959 2998; x_wconf 80' lang='lat' dir='ltr'>deteges,</span> <span class='ocrx_word' id='word_1_285' title='bbox 3064 2921 3122 2982; x_wconf 93' lang='lat' dir='ltr'>ui</span> 
     </span>
     <span class='ocr_line' id='line_1_32' title="bbox 546 2999 3123 3085; baseline -0.001 -22"><span class='ocrx_word' id='word_1_286' title='bbox 546 3000 693 3064; x_wconf 90' lang='lat' dir='ltr'>aliis</span> <span class='ocrx_word' id='word_1_287' title='bbox 738 3005 993 3083; x_wconf 86' lang='lat' dir='ltr'>pietatis</span> <span class='ocrx_word' id='word_1_288' title='bbox 1037 3004 1367 3067; x_wconf 87' lang='lat' dir='ltr'>exercitiis</span> <span class='ocrx_word' id='word_1_289' title='bbox 1408 3002 1633 3066; x_wconf 89' lang='lat' dir='ltr'>sedulo</span> <span class='ocrx_word' id='word_1_290' title='bbox 1680 3003 2026 3067; x_wconf 80' lang='lat' dir='ltr'>incumbat.</span> <span class='ocrx_word' id='word_1_291' title='bbox 2073 3003 2368 3085; x_wconf 88' lang='lat' dir='ltr'>Plerique</span> <span class='ocrx_word' id='word_1_292' title='bbox 2399 3003 2532 3081; x_wconf 90' lang='lat' dir='ltr'>jam</span> <span class='ocrx_word' id='word_1_293' title='bbox 2572 3018 2683 3081; x_wconf 88' lang='lat' dir='ltr'>per</span> <span class='ocrx_word' id='word_1_294' title='bbox 2727 2999 2992 3065; x_wconf 77' lang='lat' dir='ltr'>exitiale</span> <span class='ocrx_word' id='word_1_295' title='bbox 3052 3003 3123 3061; x_wconf 85' lang='lat' dir='ltr'>ri·</span> 
     </span>
     <span class='ocr_line' id='line_1_33' title="bbox 547 3082 3127 3165; baseline -0.002 -21"><span class='ocrx_word' id='word_1_296' title='bbox 547 3098 689 3160; x_wconf 79' lang='lat' dir='ltr'>gns,</span> <span class='ocrx_word' id='word_1_297' title='bbox 737 3101 861 3164; x_wconf 91' lang='lat' dir='ltr'>quo</span> <span class='ocrx_word' id='word_1_298' title='bbox 905 3086 1309 3150; x_wconf 83' lang='lat' dir='ltr'>tremendum</span> <span class='ocrx_word' id='word_1_299' title='bbox 1347 3084 1749 3147; x_wconf 81' lang='lat' dir='ltr'>Sacrificium</span> <span class='ocrx_word' id='word_1_300' title='bbox 1792 3082 2045 3165; x_wconf 87' lang='lat' dir='ltr'>aliaque</span> <span class='ocrx_word' id='word_1_301' title='bbox 2088 3083 2443 3162; x_wconf 83' lang='lat' dir='ltr'>Religionis</span> <span class='ocrx_word' id='word_1_302' title='bbox 2481 3083 2785 3162; x_wconf 74' lang='lat' dir='ltr'>mysteria</span> <span class='ocrx_word' id='word_1_303' title='bbox 2836 3088 3127 3155; x_wconf 86' lang='lat' dir='ltr'>tractant,</span> 
     </span>
     <span class='ocr_line' id='line_1_34' title="bbox 548 3159 3121 3245; baseline -0.001 -21"><span class='ocrx_word' id='word_1_304' title='bbox 548 3164 820 3227; x_wconf 90' lang='lat' dir='ltr'>nimium</span> <span class='ocrx_word' id='word_1_305' title='bbox 858 3178 1166 3245; x_wconf 85' lang='lat' dir='ltr'>quantum</span> <span class='ocrx_word' id='word_1_306' title='bbox 1218 3165 1515 3243; x_wconf 88' lang='lat' dir='ltr'>produnt,</span> <span class='ocrx_word' id='word_1_307' title='bbox 1553 3180 1685 3243; x_wconf 86' lang='lat' dir='ltr'>quo</span> <span class='ocrx_word' id='word_1_308' title='bbox 1729 3166 1964 3244; x_wconf 89' lang='lat' dir='ltr'>spiritu</span> <span class='ocrx_word' id='word_1_309' title='bbox 2007 3166 2237 3228; x_wconf 84' lang='lat' dir='ltr'>imbuti</span> <span class='ocrx_word' id='word_1_310' title='bbox 2285 3165 2449 3227; x_wconf 80' lang='lat' dir='ltr'>sinti</span> <span class='ocrx_word' id='word_1_311' title='bbox 2498 3162 2669 3226; x_wconf 82' lang='lat' dir='ltr'>Idem</span> <span class='ocrx_word' id='word_1_312' title='bbox 2715 3163 2795 3226; x_wconf 89' lang='lat' dir='ltr'>de</span> <span class='ocrx_word' id='word_1_313' title='bbox 2844 3159 2994 3237; x_wconf 88' lang='lat' dir='ltr'>illis,</span> <span class='ocrx_word' id='word_1_314' title='bbox 3021 3161 3121 3238; x_wconf 88' lang='lat' dir='ltr'>qui</span> 
     </span>
     <span class='ocr_line' id='line_1_35' title="bbox 548 3241 3127 3325; baseline -0.001 -21"><span class='ocrx_word' id='word_1_315' title='bbox 548 3242 625 3305; x_wconf 85' lang='lat' dir='ltr'>ad</span> <span class='ocrx_word' id='word_1_316' title='bbox 675 3246 1035 3309; x_wconf 82' lang='lat' dir='ltr'>recitandas</span> <span class='ocrx_word' id='word_1_317' title='bbox 1079 3247 1278 3309; x_wconf 87' lang='lat' dir='ltr'>Horas</span> <span class='ocrx_word' id='word_1_318' title='bbox 1323 3253 1571 3324; x_wconf 89' lang='lat' dir='ltr'>tempus</span> <span class='ocrx_word' id='word_1_319' title='bbox 1613 3244 1732 3307; x_wconf 90' lang='lat' dir='ltr'>sibi</span> <span class='ocrx_word' id='word_1_320' title='bbox 1781 3246 2004 3309; x_wconf 88' lang='lat' dir='ltr'>deesse</span> <span class='ocrx_word' id='word_1_321' title='bbox 2048 3246 2246 3325; x_wconf 88' lang='lat' dir='ltr'>ajunt.</span> <span class='ocrx_word' id='word_1_322' title='bbox 2293 3244 2455 3307; x_wconf 89' lang='lat' dir='ltr'>Hinc</span> <span class='ocrx_word' id='word_1_323' title='bbox 2504 3243 2653 3307; x_wconf 91' lang='lat' dir='ltr'>inde</span> <span class='ocrx_word' id='word_1_324' title='bbox 2683 3242 2949 3323; x_wconf 85' lang='lat' dir='ltr'>quidem</span> <span class='ocrx_word' id='word_1_325' title='bbox 2993 3241 3127 3304; x_wconf 81' lang='lat' dir='ltr'>fieri</span> 
     </span>
     <span class='ocr_line' id='line_1_36' title="bbox 515 3324 3130 3407; baseline -0 -22"><span class='ocrx_word' id='word_1_326' title='bbox 515 3356 524 3365; x_wconf 86' lang='lat'>·</span> <span class='ocrx_word' id='word_1_327' title='bbox 549 3331 780 3402; x_wconf 87' lang='lat' dir='ltr'>potest,</span> <span class='ocrx_word' id='word_1_328' title='bbox 832 3337 899 3389; x_wconf 91' lang='lat' dir='ltr'>ut</span> <span class='ocrx_word' id='word_1_329' title='bbox 941 3328 1023 3388; x_wconf 91' lang='lat' dir='ltr'>ob</span> <span class='ocrx_word' id='word_1_330' title='bbox 1065 3328 1549 3404; x_wconf 83' lang='lat' dir='ltr'>congeminatos</span> <span class='ocrx_word' id='word_1_331' title='bbox 1593 3324 1845 3389; x_wconf 86' lang='lat' dir='ltr'>labores</span> <span class='ocrx_word' id='word_1_332' title='bbox 1892 3329 2001 3390; x_wconf 85' lang='lat' dir='ltr'>vix</span> <span class='ocrx_word' id='word_1_333' title='bbox 2044 3325 2286 3407; x_wconf 87' lang='lat' dir='ltr'>aliquid</span> <span class='ocrx_word' id='word_1_334' title='bbox 2314 3326 2638 3405; x_wconf 89' lang='lat' dir='ltr'>.temporis</span> <span class='ocrx_word' id='word_1_335' title='bbox 2684 3324 3001 3403; x_wconf 85' lang='lat' dir='ltr'>supersit:</span> <span class='ocrx_word' id='word_1_336' title='bbox 3037 3330 3130 3384; x_wconf 85' lang='lat' dir='ltr'>ast</span> 
     </span>
     <span class='ocr_line' id='line_1_37' title="bbox 548 3402 3129 3486; baseline -0.001 -21"><span class='ocrx_word' id='word_1_337' title='bbox 548 3404 975 3483; x_wconf 83' lang='lat' dir='ltr'>mentiuntur,</span> <span class='ocrx_word' id='word_1_338' title='bbox 1017 3409 1123 3485; x_wconf 86' lang='lat' dir='ltr'>qui</span> <span class='ocrx_word' id='word_1_339' title='bbox 1169 3407 1528 3485; x_wconf 81' lang='lat' dir='ltr'>generatim</span> <span class='ocrx_word' id='word_1_340' title='bbox 1571 3404 1821 3469; x_wconf 90' lang='lat' dir='ltr'>nullum</span> <span class='ocrx_word' id='word_1_341' title='bbox 1866 3407 1987 3470; x_wconf 89' lang='lat' dir='ltr'>sibi</span> <span class='ocrx_word' id='word_1_342' title='bbox 2026 3416 2274 3486; x_wconf 87' lang='lat' dir='ltr'>tempus</span> <span class='ocrx_word' id='word_1_343' title='bbox 2304 3414 2646 3486; x_wconf 84' lang='lat' dir='ltr'>suppetere</span> <span class='ocrx_word' id='word_1_344' title='bbox 2683 3402 3129 3483; x_wconf 79' lang='lat' dir='ltr'>praetendunt3</span> 
     </span>
     <span class='ocr_line' id='line_1_38' title="bbox 549 3481 3125 3568; baseline -0.001 -23"><span class='ocrx_word' id='word_1_345' title='bbox 549 3485 658 3564; x_wconf 91' lang='lat' dir='ltr'>qui</span> <span class='ocrx_word' id='word_1_346' title='bbox 705 3489 875 3549; x_wconf 89' lang='lat' dir='ltr'>enim</span> <span class='ocrx_word' id='word_1_347' title='bbox 942 3489 1390 3567; x_wconf 80' lang='lat' dir='ltr'>occupationes</span> <span class='ocrx_word' id='word_1_348' title='bbox 1433 3496 1498 3550; x_wconf 90' lang='lat' dir='ltr'>et</span> <span class='ocrx_word' id='word_1_349' title='bbox 1541 3503 1645 3550; x_wconf 90' lang='lat' dir='ltr'>res</span> <span class='ocrx_word' id='word_1_350' title='bbox 1688 3503 1836 3551; x_wconf 83' lang='lat' dir='ltr'>suas</span> <span class='ocrx_word' id='word_1_351' title='bbox 1900 3496 2046 3567; x_wconf 89' lang='lat' dir='ltr'>apte</span> <span class='ocrx_word' id='word_1_352' title='bbox 2091 3488 2400 3565; x_wconf 86' lang='lat' dir='ltr'>disponit,</span> <span class='ocrx_word' id='word_1_353' title='bbox 2442 3496 2632 3568; x_wconf 82' lang='lat' dir='ltr'>atque</span> <span class='ocrx_word' id='word_1_354' title='bbox 2678 3495 2971 3564; x_wconf 87' lang='lat' dir='ltr'>tempore</span> <span class='ocrx_word' id='word_1_355' title='bbox 3008 3481 3125 3544; x_wconf 81' lang='lat' dir='ltr'>sibi</span> 
     </span>
     <span class='ocr_line' id='line_1_39' title="bbox 549 3562 3128 3646; baseline -0.001 -20"><span class='ocrx_word' id='word_1_356' title='bbox 549 3579 853 3629; x_wconf 87' lang='lat' dir='ltr'>concesso</span> <span class='ocrx_word' id='word_1_357' title='bbox 890 3569 1241 3646; x_wconf 84' lang='lat' dir='ltr'>prudenter</span> <span class='ocrx_word' id='word_1_358' title='bbox 1288 3570 1509 3643; x_wconf 90' lang='lat' dir='ltr'>utitur,</span> <span class='ocrx_word' id='word_1_359' title='bbox 1550 3575 1726 3629; x_wconf 87' lang='lat' dir='ltr'>certe</span> <span class='ocrx_word' id='word_1_360' title='bbox 1756 3568 1950 3631; x_wconf 87' lang='lat' dir='ltr'>etiam</span> <span class='ocrx_word' id='word_1_361' title='bbox 1995 3567 2070 3630; x_wconf 89' lang='lat' dir='ltr'>ad</span> <span class='ocrx_word' id='word_1_362' title='bbox 2119 3568 2516 3630; x_wconf 85' lang='lat' dir='ltr'>Breviarium</span> <span class='ocrx_word' id='word_1_363' title='bbox 2584 3576 2729 3644; x_wconf 83' lang='lat' dir='ltr'>apta</span> <span class='ocrx_word' id='word_1_364' title='bbox 2773 3563 2978 3643; x_wconf 86' lang='lat' dir='ltr'>spatia</span> <span class='ocrx_word' id='word_1_365' title='bbox 3023 3562 3128 3625; x_wconf 86' lang='lat' dir='ltr'>ha·</span> 
     </span>
     <span class='ocr_line' id='line_1_40' title="bbox 549 3643 3135 3728; baseline -0.002 -21"><span class='ocrx_word' id='word_1_366' title='bbox 549 3645 757 3709; x_wconf 87' lang='lat' dir='ltr'>bebit:</span> <span class='ocrx_word' id='word_1_367' title='bbox 806 3648 864 3711; x_wconf 87' lang='lat' dir='ltr'>id</span> <span class='ocrx_word' id='word_1_368' title='bbox 912 3650 1078 3727; x_wconf 88' lang='lat' dir='ltr'>quod</span> <span class='ocrx_word' id='word_1_369' title='bbox 1125 3652 1521 3728; x_wconf 86' lang='lat' dir='ltr'>experientia</span> <span class='ocrx_word' id='word_1_370' title='bbox 1567 3654 1720 3711; x_wconf 81' lang='lat' dir='ltr'>satis</span> <span class='ocrx_word' id='word_1_371' title='bbox 1751 3649 2108 3711; x_wconf 78' lang='lat' dir='ltr'>confirmat.</span> <span class='ocrx_word' id='word_1_372' title='bbox 2152 3648 2289 3710; x_wconf 86' lang='lat' dir='ltr'>Viri</span> <span class='ocrx_word' id='word_1_373' title='bbox 2336 3647 2605 3722; x_wconf 88' lang='lat' dir='ltr'>cordati,</span> <span class='ocrx_word' id='word_1_374' title='bbox 2642 3645 2793 3708; x_wconf 86' lang='lat' dir='ltr'>licet</span> <span class='ocrx_word' id='word_1_375' title='bbox 2838 3643 3135 3723; x_wconf 85' lang='lat' dir='ltr'>plurimis</span> 
     </span>
     <span class='ocr_line' id='line_1_41' title="bbox 548 3722 3133 3808; baseline -0.002 -20"><span class='ocrx_word' id='word_1_376' title='bbox 548 3730 827 3805; x_wconf 81' lang='lat' dir='ltr'>negotiis</span> <span class='ocrx_word' id='word_1_377' title='bbox 890 3739 1314 3808; x_wconf 82' lang='lat' dir='ltr'>occupentur,</span> <span class='ocrx_word' id='word_1_378' title='bbox 1380 3745 1525 3792; x_wconf 85' lang='lat' dir='ltr'>raro</span> <span class='ocrx_word' id='word_1_379' title='bbox 1589 3737 1806 3792; x_wconf 88' lang='lat' dir='ltr'>tamen</span> <span class='ocrx_word' id='word_1_380' title='bbox 1870 3737 2402 3807; x_wconf 74' lang='lat' dir='ltr'>conqueruntur,</span> <span class='ocrx_word' id='word_1_381' title='bbox 2472 3743 2613 3791; x_wconf 88' lang='lat' dir='ltr'>sese</span> <span class='ocrx_word' id='word_1_382' title='bbox 2680 3727 2761 3788; x_wconf 90' lang='lat' dir='ltr'>ad</span> <span class='ocrx_word' id='word_1_383' title='bbox 2826 3722 3133 3787; x_wconf 84' lang='lat' dir='ltr'>dicendas</span> 
     </span>
     <span class='ocr_line' id='line_1_42' title="bbox 549 3801 3128 3889; baseline -0.002 -20"><span class='ocrx_word' id='word_1_384' title='bbox 549 3806 751 3870; x_wconf 88' lang='lat' dir='ltr'>Horas</span> <span class='ocrx_word' id='word_1_385' title='bbox 795 3813 1157 3874; x_wconf 80' lang='lat' dir='ltr'>necessario</span> <span class='ocrx_word' id='word_1_386' title='bbox 1219 3820 1504 3889; x_wconf 88' lang='lat' dir='ltr'>tempore</span> <span class='ocrx_word' id='word_1_387' title='bbox 1548 3808 1848 3883; x_wconf 83' lang='lat' dir='ltr'>destitui3</span> <span class='ocrx_word' id='word_1_388' title='bbox 1910 3818 2133 3873; x_wconf 89' lang='lat' dir='ltr'>contra</span> <span class='ocrx_word' id='word_1_389' title='bbox 2196 3811 2304 3889; x_wconf 86' lang='lat' dir='ltr'>qui</span> <span class='ocrx_word' id='word_1_390' title='bbox 2373 3810 2543 3871; x_wconf 87' lang='lat' dir='ltr'>bunc</span> <span class='ocrx_word' id='word_1_391' title='bbox 2605 3807 2915 3884; x_wconf 85' lang='lat' dir='ltr'>temporis</span> <span class='ocrx_word' id='word_1_392' title='bbox 2957 3801 3128 3869; x_wconf 76' lang='lat' dir='ltr'>deie-</span> 
     </span>
     <span class='ocr_line' id='line_1_43' title="bbox 549 3885 3132 3970; baseline -0.002 -20"><span class='ocrx_word' id='word_1_393' title='bbox 549 3896 720 3951; x_wconf 89' lang='lat' dir='ltr'>ctum</span> <span class='ocrx_word' id='word_1_394' title='bbox 764 3889 1144 3965; x_wconf 89' lang='lat' dir='ltr'>obtendunt,</span> <span class='ocrx_word' id='word_1_395' title='bbox 1188 3892 1563 3970; x_wconf 81' lang='lat' dir='ltr'>plerumque</span> <span class='ocrx_word' id='word_1_396' title='bbox 1607 3905 1723 3969; x_wconf 87' lang='lat' dir='ltr'>per</span> <span class='ocrx_word' id='word_1_397' title='bbox 1767 3906 2061 3969; x_wconf 83' lang='lat' dir='ltr'>magnam</span> <span class='ocrx_word' id='word_1_398' title='bbox 2126 3890 2255 3952; x_wconf 89' lang='lat' dir='ltr'>diei</span> <span class='ocrx_word' id='word_1_399' title='bbox 2302 3898 2548 3968; x_wconf 77' lang='lat' dir='ltr'>partem</span> <span class='ocrx_word' id='word_1_400' title='bbox 2594 3887 2691 3948; x_wconf 90' lang='lat' dir='ltr'>vel</span> <span class='ocrx_word' id='word_1_401' title='bbox 2738 3885 2925 3948; x_wconf 86' lang='lat' dir='ltr'>vanis</span> <span class='ocrx_word' id='word_1_402' title='bbox 2985 3898 3132 3946; x_wconf 88' lang='lat' dir='ltr'>con·</span> 
     </span>
     <span class='ocr_line' id='line_1_44' title="bbox 550 3963 3132 4050; baseline -0.002 -21"><span class='ocrx_word' id='word_1_403' title='bbox 550 3967 1059 4034; x_wconf 79' lang='lat' dir='ltr'>fabulationibus</span> <span class='ocrx_word' id='word_1_404' title='bbox 1104 3973 1466 4050; x_wconf 82' lang='lat' dir='ltr'>indulgent,</span> <span class='ocrx_word' id='word_1_405' title='bbox 1507 3970 1606 4033; x_wconf 89' lang='lat' dir='ltr'>vel</span> <span class='ocrx_word' id='word_1_406' title='bbox 1647 3972 1711 4032; x_wconf 91' lang='lat' dir='ltr'>in</span> <span class='ocrx_word' id='word_1_407' title='bbox 1761 3971 2013 4049; x_wconf 88' lang='lat' dir='ltr'>popinis</span> <span class='ocrx_word' id='word_1_408' title='bbox 2057 3978 2557 4045; x_wconf 89' lang='lat' dir='ltr'>commorantur,</span> <span class='ocrx_word' id='word_1_409' title='bbox 2594 3967 2693 4030; x_wconf 85' lang='lat' dir='ltr'>vel</span> <span class='ocrx_word' id='word_1_410' title='bbox 2739 3981 2870 4029; x_wconf 92' lang='lat' dir='ltr'>non</span> <span class='ocrx_word' id='word_1_411' title='bbox 2910 3963 3132 4026; x_wconf 77' lang='lat' dir='ltr'>solidae</span> 
     </span>
     <span class='ocr_line' id='line_1_45' title="bbox 549 4043 3128 4136; baseline -0.002 -26"><span class='ocrx_word' id='word_1_412' title='bbox 549 4048 882 4125; x_wconf 82' lang='lat' dir='ltr'>doctrinae,</span> <span class='ocrx_word' id='word_1_413' title='bbox 930 4054 1037 4116; x_wconf 89' lang='lat' dir='ltr'>sed</span> <span class='ocrx_word' id='word_1_414' title='bbox 1086 4053 1358 4115; x_wconf 85' lang='lat' dir='ltr'>novellis</span> <span class='ocrx_word' id='word_1_415' title='bbox 1423 4051 1800 4130; x_wconf 86' lang='lat' dir='ltr'>levibusque</span> <span class='ocrx_word' id='word_1_416' title='bbox 1868 4049 2350 4130; x_wconf 87' lang='lat' dir='ltr'>scriptiunculis</span> <span class='ocrx_word' id='word_1_417' title='bbox 2415 4058 2662 4124; x_wconf 88' lang='lat' dir='ltr'>vacant,</span> <span class='ocrx_word' id='word_1_418' title='bbox 2719 4043 3128 4136; x_wconf 70' lang='lat' dir='ltr'>quibussola</span> 
     </span>
     <span class='ocr_line' id='line_1_46' title="bbox 551 4125 3127 4275; baseline -0.002 -84"><span class='ocrx_word' id='word_1_419' title='bbox 551 4130 692 4192; x_wconf 79' lang='lat' dir='ltr'>tere</span> <span class='ocrx_word' id='word_1_420' title='bbox 753 4134 1088 4275; x_wconf 41' lang='lat' dir='ltr'>curgositas</span> <span class='ocrx_word' id='word_1_421' title='bbox 1152 4135 1436 4196; x_wconf 89' lang='lat' dir='ltr'>nutritur</span> <span class='ocrx_word' id='word_1_422' title='bbox 1500 4140 1611 4195; x_wconf 86' lang='lat' dir='ltr'>aut</span> <span class='ocrx_word' id='word_1_423' title='bbox 1668 4134 2002 4212; x_wconf 77' lang='lat' dir='ltr'>phantasia</span> <span class='ocrx_word' id='word_1_424' title='bbox 2048 4132 2403 4197; x_wconf 87' lang='lat' dir='ltr'>incalescit.</span> <span class='ocrx_word' id='word_1_425' title='bbox 2447 4156 2469 4184; x_wconf 73' lang='grc' dir='ltr'><strong>ι</strong></span> <span class='ocrx_word' id='word_1_426' title='bbox 2555 4129 2840 4193; x_wconf 82' lang='lat' dir='ltr'>veritate</span> <span class='ocrx_word' id='word_1_427' title='bbox 2889 4125 3127 4205; x_wconf 81' lang='lat' dir='ltr'>plenis-</span> 
     </span>
     <span class='ocr_line' id='line_1_47' title="bbox 548 4211 2679 4283; baseline 0 -11"><span class='ocrx_word' id='word_1_428' title='bbox 548 4211 706 4273; x_wconf 90' lang='lat' dir='ltr'>sima</span> <span class='ocrx_word' id='word_1_429' title='bbox 749 4227 861 4274; x_wconf 90' lang='lat' dir='ltr'>ver</span> <span class='ocrx_word' id='word_1_430' title='bbox 908 4215 983 4275; x_wconf 88' lang='lat' dir='ltr'>al</span> <span class='ocrx_word' id='word_1_431' title='bbox 2670 4272 2679 4283; x_wconf 64' lang='grc'>,</span> 
     </span>
    </p>

    <p class='ocr_par' dir='ltr' id='par_1_8' title="bbox 545 4285 3132 4693">
     <span class='ocr_line' id='line_1_48' title="bbox 631 4285 3130 4380; baseline -0.003 -28"><span class='ocrx_word' id='word_1_432' title='bbox 631 4288 861 4370; x_wconf 88' lang='lat' dir='ltr'>Utique</span> <span class='ocrx_word' id='word_1_433' title='bbox 903 4310 1065 4359; x_wconf 87' lang='lat' dir='ltr'>onus</span> <span class='ocrx_word' id='word_1_434' title='bbox 1107 4301 1204 4356; x_wconf 90' lang='lat' dir='ltr'>est</span> <span class='ocrx_word' id='word_1_435' title='bbox 1245 4293 1668 4367; x_wconf 76' lang='lat' dir='ltr'>Breviorium‚</span> <span class='ocrx_word' id='word_1_436' title='bbox 1707 4295 1759 4355; x_wconf 87' lang='lat' dir='ltr'>si</span> <span class='ocrx_word' id='word_1_437' title='bbox 1800 4292 2066 4372; x_wconf 83' lang='lat' dir='ltr'>-placet;</span> <span class='ocrx_word' id='word_1_438' title='bbox 2122 4293 2232 4355; x_wconf 88' lang='lat' dir='ltr'>sed</span> <span class='ocrx_word' id='word_1_439' title='bbox 2302 4291 2427 4353; x_wconf 89' lang='lat' dir='ltr'>tale</span> <span class='ocrx_word' id='word_1_440' title='bbox 2473 4307 2633 4353; x_wconf 86' lang='lat' dir='ltr'>onus</span> <span class='ocrx_word' id='word_1_441' title='bbox 2696 4289 2802 4380; x_wconf 86' lang='lat' dir='ltr'>qui</span> <span class='ocrx_word' id='word_1_442' title='bbox 2852 4285 3130 4350; x_wconf 87' lang='lat' dir='ltr'>sustinet</span> 
     </span>
     <span class='ocr_line' id='line_1_49' title="bbox 551 4364 3132 4453; baseline -0.002 -21"><span class='ocrx_word' id='word_1_443' title='bbox 551 4373 764 4434; x_wconf 89' lang='lat' dir='ltr'>omnia</span> <span class='ocrx_word' id='word_1_444' title='bbox 811 4390 1042 4435; x_wconf 88' lang='lat' dir='ltr'>onera:</span> <span class='ocrx_word' id='word_1_445' title='bbox 1086 4375 1402 4453; x_wconf 85' lang='lat' dir='ltr'>siquidem</span> <span class='ocrx_word' id='word_1_446' title='bbox 1444 4374 1619 4453; x_wconf 84' lang='lat' dir='ltr'>jugis</span> <span class='ocrx_word' id='word_1_447' title='bbox 1663 4386 1761 4437; x_wconf 88' lang='lat' dir='ltr'>est</span> <span class='ocrx_word' id='word_1_448' title='bbox 1802 4375 2008 4436; x_wconf 89' lang='lat' dir='ltr'>oratio</span> <span class='ocrx_word' id='word_1_449' title='bbox 2055 4376 2249 4437; x_wconf 89' lang='lat' dir='ltr'>totius</span> <span class='ocrx_word' id='word_1_450' title='bbox 2291 4371 2595 4434; x_wconf 74' lang='lat' dir='ltr'>Ecclesiae</span> <span class='ocrx_word' id='word_1_451' title='bbox 2641 4369 2905 4430; x_wconf 90' lang='lat' dir='ltr'>nomine</span> <span class='ocrx_word' id='word_1_452' title='bbox 2950 4364 3132 4439; x_wconf 80' lang='lat' dir='ltr'>facta,</span> 
     </span>
     <span class='ocr_line' id='line_1_50' title="bbox 545 4445 3128 4535; baseline -0.002 -22"><span class='ocrx_word' id='word_1_453' title='bbox 545 4460 616 4514; x_wconf 82' lang='lat' dir='ltr'>et</span> <span class='ocrx_word' id='word_1_454' title='bbox 657 4451 916 4514; x_wconf 85' lang='lat' dir='ltr'>Domini</span> <span class='ocrx_word' id='word_1_455' title='bbox 957 4455 1170 4517; x_wconf 84' lang='lat' dir='ltr'>verbis</span> <span class='ocrx_word' id='word_1_456' title='bbox 1214 4473 1292 4517; x_wconf 82' lang='lat' dir='ltr'>ex</span> <span class='ocrx_word' id='word_1_457' title='bbox 1327 4472 1553 4535; x_wconf 66' lang='lat' dir='ltr'>magna</span> <span class='ocrx_word' id='word_1_458' title='bbox 1603 4467 1783 4534; x_wconf 86' lang='lat' dir='ltr'>parte</span> <span class='ocrx_word' id='word_1_459' title='bbox 1846 4458 2217 4532; x_wconf 87' lang='lat' dir='ltr'>composita.</span> <span class='ocrx_word' id='word_1_460' title='bbox 2280 4451 2375 4514; x_wconf 91' lang='lat' dir='ltr'>Sit</span> <span class='ocrx_word' id='word_1_461' title='bbox 2417 4468 2570 4529; x_wconf 84' lang='lat' dir='ltr'>ergo</span> <span class='ocrx_word' id='word_1_462' title='bbox 2616 4448 2783 4528; x_wconf 89' lang='lat' dir='ltr'>quod</span> <span class='ocrx_word' id='word_1_463' title='bbox 2829 4445 3128 4511; x_wconf 80' lang='lat' dir='ltr'>Officium</span> 
     </span>
     <span class='ocr_line' id='line_1_51' title="bbox 545 4525 3129 4611; baseline -0.001 -18"><span class='ocrx_word' id='word_1_464' title='bbox 545 4534 970 4607; x_wconf 87' lang='lat' dir='ltr'>oneret;.sed</span> <span class='ocrx_word' id='word_1_465' title='bbox 1017 4546 1246 4597; x_wconf 88' lang='lat' dir='ltr'>onerat</span> <span class='ocrx_word' id='word_1_466' title='bbox 1288 4553 1425 4611; x_wconf 90' lang='lat' dir='ltr'>nos,</span> <span class='ocrx_word' id='word_1_467' title='bbox 1466 4539 1633 4599; x_wconf 84' lang='lat' dir='ltr'>sicut</span> <span class='ocrx_word' id='word_1_468' title='bbox 1668 4544 1941 4598; x_wconf 83' lang='lat' dir='ltr'>onerant</span> <span class='ocrx_word' id='word_1_469' title='bbox 1974 4535 2091 4597; x_wconf 68' lang='lat' dir='ltr'>alas</span> <span class='ocrx_word' id='word_1_470' title='bbox 2122 4551 2294 4608; x_wconf 73' lang='lat' dir='ltr'>aveS,</span> <span class='ocrx_word' id='word_1_471' title='bbox 2324 4541 2481 4595; x_wconf 84' lang='lat' dir='ltr'>rotae</span> <span class='ocrx_word' id='word_1_472' title='bbox 2512 4545 2785 4607; x_wconf 84' lang='lat' dir='ltr'>carrum,</span> <span class='ocrx_word' id='word_1_473' title='bbox 2828 4525 3129 4592; x_wconf 82' lang='lat' dir='ltr'>baculum</span> 
     </span>
     <span class='ocr_line' id='line_1_52' title="bbox 551 4615 2569 4693; baseline -0.002 -14"><span class='ocrx_word' id='word_1_474' title='bbox 551 4628 770 4679; x_wconf 82' lang='lat' dir='ltr'>senem</span> <span class='ocrx_word' id='word_1_475' title='bbox 813 4622 880 4676; x_wconf 90' lang='lat' dir='ltr'>et</span> <span class='ocrx_word' id='word_1_476' title='bbox 921 4616 1356 4692; x_wconf 74' lang='lat' dir='ltr'>peregrinum,</span> <span class='ocrx_word' id='word_1_477' title='bbox 1403 4616 1533 4679; x_wconf 86' lang='lat' dir='ltr'>vela</span> <span class='ocrx_word' id='word_1_478' title='bbox 1583 4632 1833 4692; x_wconf 84' lang='lat' dir='ltr'>navem,</span> <span class='ocrx_word' id='word_1_479' title='bbox 1874 4615 2191 4681; x_wconf 83' lang='lat' dir='ltr'>medicina</span> <span class='ocrx_word' id='word_1_480' title='bbox 2238 4621 2569 4693; x_wconf 77' lang='lat' dir='ltr'>aegrotum.</span> 
     </span>
    </p>
   </div>
  </div>
 </body>
</html>
