3292 5167
447 241 579 308 376
1444 260 1560 307 ms.
1610 257 1676 306 11.
1723 261 1936 308 ‘raama
1981 257 2063 306 vi.

526 363 762 426 Verum
805 361 976 442 (lege
1021 362 1290 440 positiva
1348 362 1628 441 seclusa)
1671 360 1843 442 Gury
1887 361 2076 424 docet
2117 361 2212 423 uti
2259 358 2655 440 probabilius
2687 375 2834 422 enm
2860 406 2878 434 ‚
2926 360 3038 439 qui

448 442 688 506 librum
735 445 900 522 typis
947 442 1193 520 edidit,
1238 460 1365 505 non
1414 443 1656 510 babere
1695 443 1798 521 jtis
1845 442 2282 521 impediendi,
2328 458 2410 503 ne
2452 441 2784 520 quisquam
2854 438 3040 503 illum

450 524 648 604 praelo
693 525 1069 595 committat,
1113 533 1178 585 et
1220 522 1459 586 vendat
1502 540 1644 586 cum
1692 524 1926 585 damno
1969 524 2269 597 auctoris,
2313 521 2740 584 aut'editoris
2785 523 2886 583 cui
2935 537 3038 583 au·

448 614 585 666 ctor
625 604 730 682 J'us
774 620 958 666 suum
1013 605 1423 680 transmittit3
1472 620 1619 665 nam
1667 620 1770 665 res
1816 619 1878 665 in
1927 604 2452 664 communitatem
2525 601 2758 662 tradita
2825 601 2900 663 iit
2962 617 3040 663 eo

455 686 593 763 ipso
638 684 716 746 de
745 685 898 746 Jure
943 684 1305 745 communi:
1351 693 1416 745 et
1459 685 1544 745 ita
1593 701 1743 746 usus
1788 700 1854 745 se
1899 684 2093 746 babet
2138 683 2390 762 ubique.
2436 681 2653 744 Violat
2691 693 2902 744 tamen
2931 680 3038 760 jus

451 765 738 827 alienum
783 775 846 827 et
896 774 1151 845 tenetur
1197 765 1277 826 de
1324 765 1735 826 restitutione
1777 765 1885 842 qui
1932 781 2091 842 opus
2133 764 2642 840 manuscriptum
2687 765 2832 822 sine
2896 778 3040 824 con·

447 862 642 907 sensu
709 847 988 908 auctoris
1055 849 1219 925 typis
1284 844 1575 924 evulgat3
1637 860 1782 907 nam
1843 860 2002 921 opus
2068 843 2354 922 quandiu
2401 845 2465 904 in
2514 843 2720 906 lucem
2769 858 2895 902 non
2942 849 3042 905 est

446 927 775 1005 emissum,
822 926 938 987 sub
983 925 1269 986 dominio
1313 926 1594 988 auctoris
1638 935 1947 988 remanet.
1995 924 2168 987 ldem
2212 922 2553 987 dicendum
2590 926 2644 984 si
2682 925 2824 1001 quis
2873 926 3044 1001 typis

448 1007 632 1069 daret
679 1006 988 1069 lectiones
1036 1005 1318 1083 publicas
1360 1006 1633 1084 alicujus
1678 1005 2084 1084 professoris,
2137 1005 2234 1066 vel
2280 1005 2657 1065 concionem
2729 1005 3042 1079 oratoriS‚

448 1089 504 1149 si
560 1103 668 1148 eas
711 1086 1033 1148 audiendo
1077 1086 1381 1148 memoria
1431 1087 1732 1147 tenuerit.
1776 1084 1960 1147 Aliud
2009 1085 2184 1147 enim
2227 1093 2344 1155 est,
2391 1085 2555 1162 quod
2600 1084 2742 1163 quis
2786 1082 3042 1159 publice

447 1167 677 1229 doceat
721 1179 831 1229 aut
874 1168 1336 1239 concionetur,
1384 1165 1555 1228 aliud
1604 1165 1770 1244 quod
1821 1181 1982 1244 opus
2025 1181 2211 1227 suum
2254 1165 2440 1227 alteri
2506 1168 2900 1226 transmittat
2959 1163 3040 1225 ad

449 1247 612 1310 illud
660 1247 979 1309 edendum
1025 1256 1090 1309 et
1132 1264 1169 1306 v
1217 1245 1562 1309 ndendum.
1612 1247 1700 1309 lta
1743 1246 2062 1325 judicavit
2090 1244 2401 1308 Tribunal
2444 1245 2906 1324 Appellationis
2935 1243 3042 1306 Pa·

448 1330 724 1391 risiense
772 1328 877 1389 die
938 1327 1018 1389 28
1074 1326 1177 1388 feb
1220 1374 1232 1389 .
1278 1342 1448 1388 anno
1496 1327 1671 1391 180¹.
1716 1325 1929 1400 Quoad
1979 1326 2139 1389 alias
2210 1326 2662 1404 productiones
2705 1332 2770 1385 et
2812 1326 3041 1387 inven-

352 1448 357 1457 -
450 1411 662 1471 tiones
707 1409 1067 1481 industrias,
1117 1405 1262 1469 vide
1305 1405 1480 1486 leges
1534 1408 1845 1486 speciales
1911 1410 1974 1469 in
2026 1406 2200 1467 omni
2278 1406 2413 1468 fere
2483 1423 2680 1485 regno
2745 1405 3038 1467 firmatas.

424 1487 637 1557 ,Plura
681 1487 874 1551 habet
915 1486 1229 1561 Camere,
1274 1487 1356 1549 De
1395 1487 1667 1551 lustitia
1708 1497 1856 1560 etc,
1926 1503 2032 1549 nn.
2063 1487 2143 1549 55
2185 1491 2250 1549 et
2292 1502 2462 1565 seqq.

526 1568 731 1631 534.
772 1565 1245 1629 ”ominium
1307 1565 1392 1626 ἰιι
1447 1566 1951 1628 animantius
2021 1569 2085 1630 in
2140 1583 2280 1630 usu,
2302 1567 2722 1629 animantium
2766 1566 2892 1628 duo
2937 1581 3039 1628 ca-

448 1648 654 1712 venda
721 1650 839 1727 (nti
911 1660 1128 1710 monet
1170 1646 1390 1727 Stapf‚
1434 1646 1466 1727 S
1511 1649 1691 1728 443):
1743 1650 2006 1729 indiyna
2051 1646 2300 1726 affectio
2356 1658 2420 1708 et
2477 1648 2822 1710 inhumana
2877 1646 3048 1708 saevi·

452 1733 589 1792 ties.
634 1729 915 1790 Primum
962 1738 1276 1791 creaturae
1341 1729 1640 1790 rationali
1707 1740 1805 1791 est
1865 1730 2235 1807 indignum:
2304 1743 2457 1790 sane
2524 1728 2825 1806 carpendi
2893 1736 3046 1789 sunt

448 1827 607 1890 quos
665 1819 834 1871 certa
882 1808 1261 1871 animalcula
1312 1810 1394 1869 ita
1443 1809 1564 1871 sibi
1611 1809 1906 1871 devincta
1955 1817 2194 1882 tenent,
2237 1817 2306 1870 ut
2351 1811 2485 1871 baec
2533 1808 2734 1886 pluris
2781 1807 3042 1869 videan-

448 1904 552 1954 tur
600 1888 811 1952 facere
850 1890 1003 1968 ipsis
1049 1889 1439 1964 hominibus,
1468 1905 1625 1967 quos
1664 1890 1809 1951 ideo
1842 1891 2301 1968 importunam,
2336 1900 2591 1958 vexant,
2636 1904 2759 1950 non
2794 1896 3046 1949 curant.

448 1971 574 2034 Sed
621 1987 747 2032 uon
796 1971 1006 2032 minus
1039 1972 1200 2031 ratio
1236 1984 1490 2031 omnem
1536 1970 1843 2033 adversus
1889 1972 2240 2032 animantia
2287 1969 2684 2046 petulantem
2730 1971 3046 2030 saevitiem

450 2052 773 2114 abhorret.
820 2050 964 2111 Haec
1008 2051 1184 2111 enim
1247 2051 1488 2111 divinis
1553 2050 1842 2111 consiliis
1909 2060 2243 2128 repugnat.
2323 2074 2345 2104 ι
2390 2049 2558 2111 Deus
2616 2051 2789 2111 enim
2851 2050 3046 2110 etiam

450 2134 801 2196 animantia
847 2147 1039 2192 sensu
1077 2131 1221 2192 vitae
1272 2147 1382 2208 pro
1429 2129 1684 2192 illorum
1734 2130 2317 2208 modulojucundae
2362 2129 2651 2191 donavit:
2689 2130 2859 2190 absit
2893 2144 3049 2206 ergo

452 2223 524 2275 ut
555 2214 725 2274 bunc
767 2227 989 2273 eorum
1036 2226 1291 2273 sensum
1337 2210 1573 2288 absque
1618 2212 1793 2271 omni
1840 2213 2090 2272 ratione
2138 2212 2630 2272 vulneremus...
2673 2210 2851 2271 Tunc
2892 2224 3048 2271 vero

455 2292 604 2355 talis
646 2291 946 2354 animalia
998 2291 1337 2370 torquendi
1385 2284 1778 2352 consuetudo
1822 2300 2075 2369 semper
2122 2292 2451 2368 indignam
2498 2292 2695 2351 animi
2746 2289 3044 2351 ferocita-

455 2384 583 2437 tem
630 2374 970 2450 supponit:
1012 2387 1193 2433 mens
1235 2373 1407 2433 enim
1453 2373 1552 2433 vel
1600 2370 2012 2433 mediocriter
2060 2372 2330 2434 bumana
2371 2373 2534 2432 banc
2579 2370 2921 2447 torquendi
2972 2370 3043 2431 li·

459 2454 746 2516 bidinem
790 2452 1109 2529 refugit...
1155 2453 1443 2530 Denique
1488 2467 1601 2528 per
1648 2451 1811 2512 hanc
1855 2451 2120 2514 affectus
2169 2453 2587 2513 humanitatis
2636 2453 2836 2528 magis
2882 2466 3041 2511 sem·

453 2551 568 2613 per
612 2534 939 2610 magisque
986 2532 1271 2594 hebetari
1320 2531 1567 2594 solent:
1631 2532 1737 2609 qui
1809 2534 1868 2592 in
1929 2534 2111 2594 bruta
2171 2531 2469 2593 animalia
2538 2531 2852 2593 daesevire
2898 2546 3046 2592 con·

458 2616 685 2687 suevit,
728 2613 905 2674 brevi
952 2615 1143 2675 etiam
1192 2622 1413 2674 contra
1460 2613 1751 2674 bomin-es
1780 2612 2122 2674 ferociet....
2167 2613 2362 2686 Quem
2413 2614 2579 2689 pium
2629 2611 3058 2689 benignitatis·

457 2711 715 2756 sensum
746 2693 1222 2755 Testamentum
1255 2700 1435 2754 vetus
1479 2708 1626 2770 erga
1662 2693 2010 2755 animantia
2044 2695 2264 2772 spiret,
2295 2710 2372 2754 ex
2411 2693 2848 2770 compluribus
2892 2691 3050 2752 locis

455 2784 664 2854 patet:
726 2773 921 2835 Exod.
974 2790 1171 2847 xx1n;
1232 2773 1403 2834 Dent.
1467 2789 1620 2847 xxv3
1687 2774 1865 2835 Prov.
1924 2790 2050 2847 x11;
2125 2773 2319 2835 Eccli.
2383 2789 2491 2834 vu.
2545 2798 2569 2826 »
2643 2773 2710 2834 In
2762 2772 3053 2852 pluribus

455 2861 649 2917 etiam
692 2853 1051 2916 Germaniae
1098 2854 1217 2916 loci
1263 2863 1360 2916 est
1406 2855 1693 2915 instituta
1741 2855 2011 2915 societas
2040 2856 2337 2915 animalia
2389 2853 2622 2915 tuenda
2669 2862 2892 2915 contra
2939 2853 3051 2914 ho-

455 2937 699 2998 minum
747 2940 1123 3008 vexatione3
1170 2943 1232 2996 et
1302 2933 1504 2995 Codeoe
1569 2938 1703 3012 ipse
1743 2935 2004 3011 poenalis
2049 2938 2115 2994 in
2162 2936 2501 2995 saevientes
2560 2934 3055 2995 animadvertit:

458 3024 584 3078 art.
627 3015 766 3157 633,
798 3015 918 3078 685
950 3023 1015 3076 et
1060 3014 1195 3089 776,
1227 3030 1289 3076 n.
1315 3014 1368 3076 7.
1405 3012 1525 3075 Sed
1567 3012 1714 3075 vide
1751 3015 1869 3076 bac
1899 3014 1978 3076 de
2009 3031 2079 3077 re
2115 3013 2238 3075 Civ.
2273 3013 2461 3090 Catc„
2490 3030 2613 3076 ser.
2637 3014 2723 3089 δ”,
2759 3012 2881 3075 vol.
2913 3028 3056 3087 vni,

459 3099 660 3177 pagi
754 3143 768 3171 ,
816 3097 881 3157 in
928 3105 1096 3157 nota.

1513 3264 1637 3344 (o)
1677 3218 1827 3346 1³09.
1871 3265 2007 3328 212.

540 3482 744 3546 535.
789 3481 1261 3546 'hominium
1320 3483 1556 3546 vitoes
1621 3502 1763 3549 cum
1820 3486 2192 3567 temporalis
2247 3491 2375 3551 vita
2436 3489 2512 3552 ad
2581 3486 2890 3550 moralem
2955 3506 3061 3551 no·

461 3573 659 3627 stram
728 3565 1186 3643 perfectionem
1246 3566 1427 3629 nobis
1486 3583 1519 3627 a
1568 3567 1694 3628 Deo
1758 3584 2050 3631 concessa
2111 3573 2218 3640 sit,
2288 3579 2386 3631 est
2423 3570 2661 3631 bonum
2724 3568 3056 3632 dumtaxat

461 3646 824 3719 relativum,
891 3648 1112 3708 virtuti
1183 3662 1410 3724 nempe
1476 3647 1999 3711 subordinatum:
2069 3650 2213 3722 ideo
2279 3649 2432 3713 licet
2497 3649 2670 3711 illam
2738 3648 3058 3713 indirecte

460 3723 855 3805 profundere
911 3728 1164 3788 virtutis
1208 3728 1436 3804 gratia.
1481 3727 1566 3789 lta
1636 3728 1926 3792 Christus
1988 3732 2301 3810 potuisset
2363 3747 2430 3793 se
2495 3727 2851 3792 defendere
2916 3746 3061 3792 con·

460 3816 558 3869 tra
608 3807 918 3878 inimicoS,
985 3807 1062 3869 ad
1128 3823 1242 3868 nos
1310 3816 1519 3869 tamen
1580 3808 1987 3872 redimendos
2043 3812 2137 3873 sui
2199 3812 2684 3874 crucifixionem
2745 3813 3059 3889 permisit.
3163 3846 3167 3854 -

467 3886 557 3948 Ita
607 3886 913 3967 Martyres
960 3888 1194 3965 saepius
1238 3892 1597 3966 potuissent
1638 3904 1714 3950 se
1759 3891 1921 3951 tueri
1961 3890 2269 3953 adversus
2299 3902 2627 3971 tyrannos,
2662 3891 2926 3953 virtutis
2967 3901 3053 3955 ta·

461 3984 609 4030 men
650 3982 866 4030 amore
912 3975 1179 4029 mortem
1226 3967 1637 4031 laudabiliter
1684 3972 2254 4033 sustinuerunt.At
2287 3989 2471 4035 nemo
2503 3971 2742 4033 dixerit
2786 3986 2860 4034 so
2890 3973 3058 4050 ipsos

463 4048 781 4127 Martyres
826 4058 888 4109 et
931 4047 1254 4110 Cbristnm
1322 4049 1770 4125 interfecisse;
1837 4065 1981 4113 nam
2046 4053 2385 4131 permissio
2450 4067 2579 4113 non
2650 4050 2775 4116 fuit
2831 4068 3059 4128 causa,

463 4128 572 4190 sed
638 4127 934 4206 simpleX,
1000 4130 1310 4190 innocens
1373 4139 1437 4190 et
1481 4140 1721 4192 remota
1787 4133 2034 4193 occasio
2099 4135 2324 4195 mortis
2388 4134 2692 4208 ipsorum.
2760 4130 3057 4196 Ceterum

462 4225 587 4287 quo
634 4209 835 4287 majus
880 4217 986 4271 est
1036 4210 1389 4287 periculum
1436 4219 1500 4272 et
1543 4211 1882 4290 pretiosior
1929 4228 2032 4273 res
2107 4228 2204 4275 nae
2249 4210 2533 4291 periculo
2581 4214 2948 4291 exponitur,
2984 4229 3060 4275 eo

461 4289 669 4367 major
717 4290 908 4350 debet
945 4305 1097 4351 esse.
1135 4289 1472 4367 impellens
1516 4308 1724 4368 causa,
1766 4301 1835 4354 ut
1878 4295 1964 4354 sit
2004 4292 2084 4355 de
2133 4296 2215 4355 ita
2265 4296 2615 4373 proportio,
2655 4302 2720 4355 et
2765 4295 2848 4355 ita
2895 4296 3061 4356 actio

462 4369 945 4432 cohonestetur.
991 4369 1083 4431 Ex
1128 4370 1246 4431 hac
1292 4372 1510 4448 regula
1559 4378 1764 4449 potest
1805 4372 2099 4437 subditus
2142 4373 2218 4436 ad
2278 4372 2655 4436 salvandum
2703 4375 3058 4453 principem

462 4464 649 4511 suum
692 4465 758 4511 se
821 4448 1099 4512 medium
1145 4451 1592 4529 interponere,
1637 4451 1787 4516 licet
1830 4464 2004 4516 certe
2033 4453 2385 4532 proevideat
2436 4470 2503 4515 se
2540 4451 2679 4516 fore
2707 4452 2921 4532 gladio
2964 4468 3061 4515 se·

464 4528 760 4592 candum.
811 4529 939 4590 Hac
984 4532 1176 4592 etiam
1226 4538 1480 4593 ratione
1522 4535 1678 4595 item
1737 4557 1759 4587 ‹
1804 4532 2029 4597 dicunt
2072 4535 2268 4596 licere
2313 4533 2524 4596 cibum
2572 4535 2779 4596 amico
2826 4533 3058 4597 cedere

466 4610 531 4671 in
582 4611 868 4689 penuria3
912 4622 1021 4672 aut
1066 4611 1348 4673 tabulam
1409 4612 1475 4674 iu
1523 4613 1880 4691 naufragio,
1922 4614 2172 4676 etiamsi
2237 4630 2374 4676 eam
2415 4629 2544 4693 Jam
2591 4614 3055 4692 apprehendis·

465 4702 596 4752 set:
643 4692 727 4752 ita
771 4687 1052 4764 Toletus,
1101 4689 1373 4766 LessiuS,
1415 4691 1692 4771 Sylvius,
1748 4684 1942 4771 lingo,
1993 4690 2558 4769 salmanticenses,
2606 4692 2871 4770 Pradus,
2936 4693 3055 4758 Bu·
