3292 5167
489 208 626 279 674
1189 228 1306 278 ΗΒ.
1353 228 1423 277 n.
1469 231 1691 277 Timor.
1738 233 1839 278 vu.
1886 230 2168 279 mse..1l.
2221 235 2351 279 car.
2386 235 2439 280 i.

572 333 868 398 Ceterum
930 330 1358 397 confessarius
1403 349 1530 397 non
1591 333 1772 405 ,illico
1837 336 2229 415 poenitentes
2294 336 2376 398 de
2439 332 2891 414 despera-tione
2946 347 3093 397 reos

495 414 721 478 faciat:
759 424 911 478 sunt
952 415 1125 477 enim
1169 415 1399 478 animae
1446 414 1903 496 devotaeffguae
1951 417 2125 479 bisce
2150 415 2627 478 tentationIbus
2660 424 3092 493 exagitantur

493 512 648 574 quos
695 512 822 559 non
867 494 1258 558 credendum
1301 497 1583 574 graviter
1621 511 1939 574 peccasse,
1978 497 2101 560 etsi
2148 506 2377 577 putent
2406 512 2474 559 se
2521 495 2651 558 illis
2696 511 3085 558 consensum

491 576 800 654 praebere.
847 574 1066 639 Timor
1113 576 1353 641 nimius
1399 575 1476 638 de
1521 575 1806 656 periculo
1876 576 2100 641 salutis
2144 593 2224 639 ne
2292 575 2726 639 confundatur
2785 591 2929 640 cum
2976 573 3087 637 de·

492 657 854 736 speratione
899 660 1152 736 proprie
1197 656 1402 731 dicta;
1449 656 1592 719 ideo
1650 657 2063 721 consolanda}
2108 665 2259 741 sunt
2302 665 2369 720 et
2410 655 2768 730 hortandae,
2828 662 2904 719 ut
2944 671 3092 734 per·

490 746 646 817 gant
669 739 731 799 in
759 754 1002 809 amore,
1043 737 1321 801 ethonis
1344 737 1667 816 operibus,
1697 754 1839 817 quae
1868 738 2004 802 Deo
2030 739 2159 800 vim
2192 738 2459 801 faciunt.
2494 735 2705 813 Ethai,
2739 735 2938 816 Gur-y,
2966 744 3092 798 etc.

543 848 785 922 ¹955.
836 856 907 936 Q.
958 857 1019 922 9.
1074 854 1235 935 Quid
1272 854 1699 942 praesumptio,
1745 873 1884 940 quoe
1919 854 2156 939 'cnttsoe,
2202 855 2515 940 quomodo
2562 854 2892 923 curanda?

581 962 650 1029 R.
700 961 797 1029 Ad
848 965 874 1029 l
913 982 927 1023 :
976 960 1421 1047 Praesumptio
1469 973 1558 1028 est
1602 963 1942 1030 temeraria
1986 964 2332 1050 eaepectatio
2378 962 2793 1045 beatitudini-5,
2827 960 2925 1028 nel
2958 954 3094 1025 me-

491 1067 748 1134 diorum
787 1069 871 1134 ad
917 1068 1142 1135 illam:
1191 1068 1288 1136 uti
1336 1067 1392 1135 si
1442 1068 1590 1154 quis
1637 1077 2080 1155 praesumeret
2126 1071 2192 1137 in
2242 1069 2374 1138 fine
2420 1069 2660 1137 salvari
2734 1074 2801 1136 et
2870 1066 3089 1136 Deum

493 1175 618 1243 sibi
655 1176 1033 1261 propitium
1081 1175 1246 1259 fore,
1293 1176 1449 1261 quia
1498 1166 1766 1262 aliq'uod
1818 1178 2140 1245 orationis
2188 1195 2471 1263 pensum
2543 1175 2904 1262 persolvit,
2975 1180 3091 1241 aut

492 1280 779 1366 aliquem
853 1283 1166 1349 Sanctum
1245 1289 1431 1363 orat3
1505 1282 1662 1351 dum
1736 1291 1954 1353 tamen
2026 1284 2165 1354 suis
2239 1283 2536 1369 indulget
2580 1281 3086 1369 cupiditatibus,

493 1389 934 1474 Praesumptio
985 1396 1088 1457 est
1130 1399 1474 1474 peccatum
1519 1409 1602 1458 ex
1655 1398 1886 1457 natura
1923 1409 2041 1458 sua
2076 1391 2316 1459 lethale
2352 1409 2481 1458 non
2514 1408 2708 1459 secus
2742 1407 2817 1456 ac
2850 1388 3090 1473 despe-

494 1494 679 1577 ratio,
736 1496 820 1564 ob
870 1495 1145 1564 eandem
1197 1515 1505 1565 causam:
1545 1499 1690 1565 ¹imo
1741 1516 1891 1566 cum
1938 1497 2081 1583 ipsa
2133 1499 2370 1567 haeresi
2422 1494 2982 1584 conjungeretur,
3032 1497 3087 1564 si

489 1609 707 1669 ortum
755 1601 1025 1671 haberet
1076 1621 1154 1670 ex
1211 1600 1463 1689 J‘udicio
1536 1603 1940 1695 speculative
1990 1604 2155 1673 falso
2205 1615 2434 1673 contra
2476 1604 2722 1686 fidem,
2794 1622 2848 1670 v.
2901 1620 2983 1687 g.,
3032 1601 3089 1670 si

489 1710 636 1795 quis
689 1717 1131 1795 praesumeret
1179 1711 1412 1779 salvari
1465 1730 1582 1797 per
1627 1712 1768 1781 sola
1817 1717 2020 1799 opera
2069 1714 2423 1792 naturalia3
2465 1712 2563 1780 vel
2602 1711 2743 1781 sola
2776 1710 2910 1778 fide
2944 1710 3089 1779 sine

490 1818 851 1903 operilius:
934 1818 1080 1887 ideo
1151 1819 1215 1885 in
1285 1820 1466 1904 praxi
1540 1819 1988 1906 interrogandi
2064 1821 2510 1905 poenitentes,
2587 1837 2666 1887 an
2719 1837 2870 1888 cum
2925 1835 3088 1903 praa-

408 1921 412 1925 ’
490 1924 867 2009 sumptione
944 1923 1112 1992 adsit
1161 1943 1325 1992 nova
1375 1926 1624 2026 peccati
1675 1928 1983 2013 species?
2031 1928 2209 2014 quod
2258 1928 2452 1996 etiam
2502 1926 2671 1995 valet
2718 1926 2798 1994 de
2847 1925 3087 2010 despe-

387 2066 393 2073 ·
490 2031 764 2099 ratione.
811 2034 893 2099 At
944 2050 1095 2101 cum
1144 2033 1557 2119 frequentius
1622 2043 1935 2120 peccetur
2006 2053 2121 2121 per
2193 2037 2786 2121 praesumptionem
2857 2042 3087 2102 contra

490 2139 664 2206 illam
714 2139 1124 2226 frequentius
1173 2141 1514 2227 insurgant
1563 2145 1872 2211 Pastores
1921 2150 1986 2211 et
2034 2142 2565 2212 concionatores,

579 2248 674 2315 Ex
723 2246 916 2315 dictis
967 2244 1144 2337 patet
1164 2248 1529 2334 ,tripliciter
1561 2251 2087 2336 praesumptione
2138 2252 2393 2337 peccari
2445 2269 2676 2337 posse:
2716 2250 2781 2335 l)
2817 2250 2869 2316 si
2906 2250 3084 2316 salus

485 2318 846 2423 obtffienda
900 2362 1286 2441 expectetur
1337 2358 1623 2443 propriis
1674 2358 1943 2440 viribuS,
2004 2367 2076 2426 ut
2146 2359 2376 2426 volunt
2450 2357 2825 2444 pelagiani:
2898 2359 2967 2440 2)
3030 2355 3080 2422 si

489 2461 596 2528 illa
644 2469 1034 2551 expectetur
1086 2480 1117 2529 a
1168 2466 1305 2532 Deo
1357 2464 1500 2533 sine
1548 2466 1679 2532 ulla
1731 2467 2204 2552 cooperatione
2254 2475 2500 2548 nostra,
2566 2472 2638 2533 ut
2685 2471 2916 2547 tenent
2960 2465 3085 2530 No-

489 2577 790 2651 vatores3
839 2571 907 2657 3)
957 2571 1011 2639 si
1061 2571 1209 2657 quis
1260 2572 1546 2641 confidat
1592 2577 1806 2642 Deum
1852 2575 1976 2642 sibi
2030 2575 2169 2643 fore
2210 2574 2611 2661 propitium,
2657 2573 2779 2642 etsi
2820 2571 3081 2641 interim

490 2679 656 2746 nolit
702 2678 1056 2747 emendari.
1107 2683 1274 2748 Haec
1323 2680 1550 2749 ultima
1608 2682 1869 2767 specics
1946 2701 2077 2750 non
2149 2682 2408 2750 videtur
2478 2681 2712 2751 tollere
2782 2680 3078 2748 habitum

489 2784 650 2871 spei,
701 2785 850 2870 quia
898 2778 1401 2855 fundamentum
1450 2778 1593 2875 ejus
1643 2807 1777 2858 non
1829 2789 2136 2873 destruit,
2183 2791 2305 2859 etsi
2342 2806 2605 2876 gravem
2652 2786 3078 2856 inordinatio-

489 2910 642 2961 nem
690 2891 1048 2979 importet:
1099 2901 1166 2961 et
1216 2894 1277 2962 in
1330 2894 1456 2964 hoc
1508 2904 1785 2979 peccant
1834 2914 1965 2965 non
2016 2915 2166 2965 raro
2217 2896 2545 2965 catholici.

579 3003 649 3068 R.
693 2998 791 3067 Ad
838 3003 920 3067 2:
972 3001 1203 3068 Causae
1253 3002 1796 3095 praesumptionis
1844 3011 2031 3071 sunt:
2080 3005 2291 3070 inanis
2352 3005 2584 3089 picria,
2655 3000 2947 3088 superma
3004 3004 3079 3067 et

411 3184 420 3193 ,
490 3106 870 3194 iquorantia.
921 3109 1367 3194 Praesumptio
1418 3109 1593 3176 enim
1644 3110 1695 3176 si
1749 3110 2057 3178 innititur
2106 3102 2391 3196 propriis
2439 3109 2708 3189 viribuS,
2748 3107 2965 3187 oritur
2999 3123 3078 3172 ex

491 3215 673 3281 inani
715 3216 940 3300 ylario,
992 3216 1178 3302 cujus
1231 3216 1575 3302 proprium
1625 3225 1730 3286 est
1780 3217 2052 3289 tendere
2102 3219 2185 3285 in·
2217 3217 2301 3301 id,
2355 3216 2536 3305 quod
2570 3216 2872 3303 proprias
2912 3214 3077 3281 vires

491 3331 781 3406 superat.
833 3322 899 3390 Si
950 3341 1103 3391 vero
1157 3323 1350 3392 nimis
1386 3325 1695 3393 innititur
1728 3325 2203 3395 misericordia)
2240 3324 2475 3392 divinae
2517 3325 2666 3409 (per
2696 3340 2897 3408 quam
2932 3321 3075 3405 quis

492 3437 713 3515 sperat
759 3449 832 3497 se
881 3431 1311 3529 obtenturum
1364 3441 1789 3517 peccatorum
1860 3422 2119 3502 veniam
2184 3433 2341 3502 sine'
2390 3431 2805 3518 poenitentia)
2869 3427 3081 3498 oritur

383 3622 384 3631 ἵ
479 3557 570 3629 ⁸ex
616 3538 923 3624 superbia,
973 3555 1100 3624 qua
1150 3539 1313 3606 tanti
1363 3558 1438 3607 se
1485 3541 1797 3624 aestimat,
1847 3548 1917 3609 ut
1966 3540 2190 3610 credat
2227 3542 2444 3608 Deum
2494 3558 2626 3608 non
2697 3535 2865 3606 velle
2930 3552 3078 3603 eum

493 3643 745 3731 punire,
795 3642 894 3711 vel
946 3661 980 3709 a
1031 3643 1238 3747 gloria
1288 3645 1662 3715 excludere.
1714 3647 2002 3716 Tandem
2054 3648 2488 3732 praesumptio
2524 3664 2651 3741 qua
2686 3646 2836 3731 quis
2874 3649 3076 3730 putat,

490 3755 700 3821 Deum
749 3750 873 3819 sibi
924 3751 1010 3819 ob
1059 3768 1174 3818 sua
1224 3752 1396 3820 hene
1445 3752 1612 3822 facta
1663 3755 1946 3823 salutem
2012 3753 2288 3853 reddere
2356 3754 2644 3836 dehere,
2718 3750 2934 3818 oritur
3002 3768 3079 3819 ex

487 3858 895 3944 iquorantia:
943 3857 1123 3942 quod
1172 3858 1385 3927 evenit
1433 3860 1498 3928 in
1548 3860 1773 3930 idiotis
1824 3863 1958 3947 (L).

569 3982 637 4045 R.
681 3983 771 4045 Ad
818 3985 893 4047 3:
936 3981 1378 4048 confessarius
1423 3983 1614 4048 debet
1660 3995 2233 4064 praesumptuosum
2294 4002 2327 4048 a
2375 3985 2487 4064 spo
2531 3982 2609 4047 ad
2646 3984 2942 4046 timorem
2973 3981 3079 4045 de·

490 4063 770 4139 nectere,
814 4064 1243 4126 ostendendo:
1290 4098 1368 4110 —-
1412 4066 1476 4144 l)
1520 4082 1699 4145 spem
1742 4069 1885 4130 sine
1934 4068 2160 4129 timore
2209 4081 2334 4128 non
2396 4080 2541 4129 esse
2589 4080 2764 4143 spem
2808 4063 3076 4126 Theolo-

490 4145 721 4221 gicam‚
772 4145 881 4209 sod
923 4146 1151 4207 vitium
1197 4146 1599 4225 oppositum,
1641 4163 1878 4227 nempe
1928 4149 2502 4227 praesumptionem
2532 4192 2549 4220 ,
2592 4146 2672 4207 de
2716 4160 2837 4223 qua
2886 4143 3078 4209 illud:

491 4224 744 4287 illorum
785 4243 917 4304 apes
962 4220 1364 4293 abominatio.
1412 4234 1474 4288 et
1514 4245 1589 4290 ne
1618 4228 1834 4290 dicas:
1877 4228 2205 4292 miseratio
2233 4226 2476 4289 Domini
2509 4240 2737 4306 maqna
2767 4232 2880 4301 est,
2913 4223 3070 4285 mul·

494 4305 788 4367 titudinis
828 4314 1219 4384 peecatorum
1261 4324 1534 4370 meorum
1593 4307 1998 4372 miserebitur
2024 4330 2048 4379 ‚·
2093 4308 2533 4389 misericordia
2576 4315 2639 4369 et
2692 4308 2797 4368 ira
2839 4303 2918 4368 ab
2960 4304 3071 4365 ilio

491 4385 612 4447 cito
649 4388 1036 4465 prozimum,
1078 4395 1139 4448 et
1180 4388 1248 4449 in
1286 4397 1637 4466 peccatores
1667 4391 1927 4468 respicit
1969 4392 2067 4453 ira
2112 4390 2329 4461 iilius,·
2362 4420 2439 4471 ·.···
2467 4389 2533 4464 2)
2566 4395 2858 4450 sanctum
2897 4387 3070 4446 hunc

493 4466 790 4537 timorem
833 4468 1020 4530 valdo
1064 4467 1496 4532 commendari
1537 4481 1718 4547 Juxta
1768 4470 1958 4534 illud:
2006 4472 2215 4532 timete
2260 4469 2584 4531 Dominum
2619 4484 2823 4533 omnes
2856 4463 3077 4527 Sancti

492 4544 670 4623 ejus;
698 4546 883 4607 timor
907 4547 1152 4610 Domini
1188 4556 1446 4611 sanctus
1479 4567 1849 4629 permanens
1887 4551 1954 4613 in
1987 4551 2281 4613 saecuium
2311 4550 2526 4613 aaeculi
2557 4548 2618 4623 ¹;
2655 4581 2731 4593 —-
2766 4546 2832 4627 3)
2862 4561 3073 4609 caren-

554 4674 578 4715 1
610 4673 727 4726 Job.
763 4685 846 4739 1¹3
881 4678 1039 4728 Eccli.
1075 4688 1157 4741 v13
1193 4681 1278 4730 Pe.
1327 4692 1454 4731 xvm
1516 4683 1571 4732 et
1599 4692 1773 4732 xxxin
1807 4707 1871 4721 -
1911 4684 1967 4734 V.
2002 4683 2241 4747 ugneri,
2285 4669 2378 4734 Via
2407 4682 2543 4734 detta
2570 4684 2781 4742 catatu
2828 4684 3072 4746 appareo-
