3292 5167
1125 194 1204 242 nit
1249 191 1602 240 viai-urinas
1650 191 2079 244 canommnus
2747 178 2897 250 555

270 297 455 362 desit
493 302 702 361 rector
743 312 784 359 a
827 312 942 376 quo
1006 292 1221 369 factus
1264 302 1360 358 est
1400 294 1590 371 homo,
1654 295 1745 362 ait
1787 295 1956 359 idem
2000 296 2393 375 Augustinus
2444 296 2492 359 ¹.
2558 296 2883 365 Praeterea

276 395 435 442 cum
483 375 813 441 humilitas
858 378 1167 438 consistat
1211 375 1274 437 in
1324 376 1552 439 affectu
1598 375 1970 451 voluntatis,
2020 381 2228 457 potius
2274 391 2463 456 quam
2508 378 2572 439 in
2629 379 2885 462 Judicio

286 456 550 533 mentis,
600 459 1036 536 unusquisque
1104 464 1310 535 potest
1374 473 1440 519 se
1503 455 1820 534 subjicere
1888 473 2011 518 non
2060 456 2266 519 solum
2318 458 2463 534 Deo,
2524 459 2635 522 sed
2697 464 2871 524 omni

277 540 587 605 humanm
631 549 946 614 creaturas
991 547 1249 616 propter
1293 537 1510 611 Deum,
1556 553 1635 598 ex
1679 536 2100 616 dispositione
2147 536 2379 599 cordis.

370 618 462 682 Ad
510 617 934 682 humilitatem
969 616 1304 680 fovendam
1343 618 1477 681 haec
1566 625 1794 680 uatuor
1832 620 2104 679 maxime
2144 619 2544 680 inserviunt:
2590 618 2652 698 1)
2698 619 2777 683 de
2807 638 2877 684 se

285 699 478 772 nibil,
529 715 735 777 neque
781 697 965 772 bene,
1011 713 1219 777 neque
1265 698 1464 772 male3
1507 635 1573 776 ᾖ
1619 697 1698 759 de
1741 697 1886 759 aliis
1932 714 2184 777 semper
2229 699 2393 760 bene
2440 697 2747 780 loqui33)
2795 699 2860 762 li-

283 779 517 842 benter
564 777 861 851 obedire3
910 779 976 857 4)
1022 780 1415 840 tentationes
1479 782 1837 844 contrarias
1886 777 2058 840 illico
2127 777 2520 840 confessario
2578 785 2872 859 aperire:

271 859 580 922 diabolus
624 860 795 920 enim
845 859 1220 921 tenebrosus
1266 867 1433 920 totus
1479 860 1661 920 timet
1705 858 1781 920 ad
1819 856 2024 919 lucem
2074 859 2273 931 trahi3
2304 858 2370 935 5)
2418 876 2532 920 nos
2565 875 2705 923 cum
2741 860 2875 922 illis

283 955 682 1019 comparare,
730 943 836 1018 qui
863 941 982 1000 etsi
1032 939 1246 1002 forsan
1288 940 1456 1000 inter
1502 939 1804 1016 pericula,
1852 946 2060 1000 tamen
2110 939 2292 1002 nobis
2339 938 2640 1002 meliores
2684 951 2870 1003 sunt:

277 1020 488 1083 Nimis
531 1021 716 1096 proni
758 1037 970 1081 sumus
1017 1020 1117 1095 (ad
1168 1035 1301 1081 rem
1346 1018 1611 1099 Staps‚§
1656 1019 1825 1096 286),
1848 1025 1923 1079 ut
1962 1036 2100 1081 cum
2143 1018 2275 1081 iilis
2307 1038 2414 1082 nos
2446 1019 2865 1100 conferamus,

270 1118 438 1181 quos
481 1099 658 1163 nobis
701 1101 942 1178 pejores
984 1100 1330 1172 cred-imus,
1375 1106 1563 1178 utque
1599 1117 1678 1161 ex
1725 1099 1843 1161 tali
1895 1102 2354 1178 comparatione
2404 1100 2625 1164 innata
2686 1099 2866 1165 nobis

273 1180 970 1262 superbiakaurimum
1006 1181 1359 1242 nutriatur.
1398 1182 1515 1242 Ast
1559 1188 1794 1258 quanto
1826 1179 2055 1243 rubore
2097 1181 2538 1260 suffundimur,
2572 1183 2631 1243 si
2671 1183 2871 1245 vitam

273 1269 586 1337 nostram,
627 1277 703 1323 ne
743 1262 948 1323 dicam
982 1260 1065 1323 ad
1097 1261 1444 1339 exemplum
1488 1260 1690 1323 divini
1730 1259 2177 1339 Redemptoris,
2215 1263 2297 1332 ad
2337 1265 2871 1325 conversationem

279 1347 378 1408 tot
421 1341 792 1405 Sanctorum
847 1341 1194 1420 exiqimus!
1266 1340 1384 1415 Qui
1425 1338 1601 1403 nobis
1665 1341 1877 1420 paullo
1918 1348 2067 1403 ante
2125 1342 2412 1422 qiqantes
2476 1342 2864 1420 videbamur,

275 1430 568 1502 spectata
612 1439 824 1484 eorum
865 1421 1254 1497 celsitudine,
1298 1421 1478 1501 inf-ra
1517 1437 1820 1502 pyymoeos
1855 1418 2256 1484 subsidemus.

360 1501 577 1563 802.
623 1501 689 1575 Q.
731 1502 786 1565 3.
834 1500 995 1575 Quid
1035 1502 1105 1563 de
1148 1502 1594 1573 studiositateff

367 1582 435 1644 R.
479 1581 862 1646 Studiositas
907 1592 1006 1644 est
1043 1583 1249 1644 virtus
1314 1599 1448 1661 quae
1490 1582 1783 1661 affectum
1826 1599 1934 1644 seu
1982 1580 2258 1643 studium
2319 1582 2618 1657 discendi,
2666 1591 2728 1646 et
2768 1601 2864 1647 co·

265 1665 613 1742 ,qno-scendi
655 1663 737 1725 ad
785 1670 983 1724 rectos
1046 1662 1316 1725 rationis
1363 1665 1647 1725 tramites
1708 1662 2066 1724 moderatur
2121 1678 2196 1722 ac
2244 1669 2543 1741 temperat
2565 1684 2590 1735 ,·
2649 1666 2864 1728 omnia

279 1744 456 1805 enim
501 1742 851 1805 secundum
902 1742 1352 1805 rectitudinem
1400 1743 1535 1804 fieri
1586 1741 1842 1806 debent.
1891 1742 2114 1804 Pulcre
2146 1742 2204 1803 d.
2249 1741 2657 1806 Bernardus:
2705 1743 2872 1808 Sunt

275 1824 393 1902 qui
445 1824 606 1886 scire
654 1824 869 1887 volunt
912 1840 977 1885 eo
1030 1823 1152 1902 fine
1196 1830 1443 1885 tantum
1473 1830 1543 1884 ut
1595 1824 1824 1897 sciant,
1885 1830 1948 1885 et
1990 1823 2197 1901 turpis
2250 1824 2589 1885 curiositas
2633 1831 2763 1895 est;
2806 1833 2873 1888 et

280 1911 437 1966 sunt
476 1906 586 1984 qui
625 1906 786 1966 scire
827 1904 1063 1977 volunt,
1122 1911 1195 1965 ut
1234 1904 1526 1965 sciantur
1568 1904 1711 1982 ipsi,
1753 1912 1816 1965 et
1859 1905 2066 1982 turpis
2110 1903 2363 1967 vanitas
2406 1913 2558 1966 est...
2590 1903 2676 1965 Et
2715 1914 2868 1967 sunt

329 1985 393 2046 ui
434 1987 595 2048 scire
640 1985 880 2059 volunt,
937 1991 1014 2045 ut
1054 1986 1384 2046 scientiam
1429 1984 1718 2059 vendant,
1779 1983 1953 2048 verbi
1996 2001 2208 2058 causa,
2250 2001 2362 2062 pro
2403 1985 2692 2062 pecunia,
2750 2002 2866 2064 pro

361 2063 640 2141 noricus,
681 2071 744 2126 et
785 2066 992 2143 turpis
1035 2071 1303 2143 quoestas
1346 2070 1455 2125 est.
1505 2062 1666 2125 Sunt
1708 2080 1943 2143 quoque
1988 2069 2096 2142 qui
2138 2064 2301 2124 scire
2336 2065 2570 2139 volunt,
2614 2075 2687 2126 ut
2728 2065 2868 2127 cedi·

267 2141 488 2224 licent,
531 2151 592 2208 et
634 2144 919 2208 charitas
963 2151 1057 2206 est
1079 2164 1106 2215 ;
1150 2151 1211 2206 et
1252 2146 1399 2207 item
1443 2145 1551 2222 qui
1585 2145 1749 2206 scire
1792 2145 2026 2218 volunt,
2069 2150 2142 2206 ut
2181 2144 2583 2222 aedificentur,
2624 2153 2686 2206 et
2713 2161 2863 2223 pru·

266 2226 496 2288 dantia
538 2230 649 2288 est.
693 2225 934 2287 Horum
961 2224 1235 2287 omnium
1278 2225 1398 2287 soli
1426 2223 1638 2286 ultimi
1679 2225 1799 2288 duo
1841 2242 1965 2288 non
2008 2227 2421 2287 inveniuntur
2453 2227 2519 2286 in
2561 2223 2866 2288 abusione

271 2306 606 2377 scientim·
652 2309 876 2386 quippe
919 2306 1028 2385 qui
1068 2306 1148 2367 ad
1192 2305 1302 2367 hoc
1343 2303 1565 2367 volunt
1606 2306 1979 2387 intelliyere,
2023 2313 2095 2366 ut
2137 2304 2283 2367 bene
2325 2304 2575 2383 faciant
2611 2303 2659 2369 ².

366 2385 499 2448 Duo
565 2397 715 2449 suiit
781 2388 1095 2466 praecipua
1164 2386 1353 2465 hujus
1415 2387 1675 2448 virtutis
1720 2403 2014 2449 munera:
2058 2386 2242 2464 -1)
2299 2394 2395 2446 est
2444 2384 2863 2463 cupiditatem

267 2466 528 2529 sciendi
574 2484 717 2546 quae
762 2483 932 2545 saepe
977 2471 1041 2528 in
1088 2470 1417 2545 generosis
1460 2466 1974 2529 adolescentibus
2018 2466 2461 2527 vehementior
2508 2483 2648 2530 esse
2698 2467 2866 2529 solet

279 2546 450 2608 intra
499 2547 739 2608 limites
784 2562 1102 2622 coercere,
1147 2563 1228 2609 ne
1264 2564 1330 2609 se
1375 2555 1484 2608 ant
1529 2547 2010 2610 immoderatius
2053 2545 2301 2621 efferat,
2342 2555 2451 2608 aut
2493 2547 2556 2607 in
2603 2563 2762 2608 vana
2799 2557 2867 2609 et

275 2627 470 2688 noxia
538 2626 861 2701 effundat3
905 2661 981 2671 —
1032 2628 1098 2706 Ξ)
1142 2637 1239 2691 est
1305 2636 1626 2705 torporem
1675 2629 1918 2708 ingenii
1989 2637 2290 2710 excutere
2334 2637 2399 2689 et
2453 2629 2734 2689 animum
2783 2628 2862 2690 ad

276 2708 643 2769 necessaria
676 2706 774 2769 vel
810 2706 990 2769 utilia
1022 2706 1437 2785 perdiscenda
1478 2708 1893 2770 inflammare.
1929 2707 2137 2770 Primo
2171 2708 2317 2768 huic
2351 2708 2598 2769 muneri
2636 2707 2857 2770 adver·

273 2792 461 2848 satur
509 2789 705 2849 nimia
752 2789 1068 2858 necsatis
1133 2797 1304 2850 recta
1368 2788 1614 2850 sciendi
1674 2789 2012 2866 cupiditaS,
2077 2806 2186 2850 seu
2233 2788 2446 2850 inanis
2500 2789 2861 2851 curiositas.

266 2865 478 2928 Alteri
527 2868 906 2931 adversatur
949 2869 1181 2930 inertia
1232 2868 1470 2932 laboris
1518 2876 1584 2930 et
1627 2872 1908 2947 pigritia,
1953 2885 2093 2948 quae
2146 2884 2177 2929 a
2232 2884 2447 2930 rerum
2508 2868 2861 2946 pulcherri-

269 2961 523 3010 marum
590 2947 801 3010 studio
859 2960 1139 3011 mentem
1185 2956 1430 3023 avocat,
1493 2964 1565 3010 ac
1631 2952 1962 3029 ingenium
2012 2951 2178 3026 turpi
2248 2950 2378 3008 otio
2427 2964 2552 3009 non
2611 2957 2857 3011 tantum

269 3023 717 3104 languescere,
764 3029 871 3090 sed
921 3031 1112 3092 etiam
1161 3030 1505 3092 hebescere
1552 3028 1753 3092 ferme
1799 3032 1989 3108 cogit,
2038 3038 2100 3091 et
2135 3029 2371 3089 dicitur
2416 3028 2818 3108 neqiiqentia.

315 3105 574 3186 0802.
621 3108 687 3182 Q.
735 3110 792 3171 4.
838 3108 998 3182 Quid
1039 3111 1110 3172 de
1151 3111 1348 3174 nimia
1390 3110 1629 3171 sciendi
1674 3111 2018 3189 cupiditate
2060 3116 2122 3170 et
2162 3109 2589 3187 neqiiqentia?

355 3185 427 3248 R.
472 3187 560 3248 Aci
610 3189 673 3250 1:
718 3191 808 3252 Ad
854 3191 1115 3254 nimiam
1158 3191 1398 3253 sciendi
1425 3191 1830 3271 cupiditatem
1877 3190 2040 3269 quod
2075 3191 2325 3263 attinet,
2357 3205 2426 3250 ea
2460 3189 2687 3250 vitiosa
2723 3203 2861 3250 eva·

272 3265 436 3329 dere
484 3278 718 3348 potest:
761 3304 842 3316 —
886 3271 948 3347 i)
993 3288 1070 3332 ex
1114 3286 1490 3351 quacunque
1556 3272 1754 3333 animi
1804 3273 2114 3349 pravitate
2158 3270 2365 3331 eidem
2400 3269 2726 3348 adjuncta,
2759 3284 2858 3331 ve·

277 3345 400 3409 luti
447 3365 526 3410 ex
571 3366 765 3429 pravo
811 3352 955 3412 fine.
1001 3347 1131 3412 Hoc
1177 3353 1252 3413 iis
1298 3354 1636 3430 contingit,
1680 3352 1783 3428 qui
1841 3370 1875 3414 e
1919 3351 2130 3413 studio
2190 3350 2349 3411 nihil
2399 3349 2603 3423 aliud,
2669 3364 2860 3428 quam

271 3429 554 3506 propriae
597 3430 915 3510 superbiae
965 3430 1260 3510 pabulum
1294 3441 1634 3511 quaerunt3
1676 3465 1755 3476 —
1795 3431 1861 3496 2)
1899 3448 2038 3494 cum
2092 3433 2234 3509 quis
2285 3433 2369 3492 ita
2420 3428 2705 3491 liberalis
2750 3445 2860 3492 cu·

258 3506 648 3588 jtiscumque
691 3516 848 3572 artis
912 3511 1009 3573 vel
1057 3514 1364 3588 scientiae,
1412 3514 1505 3575 vel
1557 3512 1851 3574 lectionis
1904 3507 2205 3591 peculiari
2241 3512 2552 3573 suavitate
2584 3509 2846 3571 deliniri

261 3604 343 3668 se
388 3591 683 3667 patiatur,
730 3601 797 3653 ut
840 3592 918 3653 ab
965 3593 1040 3653 iis
1085 3593 1312 3655 studiis
1360 3603 1786 3666 removeatur,
1836 3609 1978 3672 quoe
2022 3591 2310 3670 ejusdem
2356 3592 2568 3666 statui,
2628 3590 2843 3651 condi·

265 3668 433 3730 tioni
480 3678 544 3731 et
586 3671 790 3733 officio
837 3670 967 3733 sola
1017 3676 1444 3736 conveniunt:
1507 3677 1594 3736 uti
1642 3689 1701 3733 V.
1741 3691 1821 3752 g.‚
1872 3682 2039 3734 esset
2088 3671 2461 3734 adolescens
2534 3669 2682 3744 ille,
2747 3669 2853 3746 qui

263 3747 509 3812 scholae
554 3768 684 3813 suae
733 3751 914 3812 libris
963 3753 1357 3830 posthabitis,
1407 3765 1606 3816 totum
1654 3769 1720 3814 se
1768 3763 2035 3833 poneret
2068 3757 2131 3814 in
2165 3751 2461 3830 legendis
2517 3749 2857 3811 comoediis

261 3836 337 3890 et
381 3827 684 3893 fabulosis
731 3834 1208 3895 narrationibus
1251 3837 1540 3896 scientiae
1581 3836 1856 3897 inaximo
1881 3832 2403 3908 exitiosis3-3)
2429 3845 2571 3892 cum
2599 3846 2745 3907 quis
2774 3827 2855 3890 ad

255 3924 377 3971 eas
421 3925 524 3971 res
559 3911 838 3973 studium
883 3911 1167 3987 adhibet,
1209 3930 1351 3991 quae
1398 3919 1636 3993 proprii
1689 3915 1929 3994 ingenii
1979 3915 2150 3975 vires
2222 3919 2557 3989 superant,
2602 3925 2681 3969 ex
2727 3924 2856 3987 quo

252 3992 606 4069 contingit,
650 4001 718 4054 ut
761 3990 948 4054 facile
997 3995 1058 4054 in
1108 3995 1498 4070 perniciosos
1540 4011 1801 4057 errores
1847 3994 2100 4057 labatur
2129 4041 2144 4070 ,
2191 3999 2494 4053 monente
2540 3987 2851 4050 Ecclesia·

255 4068 461 4131 stico:
503 4072 737 4135 altiora
784 4078 839 4134 te
882 4089 956 4134 ne
1000 4073 1320 4152 quaesieris
1366 4072 1412 4131 ὃ.

330 4252 355 4294 ¹
387 4255 540 4308 Hom.
572 4272 625 4320 x,
660 4260 804 4310 inter
836 4269 886 4319 ι,
922 4269 1039 4319 cap.
1074 4262 1124 4310 9.
1157 4285 1220 4297 —
1258 4260 1313 4309 V.
1346 4259 1572 4319 Balmes,
1610 4258 1806 4309 Lettere
1836 4257 1905 4308 ad
1938 4269 2040 4307 uno
2072 4256 2273 4307 scettico
2306 4256 2361 4305 in
2398 4254 2623 4304 materia
2675 4252 2731 4303 di
2760 4254 2853 4305 Re·

252 4317 472 4381 liaione,
504 4322 614 4372 lett.
643 4334 754 4382 xiii,
791 4320 881 4371 ubi
920 4321 1069 4383 plui-a
1103 4321 1169 4371 ad
1205 4334 1335 4373 rem.
1387 4345 1452 4357 —
1505 4322 1769 4381 Mai-tinet,
1819 4320 2063 4382 Filosotta
2109 4318 2190 4369 det
2238 4316 2543 4368 catechismo
2595 4317 2857 4379 cattoiico,

255 4380 299 4431 Ι.
331 4391 410 4439 iu,
444 4383 470 4446 ς
500 4385 547 4434 3.
581 4408 643 4421 -
675 4386 899 4442 FraucO,
931 4384 1158 4445 Risposte
1182 4384 1463 4447 populent,-
1498 4381 1698 4446 Objez.:
1733 4381 1985 4433 L’uiiiiitd
2012 4383 2039 4431 ὲ
2071 4380 2419 4443 ιιηάἱήετὶοησ
2450 4378 2697 4430 d'animo.

332 4442 358 4482 ²
394 4442 561 4496 Serm.
597 4456 786 4505 xxxvi,
820 4445 874 4494 in
909 4443 1142 4498 Cantica.

332 4508 355 4549 ⁸
392 4509 519 4572 Cap.
559 4520 636 4559 iii.
667 4533 730 4544 -
759 4508 823 4558 Et
858 4510 1131 4569 presertim
1165 4507 1254 4560 illa
1286 4506 1611 4560 curiositatis
1644 4505 1846 4581 species
1880 4504 2149 4576 carpenda
2182 4504 2342 4565 venit,
2378 4513 2486 4572 qua
2542 4501 2667 4566 quis
2714 4498 2861 4573 tacta.

256 4566 444 4639 aliena
476 4570 742 4621 malesane
775 4567 1044 4630 observat,
1079 4576 1131 4622 et
1162 4568 1421 4635 quidquid
1445 4569 1724 4636 acciderit,
1760 4571 1952 4618 temere
1985 4568 2389 4679 interpretatum
2443 4570 2499 4616 tu
2540 4568 2653 4627 quis
2681 4576 2734 4614 es
2764 4575 2858 4628 qut

245 4635 465 4694 judicas
497 4636 724 4683 alienum
754 4636 1006 4682 servum?
1038 4633 1192 4685 Rom.
1227 4645 1338 4685 xiv.
1370 4657 1433 4670 —
1476 4633 1531 4685 V.
1566 4630 1732 4695 Stapf,
1766 4630 1817 4693 55
1848 4629 1942 4681 320
1973 4631 2024 4679 et
2055 4630 2115 4680 53
2153 4667 2165 4679 .
