3292 5167
514 230 621 295 28
1238 248 1350 292 Lm.
1398 246 1462 291 11.
1510 247 1720 291 macr.
1770 247 1821 289 v.
1880 246 2032 292 nise.
2084 247 2121 291 ι.
2170 248 2300 292 cae.
2349 248 2397 293 t.

536 371 768 422 omnes
839 349 1209 432 EcclesiaS,
1261 357 1506 435 praeter
1573 366 1685 417 eas
1756 365 1918 432 quas
1983 346 2262 433 ipsamet
2333 349 2532 417 Piana
2601 349 2788 417 Bulla
2860 351 3130 437 excipit.

534 464 763 545 Neque
807 457 1115 543 Episcopi
1170 465 1450 544 possunt
1516 455 1782 542 propria
1832 456 2227 524 auctoritate
2274 457 2395 524 alia
2468 459 2680 527 officia
2732 458 3127 528 calendario

537 566 816 647 addere,
866 574 938 632 ut
988 571 1252 633 constat
1297 561 1373 632 e'x
1426 564 1693 632 decreto
1745 565 1809 629 S.
1863 566 1930 631 R.
1982 564 2524 648 congregationis
2567 565 2646 633 ab
2683 566 2946 634 Urbano
2980 566 3129 633 vm

535 673 938 762 approbato,
988 671 1186 758 idque
1221 671 1456 740 merito
1494 678 1632 738 tum
1669 669 1747 735 ad
1798 671 2042 736 abusus
2094 671 2558 755 praecavendos
2606 679 2743 740 tum
2783 672 2862 740 ad
2915 689 3125 741 unum

538 780 854 868 psallendi
909 790 976 848 et
1018 779 1245 847 orandi
1299 777 1588 860 modum,
1640 777 1860 863 quoad
1912 773 2148 862 potest,
2203 779 2576 847 tenendum.

613 940 767 1002 80.
813 940 879 1014 Q.
923 940 977 1004 3.
1024 940 1124 1003 An
1167 940 1555 1002 Matutinum
1596 939 1797 1016 possit
1836 956 1876 1000 a
1916 938 2237 1003 Laudibus
2280 943 2618 1020 separari?

616 1021 687 1083 R.
731 1024 1079 1085 Commune
1124 1030 1239 1095 est,
1283 1022 1373 1082 ait
1416 1037 1463 1081 s.
1508 1020 1890 1098 Alplionsus,
1935 1035 2079 1082 cum
2123 1022 2372 1095 Anni-io,
2441 1021 2848 1097 Bellarmino,
2897 1021 3116 1098 Croix,

534 1101 935 1178 Francolino,
979 1101 1293 1177 Filliucio,
1336 1097 1583 1170 Garcia,
1631 1100 1872 1174 Lessi0,
1914 1099 2234 1176 Navarro,
2284 1100 2609 1175 Sanchez,
2656 1101 3121 1167 salmanticen-

532 1183 730 1259 sibuS‚
779 1182 1015 1245 Suarez
1058 1192 1123 1243 et
1164 1182 1307 1243 aliis
1354 1180 1517 1259 apud
1566 1180 1971 1254 Bonacinam,
2015 1181 2177 1258 quod
2226 1181 2604 1244 Matutinum
2655 1192 2857 1261 potest
2890 1200 2923 1245 a
2962 1182 3122 1247 Lau-

535 1263 720 1327 dibus
764 1264 1043 1341 separari
1091 1263 1285 1323 etiam
1328 1278 1469 1323 sine
1513 1276 1740 1334 causa,
1797 1277 1931 1322 sive
1973 1260 2352 1325 Matutinum
2396 1274 2460 1325 et
2504 1263 2748 1326 Laudes
2793 1267 2921 1326 sint
2972 1263 3124 1328 duae

531 1344 755 1419 Horae,
799 1347 933 1405 sive
978 1359 1097 1405 una
1149 1353 1425 1416 tantum;
1472 1358 1614 1404 nam
1661 1344 1853 1408 etiam
1920 1344 2271 1420 antiquitus
2337 1348 2836 1422 separabantur,
2884 1348 2972 1407 uti
3026 1345 3124 1409 fa·

535 1433 752 1487 tentur
795 1423 1030 1486 eruditi
1065 1425 1109 1484 ¹.
1156 1421 1284 1484 Imo
1329 1421 1605 1484 Concina
1653 1422 1810 1484 dicit
1857 1421 2082 1484 melius
2139 1439 2296 1497 esse,
2350 1427 2402 1484 si
2447 1424 2827 1487 matutinum
2883 1427 3120 1488 recite-

534 1514 637 1568 tur
679 1504 956 1582 Vespere
1002 1503 1388 1582 praecedenti
1418 1551 1433 1578 ,
1477 1512 1541 1564 et
1585 1501 1830 1564 Laudes
1877 1505 2285 1565 remittantur
2348 1504 2424 1565 ad
2471 1506 2638 1566 diem
2707 1516 3127 1583 sequentem;

532 1588 675 1664 quia
725 1587 841 1646 boc
883 1592 981 1645 est
1023 1584 1414 1645 conformius
1458 1585 1741 1661 antiquae
1787 1584 2256 1646 consuetudini.
2315 1583 2436 1646 Sed
2505 1603 2646 1647 cum
2714 1599 3126 1665 separantur,

531 1667 721 1744 adjici
770 1665 960 1726 debet
1005 1667 1069 1725 in
1116 1665 1242 1726 fine
1287 1663 1480 1725 Pater
1520 1671 1755 1737 noster,
1808 1667 1896 1724 uti
1943 1662 2217 1727 Robrica
2265 1668 2575 1744 praecipit,
2619 1683 2761 1727 cum
2810 1670 3119 1729 termina-

534 1757 635 1810 tur
678 1744 984 1809 Officium.
1030 1742 1247 1807 Utrum
1298 1760 1447 1805 vero
1495 1745 1579 1805 sit
1623 1743 1812 1805 etiam
1861 1743 2150 1805 addenda
2222 1744 2478 1810 Oratio.
2536 1749 2643 1807 alii
2694 1743 3122 1825 probabiliter

533 1836 787 1905 negant,
832 1827 881 1886 si
928 1826 1207 1903 excipias
1255 1835 1501 1884 noctem
1551 1823 1939 1893 Nativitatis‚
1982 1841 2061 1886 ex
2107 1824 2413 1900 Rubrica;
2458 1827 2565 1888 alii
2619 1830 2765 1889 item
2817 1828 3114 1905 probabif

532 1907 681 1970 liter
711 1906 1048 1974 affirmant,
1083 1914 1266 1982 prout
1299 1920 1526 1983 nempe
1565 1914 1786 1967 tenent
1822 1903 2197 1967 Matutinum
2235 1917 2298 1967 et
2332 1907 2574 1969 Laudes
2613 1907 2709 1969 vel
2751 1925 2942 1970 unam
2975 1927 3121 1971 esse

528 1987 759 2049 Horam
806 1986 905 2047 vel
950 1988 1125 2048 duas.
1171 1984 1438 2047 Praestat
1478 1996 1691 2048 autem
1736 1986 1883 2063 (etsi
1933 2002 2061 2048 nou
2106 1998 2188 2048 sit
2220 1987 2297 2049 de
2338 1990 2704 2066 praecepto),
2749 2001 2816 2051 ut
2859 1991 3123 2067 quando

528 2078 928 2147 separantur,
976 2068 1160 2128 initio
1208 2065 1486 2128 Laudum
1533 2069 1959 2156 praemittatur
2003 2064 2242 2141 Oratio,
2290 2068 2558 2143 Domine,
2597 2070 2660 2130 in
2703 2071 2931 2132 unione
2974 2081 3123 2134 etc..

527 2149 626 2210 vel
672 2148 894 2209 saltem
943 2146 1134 2208 Pater
1177 2157 1242 2207 et
1281 2146 1419 2208 Ave.
1826 2193 1843 2210 .

609 2227 737 2289 Imo
785 2244 907 2288 non
957 2228 1159 2290 solum
1206 2226 1580 2289 Matutinum
1628 2242 1662 2287 a
1709 2225 2069 2289 Laudibus.
2121 2227 2228 2289 sed
2282 2238 2408 2289 tres
2455 2231 2570 2305 ipsi
2619 2229 2922 2290 Nocturni
2976 2247 3118 2307 pos·

530 2321 680 2373 sunt
725 2308 1142 2388 probabiliter
1188 2306 1360 2369 licite
1408 2317 1576 2369 inter
1620 2323 1688 2367 se
1733 2309 2017 2384 separari
2064 2308 2299 2387 absque
2345 2309 2477 2370 ullo
2527 2320 2801 2386 peccatu,
2831 2311 2951 2371 etsi
2987 2327 3117 2372 non

534 2389 894 2452 intercedat
939 2404 1164 2461 causa,
1221 2386 1445 2448 saltem
1493 2391 1541 2448 si
1593 2388 1763 2448 inter
1808 2403 1918 2449 eos
1967 2403 2093 2449 non
2154 2389 2509 2451 intercedat
2553 2390 2759 2467 majus
2807 2392 3119 2469 temporis

528 2472 822 2548 spatium,
865 2484 1050 2547 quam
1102 2469 1293 2530 trium
1342 2468 1643 2528 horarum
1672 2515 1687 2542 ,
1732 2467 1894 2545 quod
1944 2469 2198 2546 quidem
2258 2479 2428 2531 esset
2466 2469 2647 2547 Juxta
2708 2471 2901 2533 ritum
2947 2474 3118 2534 anti-

526 2567 742 2627 quum,
787 2558 974 2629 prout
1017 2549 1218 2611 refert
1261 2549 1321 2609 d.
1362 2547 1657 2609 Thomas.
1700 2547 1915 2625 Neque
1977 2559 2126 2611 tunc
2193 2549 2375 2611 adest
2429 2550 2733 2629 obligatio
2798 2550 3115 2613 recitandi

525 2631 760 2701 Pacem
805 2628 1120 2707 siquidem
1167 2627 1411 2692 nullum
1469 2629 1586 2691 bac
1631 2628 1709 2690 de
1757 2646 1824 2689 re
1871 2638 2257 2708 praeceptum
2306 2629 2504 2692 adest.

609 2781 762 2842 4⁰·
812 2786 911 2851 An
959 2781 1278 2868 (quaeres)
1330 2784 1711 2851 Matutinum
1756 2796 1899 2849 ante
1947 2785 2208 2852 Missam
2253 2785 2338 2851 sit
2375 2786 2892 2872 persolvendum?

613 2895 682 2960 R.
733 2891 1152 2959 Probabilior
1199 2897 1262 2958 et
1311 2890 1732 2958 communior
1769 2891 2094 2958 sententia
2130 2909 2280 2959 cum
2317 2893 2655 2976 Anaclet0,
2690 2893 3114 2988 Bellarmino.

524 2999 853 3080 Concina,
905 2997 1175 3079 Lessio,
1228 3000 1442 3079 DenS,
1500 2997 1833 3079 Sanchez,
1886 2999 2105 3083 Sylvio
2156 2999 2440 3084 aliisque
2490 2999 2711 3069 docet:
2757 3003 2821 3086 1)
2873 3009 3108 3069 contra

519 3104 824 3187 Antoine,
872 3111 936 3172 et
979 3107 1293 3186 Juvenen,
1344 3121 1475 3171 non
1538 3098 1688 3171 esse
1735 3105 2012 3171 mortale
2063 3105 2362 3173 Officium
2414 3107 2839 3189 matutinale,
2892 3107 2960 3175 id
3008 3119 3113 3176 est

519 3210 915 3278 Matutinnm
965 3228 1115 3278 cum
1166 3210 1499 3278 Laudibus
1552 3217 1704 3296 post
1753 3211 2018 3279 Missam
2070 3213 2480 3297 persolvere;
2536 3223 2674 3280 tum
2724 3216 2876 3298 quia
2929 3216 3110 3282 nulla

520 3336 669 3386 vera
719 3317 902 3386 adest
950 3318 1275 3386 connexio
1326 3317 1499 3386 inter
1536 3318 1836 3386 Officium
1873 3326 1937 3386 et
1974 3319 2239 3387 Missam
2256 3345 2274 3401 3
2313 3328 2452 3387 tum
2493 3322 2642 3404 quia
2687 3322 2900 3406 gravis
2946 3322 3112 3390 obli—

522 3423 701 3510 gatio
747 3441 877 3491 non
929 3423 1100 3491 clare
1148 3423 1540 3509 exprimitur
1588 3424 1651 3490 in
1704 3425 2006 3506 Rubrica,
2048 3443 2262 3510 neque
2299 3426 2742 3494 communiter
2773 3426 2897 3496 sub
2932 3429 3108 3512 gravi

519 3539 784 3618 recepta
835 3537 953 3600 est.
1003 3533 1250 3600 Docet:
1300 3531 1369 3617 2)
1422 3539 1651 3599 contra
1702 3533 2082 3600 Tamburini
2134 3539 2200 3600 et
2249 3533 2472 3613 Quarti
2525 3541 2701 3601 esset
2748 3533 3000 3628 veniale
3045 3535 3108 3601 id

521 3655 715 3722 agere
764 3636 905 3705 sine
955 3655 1182 3705 causa:
1235 3637 1385 3723 quia
1431 3656 1654 3705 revera
1705 3656 1737 3703 a
1773 3639 2052 3707 Rubi-ica
2095 3638 2161 3706 id
2194 3640 2364 3707 inter
2404 3639 2698 3709 defectus
2733 3640 3104 3709 habetur22

522 3753 588 3815 et
622 3745 673 3813 si
717 3762 844 3812 non
882 3746 1271 3826 necessaria,
1307 3753 1408 3812 est
1444 3746 1740 3830 profecto
1770 3746 1874 3813 illa
1904 3746 2203 3814 recitatio
2239 3747 2859 3816 convenientissima
2887 3748 3110 3834 dispo·

522 3851 675 3920 sitio
710 3850 790 3946 ad
824 3851 1310 3919 celebrandum.
1346 3854 1416 3919 In
1456 3853 1619 3919 banc
1655 3854 2047 3920 sententiam
2078 3854 2411 3922 consentit
2443 3854 2845 3923 Benedictus
2878 3857 3022 3926 XIV
3056 3859 3106 3922 ³.

607 3959 702 4027 Ab
752 3959 1128 4043 hujusmodi
1180 3966 1396 4027 tamen
1448 3960 1638 4045 culpa
1688 3959 1968 4042 veniali,'
2019 3968 2087 4026 ut
2154 3968 2333 4030 recte
2400 3962 2626 4031 dicunt
2685 3981 2834 4032 cum
2884 3963 3109 4032 Conti-

582 4203 603 4243 1
646 4206 701 4256 V.
736 4205 964 4267 bigami,
1001 4205 1137 4267 Opus
1189 4206 1344 4265 Mor„
1380 4204 1414 4254 l.
1450 4218 1520 4266 iv,
1557 4217 1609 4256 n.
1646 4210 1754 4259 167.
1790 4233 1852 4245 —
1892 4209 1948 4258 V.
1985 4211 2256 4271 Ferraris;
2295 4210 2356 4259 V.
2395 4209 2726 4262 Haluntium.

572 4266 597 4307 ²
632 4266 682 4317 Si
720 4269 874 4317 Missa
905 4268 971 4318 sit
1001 4270 1059 4318 de
1096 4269 1295 4330 nequis,
1333 4269 1467 4318 banc
1502 4269 1859 4321 inversionem
1895 4271 2102 4322 nullum
2137 4273 2355 4322 omnino
2394 4272 2660 4323 includere
2695 4274 2973 4336 peccatum
3014 4274 3101 4326 alii

515 4328 731 4388 decenn
766 4330 891 4393 quia
919 4331 1044 4379 tuuc
1077 4331 1223 4381 nulla
1255 4332 1334 4381 vel
1372 4331 1503 4382 levis
1533 4330 1686 4381 adest
1716 4335 1981 4384 connexio
2016 4335 2153 4385 inter
2190 4336 2397 4385 Missam
2432 4335 2484 4383 et
2518 4334 2780 4386 Officium.
2948 4378 2960 4385 .

577 4393 599 4431 ⁸
634 4393 701 4442 De
734 4391 879 4441 sacr.
915 4391 1098 4449 Missae,
1136 4394 1164 4442 Ι.
1199 4405 1277 4453 ιιι,
1311 4409 1357 4442 κ.
1396 4395 1469 4444 13.
1505 4419 1566 4430 -
1603 4394 1789 4444 Verius
1823 4393 1998 4445 tamen
2031 4398 2084 4446 et
2114 4396 2467 4447 communiter
2499 4396 2770 4449 affirmant
2802 4410 2917 4449 esse
2957 4410 3100 4449 mor·

516 4454 637 4512 tale,
674 4453 776 4503 nisi
810 4453 951 4504 adsit
981 4464 1127 4512 vera,
1163 4455 1373 4517 publica
1402 4457 1455 4506 et
1485 4456 1662 4517 gravis
1694 4466 1878 4517 causa,
1910 4469 2099 4508 canere
2135 4459 2344 4507 Missam
2377 4462 2765 4511 conventualem
2813 4460 3087 4512 solemnem

514 4519 801 4578 antequam
837 4514 1079 4567 Officium
1116 4517 1427 4569 matutinale
1459 4519 1511 4568 in
1546 4519 1711 4568 cnoro
1746 4518 1979 4581 dicatur;
2030 4531 2152 4570 cum
2202 4520 2270 4570 sit
2318 4521 2586 4571 contraria
2631 4522 2996 4586 consuetudo;
3051 4529 3104 4576 et

513 4576 665 4630 aliter
697 4577 902 4634 agendo
936 4577 1157 4629 laedatur
1188 4581 1415 4640 graviter
1448 4580 1692 4642 publicus
1722 4583 1809 4631 Dei
1842 4583 2035 4640 cultus,
2070 4584 2124 4632 et
2170 4583 2491 4634 conveniens
2545 4585 2774 4646 regimen
2827 4585 3099 4646 Boules-im,

514 4644 701 4701 praeter
733 4639 1043 4690 scandalum
1080 4641 1277 4704 populi.
1316 4642 1543 4704 Liguori,
1566 4642 1700 4702 opus
1733 4644 1887 4703 Mor„
1927 4645 1959 4693 l.
1996 4655 2065 4703 vi,
2104 4644 2286 4704 n.348,
2322 4656 2442 4696 cum
2479 4646 2691 4702 suarez.
2716 4647 3097 4700 salmanticen-

511 4701 680 4764 sibus,
715 4702 1001 4767 sylvestre,
1033 4703 1290 4766 NavarrO,
1326 4704 1469 4766 Soio,
1507 4704 1799 4767 haymano,
1835 4705 2144 4769 Henriquez,
2182 4706 2388 4768 Garcia,
2422 4709 2621 4770 merati,
2658 4711 2754 4761 etc.
