3292 5167
490 206 621 272 636
881 270 887 279 ,
1195 223 1308 268 mn.
1358 222 1420 268 11.
1471 222 1683 270 macr.
1730 218 1856 268 vm.
1906 223 2055 270 mse.
2113 223 2151 267 ι.
2201 221 2332 267 cae.
2382 220 2462 266 ιν.

490 329 541 397 si
592 326 1042 395 catechumeni
1092 318 1434 395 veritatem
1482 325 1873 395 catholicam
1922 330 2258 410 negarent,
2309 329 2532 393 essent
2562 323 2909 395 infideles:
2948 345 3078 395 non

490 436 806 515 haeretici,
857 432 979 501 nisi
1032 432 1164 501 lato
1215 450 1441 514 sensu,
1491 449 1732 518 nempe
1782 431 1847 499 in
1897 431 2041 499 foro
2093 430 2235 513 Dei,
2291 447 2422 497 non
2473 430 2814 499 Ecclesiae.

575 546 650 611 In
697 542 898 610 dubio
949 558 1101 609 vero
1152 546 1375 607 utrum
1423 540 1663 625 aliquis
1711 540 1910 623 fuerit
1963 556 2171 607 necne
2217 539 2587 626 baptizatus
2617 593 2635 621 ‚
2684 547 2797 609 aut
2846 537 3082 608 saltem

488 651 614 718 rite
661 668 735 717 ac
783 648 990 717 valide
1041 648 1307 731 tinctuS‚
1344 647 1779 734 praesumptio
1815 653 1916 716 est
1969 666 2085 733 pro
2136 646 2455 734 Baptismi
2488 648 2731 729 valore,
2780 647 3082 733 adeoque

487 759 787 846 subjacet
836 738 1298 826 sanctionibus
1347 758 1427 825 ab
1460 756 1753 825 Ecclesia
1805 764 2034 825 contra
2083 755 2434 824 haereticos
2484 754 2886 823 constitutis.
2915 757 3079 822 Item

487 866 787 953 subjacet
863 867 974 950 qui
1025 864 1284 934 dubitat
1333 864 1616 951 positive
1662 864 1744 931 de
1792 864 2013 950 aliquo
2067 862 2216 931 fidei
2275 862 2574 944 atticum,
2625 880 2825 948 quem
2872 862 2997 930 scit
3047 882 3084 929 a

484 975 625 1042 Deo
676 973 1079 1052 revelatum3
1121 989 1271 1038 nam
1307 969 1724 1056 suspendens
1760 971 2126 1039 voluntarie
2163 986 2528 1052 assensum,
2563 969 2818 1054 judicat
2866 969 3081 1037 adhuc

485 1081 819 1148 incertum
863 1079 1044 1164 quod
1095 1081 1270 1147 Deus
1315 1079 1506 1163 jubet
1555 1078 1825 1148 credere
1877 1078 1972 1146 uti
2037 1087 2313 1151 certum.
2350 1078 2516 1145 Hinc
2565 1077 2631 1144 in
2676 1080 2835 1144 Jure
2879 1094 3079 1145 cano·

371 1228 378 1235 -
484 1189 635 1257 nico
686 1188 960 1273 legitur:
1008 1187 1228 1254 dubius
1258 1188 1327 1254 in
1371 1187 1490 1273 fide
1530 1187 1797 1272 infidelis
1843 1198 1948 1269 est,
2000 1186 2067 1253 id
2116 1192 2214 1254 est
2262 1187 2589 1257 haereticus
2639 1186 2686 1253 ¹.

577 1300 644 1363 R.
694 1294 790 1362 Ad
837 1297 924 1361 2:
971 1294 1259 1362 Haeresis
1313 1293 1686 1362 dividitur:
1736 1295 1801 1379 1)
1849 1293 1916 1360 in
1964 1293 2369 1361 materialem
2418 1300 2483 1361 et
2530 1294 2894 1361 formalem.
2926 1296 3089 1361 For-

484 1405 670 1469 malis
722 1409 822 1470 est
872 1420 1059 1470 error
1106 1401 1518 1471 voluntarius
1569 1410 1638 1469 et
1689 1402 1991 1487 pertinax
2041 1402 2210 1470 circa
2261 1401 2545 1487 aliquam
2596 1402 2937 1471 veritatem
2968 1419 3084 1468 ca·-

483 1511 839 1579 tholicam.
887 1510 1242 1579 Materialis
1289 1515 1438 1591 est,
1493 1526 1620 1594 qua
1671 1510 1818 1596 quis
1868 1508 2115 1595 aliquid
2164 1486 2372 1577 credit
2419 1508 2571 1577 fidei
2629 1508 3080 1591 contrarium,

483 1618 599 1686 sed
652 1618 778 1685 tale
828 1635 975 1686 esse
1025 1617 1295 1684 omnino
1347 1617 1648 1701 ign-orat3
1683 1619 1753 1702 2)
1804 1618 1869 1684 in
1916 1636 2082 1682 mere
2128 1614 2459 1698 internam,
2512 1634 2661 1702 quae
2697 1617 2785 1683 ita
2821 1616 2978 1684 latet
3010 1615 3079 1683 in

480 1733 703 1793 mente
753 1732 825 1793 ut
873 1726 1055 1792 nullo
1104 1731 1379 1792 externo
1429 1725 1618 1809 signo
1673 1725 2285 1805 manifestetur;‘in
2333 1743 2498 1790 mere
2550 1737 2898 1805 externam,
2952 1740 3083 1809 qua

486 1833 635 1918 quis
685 1833 951 1900 nonnisi
1026 1831 1319 1900 exterius
1390 1833 1490 1900 vel
1562 1850 1680 1900 ore
1728 1833 1827 1921 vel
1877 1833 2047 1900 sacto
2098 1831 2296 1900 fidem
2344 1839 2578 1916 negat,
2652 1850 2801 1900 cum
2852 1837 3078 1898 tamen

481 1928 625 2009 eam
673 1940 885 2007 adhuc
934 1941 996 2006 in
1036 1939 1234 2007 corde
1269 1940 1581 2021 retineat3
1619 1939 1883 2007 tandem
1923 1940 1986 2006 in
2038 1941 2351 2007 internam
2383 1945 2447 2006 et
2493 1950 2821 2006 externam
2864 1938 3079 2019 simul,

482 2066 632 2134 quae
682 2054 747 2115 et
797 2048 860 2113 in
911 2053 1130 2115 mente
1180 2047 1483 2131 hwetur,
1538 2055 1604 2115 et
1640 2047 1933 2115 exterius
1972 2047 2448 2115 manifestatur.
2487 2048 2773 2117 Haeresis
2807 2053 3081 2115 externa

479 2155 579 2223 vel
631 2160 731 2222 est
780 2155 1018 2222 occulta
1051 2208 1067 2237 ,
1113 2172 1262 2239 quae
1314 2155 1557 2222 nemini
1609 2168 1721 2222 aut
1794 2144 2020 2241 pa‘ucis
2068 2153 2469 2235 innotescit3
2543 2154 2641 2222 vel
2692 2156 3073 2240 manifesta,

483 2278 632 2347 quae
685 2267 860 2346 patet
907 2261 1383 2346 compluribus.
1431 2264 1677 2331 Verum
1727 2262 2000 2329 haeresis
2051 2262 2187 2329 sive
2236 2260 2783 2329 materialis-sive
2817 2267 3075 2328 tantum

484 2377 754 2437 externa
805 2386 938 2435 non
993 2374 1095 2436 est
1142 2368 1417 2436 haeresis
1466 2368 1734 2455 proprie
1782 2369 1953 2436 dicta
1971 2394 1989 2450 3
2041 2386 2188 2435 nam
2229 2370 2434 2455 prima
2484 2376 2663 2436 caret
2698 2366 3075 2454 pertinacia,

480 2475 769 2544 secunda
818 2493 1045 2543 errore
1093 2475 1465 2545 intellectus
1516 2470 1565 2542 ².
2084 2514 2103 2543 2

567 2584 788 2651 921).
841 2584 913 2663 Q.
959 2584 1022 2648 2.
1074 2583 1267 2663 Quale
1309 2594 1624 2668 peccatum
1672 2583 1942 2663 haeresia,
1993 2595 2047 2649 et
2093 2585 2204 2668 qui
2251 2584 2559 2669 legitimus
2604 2583 2737 2666 eju-5
2770 2582 2978 2669 judex
2998 2588 3030 2648 ?

568 2692 637 2757 R.
688 2688 785 2756 Ad
857 2690 887 2755 1
923 2711 937 2754 ε
988 2689 1275 2757 Haeresis
1316 2705 1520 2756 unum
1555 2697 1656 2757 est
1690 2708 1768 2758 ex
1804 2689 2204 2774 gravissimis
2240 2690 2566 2775 peccatis;
2602 2708 2753 2758 cum
2791 2689 3072 2775 expellat

479 2796 698 2876 fidem,
756 2813 905 2880 quae
957 2801 1057 2863 est
1105 2795 1605 2864 fundamentum
1647 2797 1949 2881 justitiae,
1999 2799 2141 2866 sine
2185 2816 2310 2883 qua
2353 2797 2765 2884 impossibile
2797 2804 2898 2871 est
2933 2792 3069 2883 pla·

480 2921 631 2970 cere
683 2904 839 2969 Deo.
889 2904 1031 2969 lmo
1082 2907 1184 2969 est
1231 2903 1589 2970 maximum
1642 2910 1984 2988 peccatum
2033 2903 2097 2972 in
2148 2904 2373 2990 specie
2421 2902 2869 2985 infidelitatis,
2919 2902 3070 3001 quia

479 3018 583 3077 est
632 3008 976 3094 positivcs,
1019 3017 1084 3077 et
1133 3010 1413 3078 maxime
1445 3011 1856 3079 voluntarius
1891 3017 2312 3097 contemptus
2345 3010 2772 3079 Auctoritatis
2804 3010 3065 3078 divinae:

478 3125 544 3186 et
593 3116 687 3184 sic
736 3122 836 3185 est
885 3116 1261 3185 immediate
1317 3136 1390 3186 ac
1438 3118 1687 3187 directe
1737 3126 1964 3186 contra
2013 3121 2244 3199 Deum.
2296 3120 2459 3187 Hinc
2520 3118 2805 3187 Paulus:
2853 3122 3066 3186 Hoere-

476 3224 671 3290 ticum
717 3224 1093 3289 hominem...
1143 3222 1366 3307 devita,
1413 3227 1632 3310 sciens,
1682 3228 1832 3312 quia
1860 3226 2203 3294 ‘subversus
2234 3236 2321 3292 est
2347 3279 2364 3307 ‚
2413 3225 2563 3310 quia
2615 3225 2917 3311 ejusmodi
2958 3237 3062 3307 est,

479 3342 536 3395 et
582 3330 902 3414 delinquit,
953 3350 1093 3397 cum
1133 3332 1218 3398 sit
1259 3334 1519 3418 proprio
1555 3333 1797 3420 judicio
1843 3333 2285 3400 condemnatus
2334 3335 2383 3399 ³.
2432 3335 2512 3398 Et
2558 3335 2847 3400 Joannes
2875 3358 2897 3399 .·
2936 3324 3063 3399 ’Νο-

480 3437 582 3503 lite
625 3439 894 3524 recipere
939 3458 1080 3505 eum
1125 3426 1509 3527 int'domum,
1558 3461 1669 3508 nec
1696 3461 1827 3507 uve
1872 3442 1928 3507 ei
1975 3440 2269 3507 dioeeritis
2315 3444 2365 3507 ⁴.
2417 3438 2537 3520 Qui
2590 3446 2807 3511 tamen
2843 3440 3061 3525 lapsus

478 3550 581 3611 est
627 3542 690 3610 in
740 3544 1086 3627 haeresim,
1157 3546 1376 3615 verius
1425 3566 1557 3615 non
1611 3553 1876 3616 tenetur
1924 3546 2255 3633 explicare
2305 3545 2517 3632 qualis
2567 3562 2643 3613 ea
2691 3546 2798 3627 sit,
2851 3561 3061 3631 neque

476 3656 641 3737 quot
688 3650 838 3719 fidei
888 3651 1202 3721 articulos
1236 3651 1655 3739 denegaverit
1684 3679 1703 3734 3
1739 3670 1887 3721 nam
1925 3654 2261 3739 obJectum
2300 3651 2450 3720 fidei
2478 3652 2759 3721 formale
2796 3654 3061 3721 unicum

475 3767 598 3837 est,
649 3776 890 3843 nempe
942 3759 1255 3829 veracitas
1320 3761 1436 3827 Dei
1489 3759 1863 3828 revelantis.
1910 3760 2065 3829 Ideo
2117 3760 2225 3846 qui
2279 3758 2501 3846 plures
2548 3759 2701 3827 fidei
2749 3759 3059 3827 articulos

472 3873 688 3951 negat,
738 3872 840 3934 est
890 3865 1173 3939 infidelis
1223 3885 1298 3936 ac
1346 3867 1401 3935 si
1451 3886 1657 3936 unum
1706 3874 1997 3954 negaret.

534 4078 553 4117 ¹
590 4078 649 4140 G,
681 4090 700 4129 1
735 4078 796 4151 de
825 4077 1001 4150 lutere-t.
1035 4078 1198 4130 Aliter
1229 4081 1370 4132 esset
1401 4081 1444 4131 si
1479 4081 1600 4144 quis
1633 4080 1873 4144 negative
1907 4081 2128 4132 omnino
2163 4090 2220 4131 se
2251 4079 2469 4132 haberet
2515 4091 2678 4145 super
2710 4078 2899 4143 aliquo
2931 4080 3055 4132 arti·

472 4141 610 4201 culO,
644 4142 703 4193 nt
735 4151 778 4189 si
815 4140 972 4190 alicui
1007 4139 1062 4189 in
1097 4144 1323 4194 mentem
1356 4143 1535 4195 veniat
1566 4141 1807 4202 dubium,
1843 4143 1934 4193 sed
1970 4142 2110 4193 illico
2143 4142 2210 4193 ad
2245 4143 2352 4193 alia
2379 4154 2437 4194 se
2468 4144 2762 4200 convertat,
2798 4142 2934 4194 nihil
2969 4154 3051 4194 cu·

470 4214 598 4253 rans
632 4204 696 4254 de
729 4203 816 4253 illo
851 4201 1032 4275 dubio.
1072 4203 1302 4267 Liguort,
1343 4207 1432 4267 Op.
1468 4207 1624 4263 Mor„
1664 4207 1695 4254 Ι.
1732 4216 1822 4271 vn,
1860 4217 1911 4255 n.
1947 4206 2057 4257 302.

595 4265 836 4316 Ceterum
872 4277 925 4314 in
959 4263 1135 4317 dubiis
1168 4268 1309 4318 circa
1343 4268 1500 4321 fldem
1535 4267 1843 4325 videndum,
1880 4280 2009 4318 num
2044 4265 2304 4318 haesitatio
2337 4268 2405 4317 sit
2437 4266 2493 4317 in
2536 4266 2836 4325 voluntate,
2896 4277 2967 4317 au
3002 4267 3055 4316 ln

468 4325 852 4386 imaginatione
887 4328 1130 4398 tantum;
1167 4340 1236 4380 an
1269 4329 1508 4390 tundata,
1544 4330 1626 4381 vel
1662 4339 1819 4391 vaga.
1855 4328 1906 4380 Si
1944 4332 1989 4391 1,
2025 4328 2283 4380 solvenda
2317 4330 2397 4379 est
2418 4326 2707 4379 difficultas
2729 4339 2744 4391 ;
2770 4329 2814 4379 si
2838 4331 2889 4388 2,
2913 4340 2938 4379 s
2977 4340 3055 4379 er-

470 4387 706 4439 nendum
738 4390 818 4440 est
851 4387 1093 4439 dubium.
1131 4392 1239 4442 Hoc
1279 4394 1510 4444 maxime
1545 4391 1808 4454 agendum
1860 4403 1985 4442 cum
2021 4391 2383 4454 scrupulosis:
2423 4389 2514 4454 qui
2550 4391 2593 4441 si
2630 4393 2842 4443 vincere
2875 4402 2939 4443 ve
2961 4391 3052 4450 int,

469 4461 579 4500 non
617 4448 809 4501 debent
839 4451 1096 4503 disserere
1129 4457 1592 4512 commutatione,
1644 4453 1735 4505 sed
1791 4458 2021 4505 mentem
2076 4452 2181 4503 alio
2237 4453 2518 4511 divertere,
2573 4452 2820 4517 aliosque
2868 4453 3056 4505 elicere
3130 4502 3139 4513 ‚

470 4514 642 4571 actus,
669 4510 1023 4587 contritionis»,
1047 4515 1177 4576 spei,
1198 4518 1490 4577 charitatis,
1517 4522 1615 4570 etc.
1639 4542 1700 4554 —
1740 4516 1794 4567 V.
1821 4518 2050 4579 Liguori,
2078 4516 2268 4567 Ρνιιτιτὶε
2294 4514 2620 4577 confessarii,
2653 4526 2704 4565 n.
2726 4516 2838 4566 233.

532 4574 556 4614 ²
589 4574 650 4624 V.
689 4575 790 4625 Cau.
824 4574 976 4642 Catt„
1007 4587 1109 4627 ser.
1148 4581 1217 4638 1⁸,
1260 4581 1294 4631 t.
1329 4592 1392 4629 v:
1430 4580 1570 4642 Demi
1598 4579 1773 4630 arctici
1804 4580 2082 4631 materiali.

531 4637 554 4675 ⁸
590 4636 666 4688 Ad
702 4637 773 4687 tit.
809 4648 880 4686 ¹¹1-
1318 4641 1341 4682 ί
1373 4644 1470 4706 Ep.
1506 4655 1561 4693 ιι.
1595 4667 1660 4679 -
1700 4643 1756 4692 V.
1792 4642 2019 4704 bigami,
2058 4642 2192 4702 Opus
2224 4641 2383 4701 Mor„
2417 4640 2453 4690 l.
2488 4651 2541 4701 v,
2576 4649 2629 4691 n.
2663 4640 2742 4690 5⁰.
2778 4690 2783 4699 ,
