3292 5167
1347 223 1436 270 ιυε
1485 223 1623 270 rins
1926 176 1933 184 ’
2648 202 2780 269 663

178 323 431 389 nullum
477 321 794 405 siquidem
841 329 996 387 tunc
1033 331 1136 386 est
1193 324 1371 389 lalsae
1429 324 1986 404 interpretationis
2017 321 2389 402 periculum.
2439 321 2503 384 Si
2548 322 2573 367 ¹
2623 340 2777 387 vero

177 407 390 486 agitur
436 405 514 467 de
557 404 967 469 versionibus
1015 403 1168 466 licet
1228 405 1556 481 genuinis,
1597 405 1711 468 sed
1758 409 1898 469 sine
1942 404 2178 468 debitis
2217 405 2775 482 adnotationibus,

177 488 299 550 etsi
337 485 490 548 olim
540 482 1136 564 receptumiaerit,
1181 495 1249 548 ut
1293 502 1397 548 res
1433 496 1560 549 tota
1609 487 1810 548 solius
1856 486 2175 564 Episcopi,
2213 488 2341 546 imo
2384 482 2486 544 vel
2512 485 2774 546 cenfes-

177 568 333 630 sarii
375 565 621 645 judicio
664 564 1032 627 definienda
1089 565 1618 646 relinquen-etum
1678 566 1870 629 bodie
1935 574 2146 628 tamen
2202 577 2471 643 propter
2528 565 2773 629 abusus

177 649 286 728 qtui
331 650 565 709 merito
612 648 920 708 timentur
967 644 1216 708 fallacis
1262 649 1840 727 interpretationis,
1884 662 1962 708 ex
2006 646 2269 708 decreto
2313 645 2373 707 S.
2419 642 2483 704 C.
2531 643 2776 710 Indicis

178 728 259 791 15
297 727 466 806 junii
510 726 691 800 1757,
739 733 805 787 et
847 725 882 788 7
920 727 1051 805 jan.
1103 726 1259 790 ¹836
1303 727 1461 790 tales
1510 729 1839 791 versiones
1886 742 2012 789 non
2070 722 2348 805 amplius
2392 727 2776 804 permittun-

176 816 304 884 ῑιτ,
352 809 475 870 nisi
522 810 700 884 prius
742 805 995 887 fuerint
1029 805 1116 870 ab
1173 808 1537 887 Apostolica
1585 808 1733 870 Sede
1787 804 2168 886 approbata.
2234 805 2367 866 lino
2434 804 2515 865 ob
2564 815 2657 867 tot
2702 823 2772 868 in

176 888 316 951 dies
375 896 855 951 succrescentes
912 887 1169 965 abusus,
1229 889 1504 967 simplex
1547 890 1761 951 versio
1822 904 1946 949 non
2000 885 2402 950 solet.bodie
2470 886 2774 961 concedi3

177 969 332 1032 binc
373 968 452 1030 ad
498 968 876 1048 quaesitum:
926 977 1146 1030 utrum
1186 971 1605 1047 permittenda
1633 969 1961 1047 impressio
2016 967 2322 1043 versionis
2378 964 2643 1044 antiqui
2714 973 2780 1029 et

175 1052 322 1115 novi
372 1048 752 1111 Testamenti
794 1055 1079 1110 ewaratae
1108 1064 1219 1127 per
1266 1050 1422 1129 Rem·
1471 1052 1812 1112 Antonium
1848 1047 2126 1112 Martini
2148 1048 2289 1108 sine
2318 1052 2504 1109 coactu
2530 1047 2767 1122 latino,

91 1171 118 1191 .
176 1139 239 1193 et
276 1131 413 1192 sine
442 1131 631 1203 notis,
678 1128 866 1192 Sacra
901 1128 1139 1190 {udicis
1182 1128 1606 1210 congregatio
1652 1128 2025 1207 respondit:
2066 1128 2353 1209 κερατίου
2401 1125 2447 1185 ¹.

259 1211 407 1273 Haec
452 1218 666 1273 autem
712 1210 1056 1271 intercedit
1099 1209 1464 1274 differentia
1512 1215 1684 1272 inter
1741 1208 1920 1272 illum
1978 1211 2087 1287 qui
2147 1208 2540 1286 scripturam
2616 1206 2773 1284 legit

179 1290 278 1354 vel
337 1299 513 1353 tenet
567 1289 796 1367 lingua
853 1289 1104 1368 vulgari
1151 1295 1293 1352 sine
1339 1295 1509 1353 notis
1553 1306 1843 1353 versam:
1892 1288 2062 1367 quod
2099 1290 2148 1349 si
2196 1291 2412 1350 versio
2457 1290 2545 1349 sit
2590 1285 2761 1351 facta

174 1385 207 1433 a
255 1373 414 1433 viris
458 1370 793 1433 catholicis
842 1379 908 1432 et
941 1369 1258 1432 catholiea
1309 1374 1412 1447 sit,
1461 1375 1739 1434 incurrit
1768 1378 2017 1432 tantum
2067 1379 2396 1447 peccatum
2441 1367 2771 1444 mortale;

175 1455 324 1531 quia
372 1452 522 1514 facit
566 1461 789 1513 contra
834 1467 1028 1530 grave
1071 1450 1376 1515 Ecclesiae
1421 1460 1832 1532 praeceptum.
1875 1448 1937 1512 Si
1979 1465 2131 1511 vero
2179 1450 2391 1512 versio
2436 1453 2522 1510 sit
2566 1450 2769 1511 basre-

176 1533 455 1595 ticaliter
500 1531 688 1607 facta,
730 1540 794 1593 et
836 1533 914 1593 ab
962 1533 1290 1608 liaeretico‚
1333 1535 1612 1596 incurrit
1656 1534 1849 1595 etiam
1894 1531 2633 1592 excommunicationem
2666 1545 2765 1591 re·

176 1623 538 1686 servatam3
583 1627 726 1673 cum
771 1613 849 1674 ob
916 1614 1210 1676 liaeresim
1257 1612 1553 1676 damnata
1602 1616 1688 1675 sit
1733 1614 1943 1674 versio
1988 1611 2138 1685 ille,
2194 1621 2258 1672 et
2315 1611 2395 1671 ab
2448 1611 2758 1671 liaeretico

178 1702 441 1756 auctore
490 1693 822 1772 prodierit.
869 1691 1071 1756 Proat
1114 1703 1210 1757 est
1253 1696 1465 1756 versio
1513 1694 1806 1767 Diodati3
1850 1706 1999 1753 nam
2058 1700 2157 1753 est
2202 1692 2265 1769 ¹)
2309 1689 2390 1753 ab
2437 1691 2754 1764 koerett'co,

175 1789 319 1836 cum
367 1778 501 1853 ipse
557 1774 640 1836 sit
697 1774 778 1836 de
822 1772 1181 1836 calviniana
1231 1783 1442 1849 secta;
1481 1775 1548 1853 2)
1593 1772 2040 1836 naeretioatiter
2069 1771 2285 1851 factm·
2349 1786 2496 1833 nam
2560 1772 2761 1849 aliqui

176 1862 333 1916 sunt
377 1855 528 1916 libri
576 1856 835 1933 penitus
878 1856 1117 1927 omissi,
1160 1864 1224 1916 et
1267 1855 1374 1917 alii
1426 1860 1487 1917 in
1538 1854 1825 1932 pluribus
1872 1854 2174 1914 haeretice·
2227 1852 2601 1914 adulterati.

339 1928 389 2014 l)
431 1934 1019 2015 Indifferentismus,
1062 1937 1188 1996 alio
1229 1937 1485 1998 nomine
1530 1935 2044 1998 tolerantismus:
2091 1949 2279 2011 porro
2326 1932 2489 1994 alius
2530 1940 2631 1993 est
2674 1932 2759 1992 σι’·
2828 1934 2839 1951 “

175 2014 324 2076 vilis
368 2023 432 2077 et
469 2016 802 2095 politicus,
850 2031 975 2094 quo
1019 2016 1264 2077 scilicet
1309 2016 1612 2095 Princeps
1657 2016 1946 2077 diversas
1993 2014 2342 2091 religiones
2402 2013 2466 2073 in
2514 2028 2624 2073 sua
2671 2012 2759 2073 di-

178 2097 355 2157 tione
383 2096 648 2170 tolerat,
681 2095 842 2157 alius
879 2096 1212 2175 reliqiosus
1243 2113 1353 2158 seu
1383 2097 1784 2177 theotoqicus,
1808 2098 1916 2174 qui
1947 2111 2171 2156 omnes
2201 2093 2548 2169 religiones
2579 2108 2761 2169 aeque

175 2175 377 2238 bonas
424 2185 596 2239 tenet
638 2177 715 2239 ad
766 2175 1036 2239 salutem
1075 2176 1617 2255 consequendam.
1668 2177 1913 2237 Primus
1961 2185 2168 2254 potest
2212 2172 2599 2253 permitti-ad
2642 2188 2765 2234 ma·

163 2257 311 2334 jora
358 2258 640 2320 cavenda
688 2256 889 2320 mala:
933 2257 1213 2336 quamvis
1257 2257 1567 2336 infideles,
1610 2259 1702 2321 ait
1744 2257 1803 2319 d.
1847 2254 2161 2328 Thomas,
2206 2255 2274 2316 in
2333 2256 2468 2315 suis
2521 2250 2761 2315 ritibus

161 2344 446 2415 peccent,
489 2337 778 2400 tollerari
815 2344 1079 2418 possunt
1120 2336 1170 2400 ³.
1214 2335 1544 2413 Secundus
1601 2346 1815 2400 tamen
1861 2338 1966 2415 qui
2018 2338 2080 2397 in
2116 2334 2470 2413 Religionis
2502 2336 2763 2411 negotio

177 2415 333 2478 facit
375 2421 722 2498 unicuique
769 2417 1150 2493 libertatem,
1189 2429 1266 2480 ut
1331 2434 1471 2498 quae
1516 2420 1632 2481 sibi
1687 2422 1897 2480 verior
1942 2417 2264 2477 sententia
2322 2430 2453 2475 visa
2516 2413 2761 2481 fuerit,

174 2512 318 2559 eam
366 2509 602 2573 teneat,
644 2499 1141 2561 absurdissimus
1185 2506 1318 2560 est:
1363 2515 1508 2561 cum
1540 2504 1713 2561 enim
1759 2499 1997 2560 veritas
2045 2514 2167 2558 una
2216 2500 2310 2557 sit
2357 2506 2421 2555 et
2468 2495 2755 2555 indivisi·

173 2577 347 2653 bilis,
390 2580 757 2659 quicunqne
809 2594 950 2642 cum
999 2594 1132 2657 ipsa
1181 2594 1310 2639 non
1343 2590 1458 2651 est,
1511 2578 1859 2643 falsitatem
1893 2586 2190 2639 secta-tur.
2220 2576 2381 2637 Hinc
2413 2575 2760 2653 Apostolus

177 2669 418 2733 monet,
463 2677 656 2722 unum
686 2658 878 2721 Deum
919 2677 1069 2733 esse,
1115 2675 1308 2722 anam
1347 2659 1544 2738 fidem,
1584 2672 1779 2723 anum
1814 2658 2129 2736 baptisma
2151 2679 2175 2730 ,·
2218 2666 2282 2718 et
2327 2658 2635 2718 habemus
2679 2670 2761 2716 ex

172 2741 375 2817 ipsius
417 2737 777 2802 Servatoris
824 2742 1211 2814 testimonie,
1251 2756 1363 2801 eos
1395 2758 1526 2803 esse
1554 2757 1780 2803 contra
1813 2739 2153 2813 Christum,
2185 2739 2294 2817 qui
2335 2750 2475 2798 cum
2506 2734 2764 2798 Christo

168 2837 296 2883 non
338 2828 488 2882 sunt
520 2820 591 2895 ⁴3
633 2833 696 2883 et
739 2819 1093 2883 infeliciter
1136 2820 1660 2901 dispergere-qui
1707 2837 1847 2883 cum
1884 2825 2021 2897 ipso
2066 2834 2195 2881 non
2226 2816 2560 2896 eolligunt.
2600 2816 2765 2878 Huic

169 2898 620 2980 Hieronymus,
663 2918 803 2963 cum
853 2902 917 2962 in
967 2911 1095 2963 tres
1132 2911 1342 2978 partes
1387 2904 1734 2964 schismate
1764 2902 1958 2965 scissa
1991 2909 2153 2961 esset
2195 2898 2499 2971 Ecclesia,
2536 2909 2757 2958 narrat

165 2997 240 3044 se
285 2990 575 3044 tenacem
622 2984 970 3061 propositi,
1019 2982 1274 3060 quande
1318 2981 1551 3061 aliquis
1612 2999 1846 3061 rapere
1906 2986 2112 3057 ipsum
2158 2980 2235 3041 ad
2284 2994 2352 3040 se
2400 2979 2753 3052 nitebatur,

170 3058 547 3124 constanbr
589 3063 1015 3124 exclamasse:
1057 3063 1117 3121 si
1158 3062 1296 3140 quis
1337 3064 1654 3124 cathedras
1703 3063 1881 3124 Petri
1912 3061 2243 3140 μηρίων,
2292 3076 2459 3120 meus
2500 3067 2595 3120 est
2629 3057 2676 3119 5.

250 3140 443 3206 Falso
463 3151 674 3205 sutem
703 3144 821 3205 sibi
860 3147 1003 3222 quis
1041 3140 1462 3218 blandiretur,
1496 3144 1661 3222 quod
1697 3152 1760 3204 et
1794 3145 1928 3220 ipse
1975 3155 2039 3201 in
2086 3157 2243 3219 aqua
2296 3142 2379 3201 sit
2425 3153 2766 3218 regenera-

175 3233 320 3297 tns;
360 3233 717 3303 opportune
760 3227 934 3286 enim
987 3222 1417 3301 responderet
1490 3224 1913 3301 Augustinus:
1966 3220 2178 3300 Ipsam
2238 3219 2504 3299 formam
2572 3218 2765 3280 habet

166 3307 365 3368 etiam
396 3311 800 3379 sarmentum,
834 3305 992 3384 qaecod
1026 3305 1356 3383 praecisum
1384 3312 1480 3365 est
1510 3305 1582 3366 de
1606 3305 1731 3366 vite
1748 3325 1769 3372 ,·
1803 3304 1906 3365 sed
1937 3301 2087 3381 quid
2114 3301 2218 3362 icti
2242 3301 2497 3379 prodest
2529 3300 2761 3378 forma,

165 3390 229 3448 si
267 3401 390 3446 non
431 3385 591 3448 vivit
629 3385 700 3447 de
745 3387 957 3448 radice
999 3382 1072 3446 ⁶?
1120 3384 1248 3446 Hoc
1291 3400 1444 3463 ergo
1489 3396 1763 3463 systema
1813 3400 1938 3445 non
1988 3392 2085 3447 est
2127 3381 2322 3451 aliud,
2367 3396 2555 3460 quam
2625 3391 2751 3442 tur-

168 3469 434 3547 pissima
480 3469 722 3545 speeies
772 3467 1170 3528 infidelitatis
1227 3467 1589 3543 privativas,
1631 3481 1817 3527 error
1865 3465 2206 3545 pestiferas
2252 3463 2461 3524 aetatis
2506 3471 2764 3537 nosti-ai,

164 3556 392 3610 contra
438 3562 625 3625 quem
665 3556 919 3624 oportet
977 3545 1274 3606 Ecclesiae
1322 3548 1651 3607 ministros
1714 3545 1998 3606 viriliter
2061 3543 2387 3604 dimicare.
2465 3540 2588 3603 Leo
2632 3539 2767 3619 xli,

168 3627 488 3689 Enciclica
545 3626 658 3689 Ubi
711 3629 1004 3704 primum,
1047 3626 1329 3687 ostendit
1371 3642 1557 3704 qnam
1607 3626 1800 3687 facile
1862 3625 2444 3687 indifferentismus
2512 3624 2764 3699 religio·

55 3742 68 3751 ,
168 3725 281 3770 sus
346 3717 756 3770 convertatur
821 3709 881 3768 in
949 3707 1281 3778 deismnm,
1338 3706 1463 3767 imo
1525 3709 1587 3767 in
1646 3709 2029 3769 atheismum
2092 3719 2163 3766 ac
2214 3702 2762 3765 materialismum.

171 3786 469 3851 Pontifex
511 3800 721 3849 autem
767 3786 915 3849 Pius
962 3786 1036 3848 lX
1073 3785 1402 3864 Encyclica
1439 3784 1559 3859 Qui
1590 3785 1889 3866 pluribus
1920 3795 2103 3846 vocat
2143 3784 2761 3845 indifferentismum

163 3875 435 3950 systema
476 3869 828 3941 offendam,
876 3885 951 3930 ac
992 3867 1087 3928 vel
1130 3867 1254 3945 ipsi
1292 3868 1630 3929 maceratis
1675 3866 1950 3931 rationis
1997 3865 2222 3927 lumine·
2262 3865 2534 3924 maxime
2578 3878 2763 3940 repa·

160 3965 401 4031 qums,-
442 3964 714 4028 eumque
749 3951 978 4013 iterum
1009 3947 1289 4021 damnat,
1321 3954 1389 4007 nt
1419 3946 1641 4008 videre
1679 3959 1776 4011 est
1813 3950 1875 4008 in
1913 3942 2187 4027 Syllaba,
2220 3960 2329 4006 nn.
2357 3945 2433 4005 15
2460 3952 2529 4005 et
2556 3959 2766 4022 seqq.;

170 4033 239 4094 it.
284 4046 391 4092 nn.
435 4029 511 4092 77
554 4038 618 4093 et
651 4044 822 4108 seqq.

231 4254 254 4293 ¹
298 4254 350 4303 V.
383 4251 699 4303 Benedictus
732 4250 867 4309 xlv,
905 4249 973 4298 De
1006 4248 1150 4310 Syn„
1188 4246 1219 4295 l.
1255 4258 1324 4297 v1.
1360 4247 1426 4297 Et
1455 4246 1729 4308 Appenatv
1762 4257 1868 4296 xxv
1890 4277 1905 4302 ‚
1962 4244 2051 4296 lib.
2100 4256 2187 4304 iv,
2243 4243 2465 4293 omnino
2516 4240 2783 4309 legenda.-

225 4317 257 4357 2
291 4317 352 4366 V.
390 4314 627 4365 L’Amieo
659 4315 907 4373 cattotico,
943 4322 1043 4361 ser.
1083 4312 1153 4369 1³,
1187 4308 1294 4358 vol.
1325 4319 1423 4367 vn,
1461 4320 1580 4379 pag.
1615 4312 1741 4360 279:
1777 4307 1918 4371 quod
1957 4308 2067 4370 pari
2107 4307 2312 4357 ratione
2348 4305 2634 4363 affirmant,
2660 4305 2761 4355 elsi

170 4389 281 4432 una
311 4389 433 4429 cum
468 4378 712 4428 versione
745 4376 884 4426 adsit
914 4375 1112 4424 latinus
1146 4374 1338 4430 textuS,
1375 4370 1464 4419 sed
1505 4382 1621 4420 sine
1660 4371 1819 4421 notis.
1858 4372 1969 4421 Hoc
2003 4373 2180 4421 tamen
2216 4379 2322 4418 non
2358 4368 2526 4431 currlt
2556 4365 2622 4417 de
2654 4365 2761 4417 illis

165 4440 460 4492 Bibliorum
496 4438 750 4513 partibuS,
780 4448 900 4502 quae
932 4436 987 4485 in
1019 4434 1167 4485 libris
1200 4433 1567 4546 spiritualibus
1600 4433 1882 4494 leguntur;
1920 4432 2080 4496 idque
2112 4444 2177 4504 ex
2235 4433 2444 4494 recepta
2476 4432 2758 4481 consuetu-

170 4503 295 4555 dine
326 4505 380 4553 et
411 4503 568 4553 tacita
599 4501 932 4563 superiorum
969 4496 1228 4560 approbat
1249 4507 1369 4555 one,
1403 4506 1447 4545 si
1499 4500 1677 4547 tamen
1711 4495 1887 4544 versio
1938 4494 2199 4553 catholiea
2256 4493 2354 4545 sit:
2409 4492 2551 4556 quod
2605 4490 2762 4543 bodie

171 4566 405 4617 maxime
439 4564 732 4614 notandum
766 4564 862 4613 est.
1734 4555 1757 4597 ⁴
1792 4560 1840 4618 2,
1875 4561 1925 4619 2,
1961 4569 2012 4621 q.
2047 4559 2128 4618 10,
2163 4567 2210 4607 a.
2249 4560 2293 4607 ι.

227 4629 258 4669 ³
292 4627 422 4689 Βοὴ.
460 4636 545 4685 ι·.’;
581 4629 632 4677 et
666 4626 792 4676 Luc.
825 4636 898 4675 xi.

236 4690 260 4730 ε
291 4692 386 4753 Ep,
423 4696 569 4739 Lvm,
1501 4682 1526 4721 θ
1559 4683 1620 4733 In
1656 4683 1737 4732 Ps.
1772 4687 1956 4734 contra
1983 4687 2123 4746 part.
2162 4682 2351 4732 Donat.
