3292 5167
1191 282 1650 331 soso-rariouzs
2594 267 2717 336 {71

181 402 336 450 mne
388 381 551 463 forse
590 389 910 448 ossei-vato
951 382 1371 462 abbastanza,
1411 383 1520 448 elie
1561 383 1684 447 soli
1725 401 1765 448 a
1826 387 2031 449 vivere
2070 389 2340 451 immuni
2392 389 2571 453 dalla
2612 408 2716 454 su·

183 467 510 547 pei-senione
547 482 696 527 sono
739 467 765 528 i
803 467 939 527 veri
975 466 1186 545 fedeli,
1225 466 1448 543 perche
1489 465 1609 528 soli
1652 464 1859 528 hanno
1904 467 1968 530 la
2009 484 2157 530 vera
2204 471 2358 531 luce.
2388 469 2497 533 Μα
2526 470 2729 551 quelli·

185 547 265 609 cle
292 546 595 626 macciano
635 547 742 609 nel
781 543 1009 610 dubbi'o
1047 563 1325 626 provano
1368 547 1436 609 di
1476 547 1773 608 continuo
1814 544 1926 609 clio
1969 564 2275 612 mancano
2304 550 2372 611 di
2412 568 2600 614 senno
2631 569 2769 615 co·.

191 629 284 690 foro
317 626 416 687 che
455 626 538 687 da
579 625 703 690 Dio
739 628 1257 698 {allemanniam
1295 627 1511 707 poiche
1554 632 1659 688 tra
1703 628 1834 688 loro
1878 628 1903 688 i
1953 628 2071 707 pisa
2136 629 2448 692 increduli
2490 650 2637 695 sono
2700 632 2731 695 ἰ

187 708 268 789 pini
298 706 758 786 superstiziosi..
787 707 1122 787 Riqettano
1164 709 1188 769 i
1229 708 1457 770 dommi
1497 707 1773 782 rivelati,
1814 723 1846 769 e
1906 724 2070 769 come
2111 707 2387 772 Johnson
2449 714 2720 776 credone

190 790 278 852 alle
306 787 613 866 fantasiae
655 788 761 850 dei
797 789 1025 859 morti,
1066 804 1228 849 come
1261 788 1600 862 Rousseau,
1630 785 1759 850 han
1782 803 1992 867 paura
2032 789 2131 851 del
2165 807 2416 852 numero
2449 794 2674 856 tredici
2692 812 2731 866 ‚⁶

187 884 305 932 eune
339 867 543 945 Bayle,
591 874 828 930 temone
861 868 911 930 il
950 869 1203 931 venerdi
1225 887 1251 939 ,·
1294 885 1456 930 come
1511 866 1754 947 Volney,
1794 868 1853 928 si
1879 868 2075 947 fanno
2115 871 2399 951 spicqare
2434 872 2458 932 i
2493 874 2676 953 sequi
2694 892 2724 946 ‚·

185 964 303 1011 m
357 947 626 1022 Etvezio,
686 949 978 1012 studiana
1022 947 1363 1012 t’avnenire
1403 947 1579 1011 dalla
1623 946 1853 1012 cabula
1894 948 1994 1010 dei
2036 951 2286 1013 numeri
2307 971 2332 1024 ,·
2376 968 2539 1015 come
2596 952 2726 1016 Vol-

184 1028 306 1091 tui're
343 1035 580 1089 temone
618 1029 645 1090 i
683 1030 1111 1107 proynosrici:
1155 1045 1283 1091 ecc.
1328 1028 1547 1102 Quoad
1596 1029 1934 1093 haereticos
1977 1029 2125 1091 vide
2182 1030 2463 1107 Bossuet,
2508 1031 2724 1096 Storia

183 1108 299 1172 aelle
333 1106 697 1171 ‘variazi'oni
736 1110 890 1171 delle
938 1107 1150 1171 Chieso
1191 1109 1292 1172 dei
1327 1111 1736 1188 praestanti,
1778 1124 1927 1184 ecc.,
1975 1109 2012 1171 1.
2056 1127 2113 1184 v,
2156 1112 2274 1173 sub
2311 1112 2502 1174 tinem
2550 1113 2720 1176 libri.

237 1213 255 1241 ι
300 1186 342 1248 11
383 1190 552 1250 secol
602 1190 788 1251 d’oro
833 1189 997 1251 della
1065 1193 1465 1268 stregoneria
1511 1190 1616 1268 (ad
1678 1205 1809 1252 rem
1860 1188 2221 1271 Delaporte)
2267 1201 2464 1271 punto
2514 1210 2642 1255 non
2688 1196 2725 1257 e

180 1277 305 1331 stato
343 1270 442 1330 iiel
488 1269 710 1331 medio
750 1285 899 1344 ev03
947 1285 1047 1333 ma
1095 1266 1137 1330 il
1184 1270 1411 1333 secolo·
1439 1270 1735 1333 letterato
1789 1269 1892 1331 del
1962 1274 2416 1350 risorgimento
2471 1289 2505 1335 e
2551 1273 2721 1337 della

182 1347 414 1410 riforma.
458 1348 524 1410 L'
551 1349 939 1429 inghilterra
989 1350 1197 1413 fattasi
1246 1360 1641 1430 protestante
1685 1349 1846 1412 ebbe
1889 1352 1965 1412 ad
2013 1351 2245 1413 ardere
2277 1370 2309 1414 a
2347 1353 2631 1432 migliaJa
2670 1353 2727 1416 le

183 1431 393 1522 streglie
435 1430 606 1571 edgli
655 1433 964 1511 stregoni,
1000 1447 1036 1493 e
1086 1447 1152 1493 se
1187 1448 1267 1493 ne
1299 1448 1570 1510 possono
1605 1430 1801 1495 veder
1839 1430 1897 1492 le
1932 1446 2128 1510 prove
2176 1448 2278 1494 nei
2326 1435 2463 1496 suoi
2503 1436 2725 1498 storici

213 1524 262 1572 ιιι
296 1524 466 1572 acere
521 1513 688 1574 itati.
731 1534 757 1565 ι
1533 1546 1545 1559 ·
1782 1558 1789 1565 .

183 1527 209 1587 p
298 1590 347 1650 2.
388 1590 698 1653 Monitum
744 1589 949 1671 Stapf:
1008 1616 1030 1646 ι
1067 1589 1134 1652 ln
1172 1590 1529 1654 evellendis
1572 1590 1985 1670 opinionibus
2017 1592 2479 1669 superstitiosis
2526 1592 2725 1657 multa

180 1669 464 1747 prudentia
512 1681 586 1734 et
628 1674 824 1754 animi
872 1671 1216 1734 sobrietate
1260 1687 1419 1750 opus
1445 1680 1563 1734 est.
1596 1672 1907 1751 Equidem
1941 1672 1993 1733 si
2031 1673 2174 1733 talis
2211 1674 2430 1745 opinio
2476 1672 2725 1737 directe

180 1751 444 1827 Religioni
510 1762 630 1815 aut
693 1753 878 1814 bonis
944 1754 1227 1814 moribus
1295 1752 1723 1825 adversatur,
1783 1752 2149 1813 omnimode
2215 1762 2280 1813 et
2345 1758 2726 1835 quantocius

176 1832 432 1907 extirpari
476 1831 695 1894 debet.
744 1834 902 1895 Dum
946 1848 1097 1896 vero
1141 1832 1453 1911 ejusmodi
1500 1832 1937 1912 opiniunculae
1976 1833 2084 1893 vix
2131 1848 2254 1892 non
2291 1833 2587 1896 innocuae
2633 1837 2724 1896 vi·

179 1910 366 1974 dentur
423 1920 489 1973 et
568 1914 767 1974 simul
828 1929 860 1975 a
927 1915 1123 1975 multa
1169 1914 1551 1993 antiquitate
1599 1913 1946 1992 plurimum
2014 1914 2260 1991 vigoris
2318 1922 2706 1992 acceperunt

187 1992 405 2070 prudens
446 1993 821 2055 animarum
868 1992 1086 2056 Pastor
1132 1994 1275 2055 illas
1323 2010 1446 2056 non
1492 1994 1754 2074 quidem
1812 1993 2250 2066 confirmabit3
2313 2004 2597 2057 attamen
2644 1961 2728 2057 ad

191 2081 376 2150 tenipus
416 2072 868 2149 dissimulare,
908 2083 1099 2152 atque
1143 2073 1422 2137 studium
1469 2090 1653 2136 suum
1691 2090 1766 2136 eo
1823 2073 2108 2151 dirigere
2176 2073 2384 2150 debet,
2450 2084 2536 2136 ut·
2585 2092 2724 2137 suc·

191 2168 388 2228 cessive,
427 2162 631 2231 atque
720 2171 791 2215 er
855 2153 1122 2217 solidam
1179 2156 1647 2216 institutionem
1714 2155 1921 2215 aetatis
1988 2156 2346 2232 praesertim
2387 2155 2722 2232 juvenilis,

189 2248 268 2295 eas
297 2233 593 2297 eliminet.
714 2237 772 2298 ui
841 2237 1205 2313 importune
1272 2244 1335 2297 et
1381 2236 1703 2297 concitato
1772 2243 2015 2312 impetu
2059 2236 2126 2296 in
2170 2236 2393 2296 obvias
2435 2251 2725 2315 quasque

189 2315 627 2391 superstitiones
676 2316 1027 2389 invehitur,
1079 2315 1385 2394 plurimos
1429 2316 1690 2394 quidem
1750 2314 2051 2391 offendet,
2114 2314 2225 2376 sed
2294 2318 2399 2376 vix
2442 2315 2723 2394 aliquem

183 2396 441 2471 corriget:
487 2403 554 2457 et
606 2395 704 2458 illi
771 2412 897 2457 non
957 2396 1276 2457 absimilis
1318 2396 1596 2471 videtur,
1639 2398 1745 2474 qui
1793 2411 2021 2473 aquam
2083 2411 2207 2457 non
2253 2406 2351 2458 sat
2396 2395 2728 2474 limpidam

189 2475 496 2537 vehementi
544 2480 901 2554 agitatione
945 2477 1151 2539 adhuc
1199 2475 1621 2538 turbidiorem
1669 2475 1883 2537 reddit
1928 2474 2097 2539 unde
2142 2491 2285 2538 cum
2331 2478 2499 2538 servi
2550 2476 2723 2539 dice·

188 2564 323 2617 rent:
371 2554 490 2628 Vis,
542 2558 713 2617 imus
756 2565 818 2619 et
856 2557 1206 2637 cottiqimus
1251 2558 1568 2619 zizania?
1614 2554 2078 2635 paterfamilias
2114 2557 2235 2618 ait:
2274 2557 2429 2631 Non,
2458 2573 2534 2616 ne
2563 2556 2727 2636 forte

181 2635 480 2715 colligentes
524 2638 818 2715 zizania,
844 2639 1174 2701 eradicetis
1204 2636 1394 2699 simul
1421 2654 1560 2698 cum
1600 2643 1691 2699 eis
1720 2644 1781 2699 ot
1814 2636 2099 2699 triticum
2134 2636 2328 2719 (apud
2363 2637 2729 2701 Matthaeum

181 2731 268 2777 xiii
304 2728 362 2777 et
401 2722 660 2789 xxviii).

239 2820 259 2849 ι
305 2795 615 2860 Praeterea
662 2813 791 2859 non
838 2813 1026 2860 omne
1068 2797 1234 2877 quod
1282 2795 1548 2878 profano
1595 2794 1786 2874 liujus
1832 2797 2137 2873 temporis
2184 2799 2372 2875 genio
2403 2796 2730 2877 displicet,

182 2888 288 2938 mox
316 2880 831 2955 superstitiosum
876 2882 1124 2943 censeri
1171 2879 1379 2940 debet.
1430 2878 1564 2940 Prae
1599 2879 1867 2957 reliquis
1911 2878 2277 2940 animarum
2335 2878 2554 2941 Pastor
2588 2877 2721 2940 illis

185 2957 442 3036 invigilet,
486 2963 600 3038 qui
646 2958 865 3021 studio
906 2968 970 3021 et
1016 2959 1193 3021 lucro
1237 2959 1575 3037 opiniones
1619 2956 2096 3036 superstitiosas
2139 2959 2503 3038 (tinnipant,
2569 2958 2722 3021 dum

177 3050 218 3097 e.
249 3054 294 3116 g.
329 3039 510 3117 liujus
558 3038 836 3101 furfuris
882 3039 1077 3101 libros
1123 3048 1186 3100 et
1231 3037 1512 3119 pagellas
1556 3038 1926 3112 venditant,
1971 3037 2051 3098 de
2118 3056 2377 3100 arcanis
2444 3038 2727 3117 glorian·

183 3126 276 3193 tur,
302 3128 412 3179 etc.
454 3144 478 3172 ι
539 3118 701 3181 Item
747 3118 1037 3195 Perconi,
1079 3125 1587 3193 concionatores,
1618 3120 1988 3180 catechistae
2019 3127 2083 3179 et
2124 3121 2163 3180 ii
2200 3135 2423 3180 omnes
2461 3122 2566 3198 qui
2603 3135 2730 3182 mu·

182 3212 272 3258 niis
300 3200 602 3276 populum
637 3202 1067 3263 christianum
1111 3199 1449 3262 erudiendi
1520 3198 1783 3272 liabent,
1851 3209 2241 3262 enumerent
2306 3208 2553 3262 tantum
2619 3215 2729 3262 eas

182 3281 651 3357 superstitiones,
700 3297 842 3359 quae
887 3287 1055 3342 notae
1100 3290 1250 3343 sunt
1295 3282 1358 3341 in
1404 3282 1536 3342 suis
1581 3278 1977 3357 regionibus,
2024 3295 2103 3340 ne
2137 3281 2296 3341 alias
2335 3281 2546 3359 potius
2573 3279 2729 3342 edo·

182 3368 556 3439 tangquam
598 3360 677 3423 ab
724 3363 817 3422 eis
860 3370 1190 3436 avertant3
1234 3362 1606 3439 superstitio
1643 3362 1815 3421 enim
1856 3361 2218 3438 contagiosa
2268 3371 2384 3427 est.
2442 3359 2503 3421 V.
2547 3360 2727 3423 Fras·

181 3438 379 3515 sinetti,
427 3441 733 3503 Manuale
773 3442 1020 3521 pratico
1061 3442 1159 3504 del
1206 3443 1478 3504 Parroco
1521 3440 1778 3513 novello,
1823 3455 1883 3500 n.
1928 3439 2062 3501 394.

298 3519 349 3582 3.
388 3521 703 3584 Monitum
740 3538 789 3583 s.
822 3521 1129 3601 Alphonsi
1175 3524 1377 3585 nostri
1410 3523 1446 3600 (
1450 3520 1618 3600 Opus
1646 3520 1827 3595 Mor„
1862 3519 1902 3580 l.
1946 3535 2043 3595 iii,
2080 3537 2138 3581 ii.
2183 3520 2319 3589 205:
2363 3520 2737 3598 Advertant,

179 3601 312 3678 quod
354 3601 412 3663 in
462 3603 663 3665 dubio
709 3602 1198 3681 praesumendus
1245 3613 1340 3665 est
1383 3603 1615 3680 aliquis
1675 3603 1939 3664 effectus
2004 3602 2212 3679 potius
2280 3605 2624 3680 provenire
2692 3618 2726 3662 a

181 3696 323 3744 cansa
369 3683 675 3755 naturali,
719 3691 906 3761 q'uam
952 3699 984 3745 a
1049 3686 1130 3745 ‘su
1181 3680 1557 3745 er'stitione:
1631 3683 1718 3745 ita
1784 3680 2018 3759 Sporer
2083 3698 2161 3743 ex
2227 3681 2285 3743 d.
2352 3683 2730 3761 Augustino,
2834 3692 2847 3697 ·

179 3756 447 3837 Szncliez,
507 3764 818 3842 Layman,
884 3762 1087 3840 Elbel,
1129 3700 1318 3826 (ξι-οἰκ
1361 3774 1426 3826 et
1468 3761 2010 3824 Salmanticenses
2053 3778 2193 3824 cum
2241 3779 2289 3823 s.
2324 3762 2585 3834 Thema,
2621 3761 2731 3851 qui

177 3839 326 3905 docet
362 3843 446 3922 (2,
490 3845 553 3922 2,
596 3861 652 3923 q.
697 3844 797 3917 60,
836 3859 892 3906 a.
934 3844 1032 3923 4):
1082 3842 1200 3908 Ubi
1229 3863 1351 3907 non
1392 3851 1707 3924 apparent
1748 3841 2085 3920 manifesta
2132 3843 2370 3905 indicia
2413 3843 2485 3904 de
2545 3840 2729 3902 molt·

181 3921 251 3983 tia
282 3924 582 4002 alicujus,
624 3924 910 3987 debemus
953 3942 1092 3987 eum
1131 3933 1206 3987 ut
1250 3923 1473 3989 bonum
1516 3922 1764 3999 habere,
1808 3925 1874 3985 in
1918 3923 2229 3985 meliorem
2270 3931 2512 4007 partem
2542 3926 2735 3983 inter·

180 4006 437 4077 preeundo
481 4007 646 4086 quod
686 4004 943 4069 dubium
982 4013 1092 4068 est.
1141 4006 1334 4069 Recte
1381 4017 1590 4069 tamen
1625 4004 1990 4079 consulunt,
2037 4014 2186 4069 tunc
2230 4002 2537 4081 praeinitti
2588 4016 2729 4080 pro·

186 4089 553 4149 testationem
601 4087 862 4149 nolendi
905 4088 1227 4159 effectum,
1265 4088 1320 4148 si
1364 4086 1575 4166 alique
1624 4086 2000 4163 superstitio
2045 4084 2269 4145 subsit.
2316 4083 2515 4144 Datur
2577 4083 2736 4143 item

181 4174 318 4235 Juxta
358 4182 406 4227 s.
445 4166 754 4230 'rhomam
798 4169 858 4247 (1
910 4184 964 4247 p.
1008 4184 1065 4246 q.
1113 4167 1249 4240 117,
1291 4183 1342 4230 a.
1389 4167 1455 4241 3)
1504 4165 1815 4229 naturalis
1862 4164 2240 4233 fascinatum
2288 4163 2454 4225 oculi·
2520 4170 2738 4225 autem

133 4298 152 4319 ,
189 4243 433 4322 inficiunt
470 4264 679 4310 aerem
722 4249 1089 4312 continuum
1131 4265 1326 4327 usque
1369 4248 1450 4309 ad
1490 4246 1977 4311 determinatum
2019 4244 2294 4322 spatium
2337 4243 2731 4322 (exemplum

190 4323 448 4390 habemns
495 4331 560 4390 in
607 4331 1078 4407 magnetismo).
1117 4328 1278 4390 Hinc
1321 4345 1426 4408 qui
1474 4330 1809 4405 experitur
1859 4329 2021 4386 lianc
2056 4325 2425 4402 pestiferam
2457 4323 2730 4403 qualita-

187 4412 301 4481 ωιι,
335 4410 654 4471 abstineat
694 4428 727 4471 a
777 4411 975 4472 nimio
1018 4409 1335 4490 colloquio
1384 4412 1715 4469 liominuin
1760 4414 1828 4467 et
1870 4405 2086 4467 oculos
2130 4403 2437 4469 declinet.
2505 4407 2583 4468 At
2627 4421 2728 4467 su·

187 4490 506 4561 perstitiose
553 4500 652 4553 est
693 4489 1035 4553 fascinatio
1082 4490 1365 4570 vulgaris
1408 4504 1550 4567 quae
1597 4503 1628 4549 a
1678 4487 1869 4566 vulgo
1917 4485 2222 4559 creditur,
2266 4483 2732 4578 scilicetquod

181 4567 532 4645 aspicientes
578 4570 798 4633 invido
838 4573 1053 4634 animo
1101 4578 1391 4643 noceant,
1436 4577 1501 4630 et
1547 4567 1692 4630 ideo
1738 4567 2009 4630 vetanda
2058 4580 2201 4644 quae
2246 4576 2470 4629 contra
2526 4580 2738 4644 ipsam

188 4645 586 4732 imponuntur,
627 4661 698 4715 ut
733 4661 885 4714 sunt
930 4662 1021 4715 tot
1062 4652 1277 4726 Pater,
1327 4657 1419 4714 tot
1459 4650 1611 4723 Ave,
1661 4650 1781 4710 etcss
1844 4647 2136 4709 Advertit
2180 4646 2457 4728 Layman
2504 4663 2587 4709 ex
2629 4638 2739 4708 Ca·

179 4732 382 4807 leuno,
420 4732 472 4793 si
520 4732 816 4796 homines
859 4732 1052 4796 rudos
1090 4734 1250 4795 bona
1269 4731 1433 4809 fide,
1474 4737 1540 4793 et
1581 4747 1662 4794 ex
1706 4729 2045 4792 devotione
2089 4727 2371 4807 aliquem
2420 4729 2617 4790 ritum
2654 4724 2739 4788 ab
