3292 5167
444 199 583 269 458
1175 200 1289 264 Lm.
1337 220 1401 265 u.
1447 219 1659 267 Tnac'r.
1708 219 1810 265 vu.
1856 219 2010 265 mse.
2057 219 2102 264 ι.
2149 219 2283 265 mr.
2323 217 2365 263 1.

728 446 804 512 Ν.
851 445 960 512 111.
1011 479 1096 494 -—·
1142 448 1235 513 De
1277 444 1471 528 muto,
1515 465 1646 513 non
1691 446 1964 513 obstante
2009 456 2065 511 et
2108 464 2239 515 non
2280 444 2746 530 ”nanifestante

531 697 738 759 876.
791 700 859 778 Q.
915 701 972 764 1.
1026 698 1188 778 Quid
1230 708 1318 764 est
1359 707 1589 778 mutus,
1645 714 1775 761 non
1832 696 2081 762 obstans
2149 707 2205 762 et
2272 716 2400 762 non
2470 696 2879 782 manifestans
2897 721 2924 775 ,·
2982 704 3051 761 ec

440 802 692 887 quando
737 815 1022 871 tenentur
1050 803 1134 870 ad
1177 803 1667 870 restitutionem?
2260 806 2279 825 ³

532 913 603 978 R.
651 909 768 978 Ad.
820 914 886 977 1:
935 914 1149 979 Mutus
1194 909 1439 977 dicitur
1487 910 1598 996 qui
1652 914 1804 976 ante
1851 908 2177 976 damnum
2225 914 2419 993 tacet,
2469 915 2534 975 et
2584 926 2714 976 non
2773 913 3045 989 monet3

443 1034 596 1085 cum
643 1036 913 1087 mouere
960 1023 1284 1086 teneatur.
1347 1020 1490 1084 Non
1539 1017 1789 1085 obstans
1861 1015 2105 1084 dicitur
2136 1016 2246 1101 qui
2288 1015 2442 1083 dum
2477 1015 2550 1082 fit
2582 1014 2913 1097 damnum,
2964 1014 3052 1081 il-

445 1124 560 1193 lud
609 1143 742 1194 non
790 1125 1099 1212 impedit3
1150 1143 1301 1194 cum
1351 1131 1660 1193 teneatur
1706 1123 2050 1210 impedire.
2097 1126 2240 1191 Non
2309 1125 2729 1208 manifestans
2796 1122 3048 1190 dicitur

448 1233 558 1320 qui
611 1241 764 1319 post
810 1233 1146 1316 damnum,
1197 1230 1359 1300 illud
1407 1250 1539 1299 non
1591 1230 1939 1299 denuntiat
1957 1257 1975 1313 3
2027 1248 2176 1298 cum
2227 1230 2466 1299 debeat
2513 1230 2925 1298 denuntiare.

534 1344 603 1409 R.
653 1339 750 1407 Ad
795 1342 868 1407 2:
919 1344 1158 1423 MutUS,
1211 1359 1343 1408 uon
1415 1339 1712 1421 obstans,
1763 1356 1895 1405 non
1945 1337 2377 1406 manifestans
2451 1344 2614 1405 tunc
2686 1337 3045 1406 restituere

444 1455 774 1530 tenentur,
821 1448 910 1515 ait
959 1447 1332 1532 Angelicus,
1406 1464 1557 1514 cum
1629 1447 1875 1513 malum
1948 1445 2219 1513 alterius
2289 1445 2709 1531 culpabiliter
2776 1444 3042 1513 sinunt:

445 1554 625 1642 quod
672 1556 770 1623 vel
819 1574 898 1624 ex
948 1562 1141 1641 pacto
1194 1554 1516 1641 implicito
1595 1562 1709 1620 aut
1758 1554 2094 1639 explicite,
2162 1554 2261 1622 vel
2311 1572 2391 1621 ex
2441 1554 2660 1622 officio
2710 1554 3042 1638 rigoros0,

442 1665 543 1731 vel
593 1682 673 1732 ex
720 1661 1051 1749 stipendio
1102 1668 1414 1730 tenentur
1459 1661 1812 1747 impedire3
1864 1668 2022 1729 tunc
2095 1661 2270 1729 enim
2319 1661 2566 1729 violant
2616 1659 2887 1728 alterius
2928 1660 3042 1747 jus

443 1771 747 1838 strictum
797 1773 858 1831 ¹:
911 1769 1031 1837 bac
1080 1769 1328 1857 quippe
1362 1766 1442 1836 de
1478 1786 1675 1836 causa
1719 1767 2036 1836 conducti
2074 1775 2250 1851 sunt,
2288 1768 2670 1837 mercedem
2705 1769 3045 1855 recipiunt

445 1894 517 1944 ac
568 1877 857 1946 officium
905 1876 1258 1957 sustinent,
1306 1881 1381 1942 ut
1429 1893 1670 1959 nempe
1718 1876 2029 1958 clament,
2081 1876 2372 1958 obstent,
2437 1877 2882 1945 manifestent.
2932 1876 3043 1945 Sic

442 1985 868 2071 Magistratus
917 1993 982 2053 et
1031 1988 1247 2052 Duces
1293 1983 1449 2052 belli
1500 1984 1908 2055 tenebuntur
1954 1983 2035 2050 ad
2083 1983 2577 2052 restitutionem
2625 1984 3039 2067 damnorum,

444 2109 594 2178 quae
647 2109 681 2157 a
729 2091 1098 2160 latronibus
1152 2111 1225 2160 ac
1291 2091 1614 2159 militibus
1664 2091 1750 2159 ob
1800 2090 2197 2177 culpabilem
2247 2082 2537 2158 illorumx
2576 2091 3042 2177 negligentiam

444 2198 837 2268 inferuntur.
883 2201 1049 2267 Item
1099 2198 1412 2267 Canonici
1489 2204 1787 2266 tacentes
1837 2216 1911 2272 ac
1960 2197 2592 2285 non'impedieutes
2642 2197 3041 2265 electionem

443 2305 766 2392 iniquam:
822 2307 979 2375 item
1028 2306 1600 2375 administratores
1689 2307 2026 2374 bonorum
2098 2323 2230 2373 non
2302 2304 2737 2392 impedientes
2807 2304 3042 2373 damna

443 2413 775 2482 minorum
826 2420 890 2482 et
937 2412 1296 2481 Ecclesiae:
1347 2413 1506 2482 item
1555 2414 1781 2482 famuli
1860 2411 2318 2482 custodientes
2396 2413 2569 2481 bona
2643 2412 2915 2495 domini,
2984 2413 3040 2481 si

442 2518 677 2587 damna
725 2521 805 2588 ab
855 2520 1187 2588 extraneis
1239 2538 1370 2587 non
1406 2519 1850 2605 impedierint.
1901 2519 1998 2588 Ad
2032 2537 2173 2587 rem
2209 2518 2446 2588 Codex
2498 2518 2740 2587 civilis:
2781 2521 3043 2606 anuno

440 2626 473 2693 e
537 2627 892 2713 responsale
958 2626 1055 2693 del
1123 2627 1332 2693 danno
1379 2628 1486 2694 che
1533 2629 1615 2693 ha
1663 2628 1993 2712 cagionato
2038 2646 2167 2693 non
2213 2627 2550 2693 solamente
2586 2646 2713 2714 per
2755 2647 2843 2693 un
2889 2629 3044 2712 fatto

433 2734 694 2822 proprio
709 2758 737 2812 ,·
795 2753 901 2800 ma
948 2752 1186 2800 ancora
1223 2752 1341 2820 per
1377 2734 1645 2820 propria
1691 2734 2063 2819 negligenza
2134 2733 2213 2799 od
2258 2734 2690 2821 imprudenza.
2741 2735 3045 2801 Ciascuno

432 2841 776 2928 perimenti
819 2841 851 2908 e
896 2841 1198 2927 obbliyato
1244 2860 1372 2907 non
1411 2842 1541 2908 solo
1580 2841 1687 2928 pel
1723 2840 1930 2907 danno
1964 2842 2070 2908 che
2130 2843 2399 2927 cagiona
2424 2862 2540 2930 per
2567 2843 2723 2927 fatto
2750 2843 3006 2929 proprio
3018 2865 3046 2920 ,-

439 2967 545 3014 ma
602 2966 839 3015 ancora
875 2967 993 3035 per
1036 2947 1238 3033 quello
1286 2948 1394 3015 che
1439 2947 1611 3015 viene
1659 2959 1943 3014 arrecato
1989 2948 2085 3014 col
2130 2948 2287 3034 fatto
2357 2948 2509 3015 delle
2548 2967 2850 3037 persone,
2895 2947 3047 3015 delle

437 3055 615 3142 quali
658 3054 800 3123 deve
843 3054 1225 3143 rispondere,
1275 3055 1511 3121 o‘colle
1556 3075 1691 3121 cose
1736 3056 1844 3121 che
1890 3056 1973 3122 ha
2019 3056 2090 3122 in
2125 3057 2408 3123 custodia
2452 3056 2482 3101 ²
2532 3055 2679 3142 (art.
2733 3056 2955 3141 1152).

531 3165 839 3232 Ceterum
885 3159 1366 3231 observandum
1415 3168 1518 3228 est
1560 3178 1692 3228 non
1741 3178 1937 3229 omne
1986 3162 2277 3230 officium
2328 3162 2622 3249 obligare
2672 3162 2797 3231 sub
2850 3161 3046 3231 resti-

450 3269 727 3338 tutionis
776 3286 1003 3352 onere,
1052 3268 1285 3337 saltem
1335 3268 1400 3336 in
1450 3269 1593 3337 foro
1646 3267 2099 3353 conscientiae,
2144 3268 2261 3338 sed
2309 3268 2476 3337 illud
2524 3275 2807 3355 tantum,
2865 3268 3046 3358 quod

443 3395 524 3446 ex
565 3377 820 3463 justitia
870 3383 1089 3445 ortum
1139 3377 1355 3460 babet,
1406 3384 1473 3445 et
1520 3375 1838 3446 delictum
1891 3378 1990 3445 vel
2039 3377 2577 3463 quasi-delictum
2626 3379 2944 3465 supponit
2990 3374 3039 3446 θ.

445 3488 657 3566 Quare
732 3474 1037 3570 parentes
1111 3484 1199 3583 ad.
1240 3484 1734 3554 restitutionem
1809 3503 1940 3555 non
2013 3486 2319 3554 videntur
2388 3505 2507 3572 per
2565 3504 2636 3554 se
2684 3487 2937 3570 teneri,
2986 3484 3041 3554 si

443 3592 750 3661 omittant
810 3591 983 3660 filios
1046 3593 1409 3677 corrigere3
1462 3611 1611 3660 nam
1663 3591 1930 3660 illorum
1980 3592 2271 3660 officium
2323 3601 2545 3661 ortum
2593 3592 2789 3662 ducit·
2821 3612 2856 3660 a
2904 3593 3040 3662 sola

442 3700 706 3787 pietatis
754 3699 1178 3783 obligatione.
1216 3698 1528 3781 Quamvis
1571 3700 1724 3785 jnre
1759 3699 1994 3768 merito
2046 3699 2111 3766 iu
2161 3700 2312 3770 foro
2349 3707 2624 3769 externo
2664 3702 3037 3786 puniantur,

442 3814 516 3873 ut
563 3804 1015 3890 diligentiores
1064 3822 1136 3873 se
1179 3813 1407 3890 gerant
1459 3807 1524 3872 in
1569 3822 1737 3877 cura
1800 3822 2110 3873 suorum:
2162 3814 2227 3874 et
2276 3806 2424 3875 ideo
2473 3809 2824 3875 sententiae
2861 3809 3044 3893 puni-

442 3913 590 3981 tivae
642 3911 884 3981 debent
929 3912 1415 3999 obtemperare,
1464 3912 1518 3981 si
1570 3930 1795 3981 revera
1846 3931 1881 3979 a
1931 3912 2090 3982 filiis
2139 3912 2395 3980 illatum
2431 3913 2518 3981 sit
2556 3913 2869 3983 damnum
2907 3918 3038 3999 (Ε).

529 4015 724 4079 82⁷·
776 4023 848 4102 Q.
898 4021 959 4088 2.
1007 4021 1108 4088 An
1146 4032 1395 4106 peccent
1440 4033 1497 4088 et
1543 4021 1892 4106 obligentur
1935 4021 2021 4086 ad
2064 4021 2512 4109 restitutionem
2558 4022 2667 4105 qui
2718 4042 2802 4089 ea:
2853 4023 3040 4110 officio

441 4118 551 4193 suo
593 4139 878 4195 tenentur
921 4127 1289 4193 denuntiare
1334 4127 1867 4192 contravenientes
1913 4126 2055 4212 legi,
2106 4146 2217 4194 nec
2263 4126 2624 4194 denuntient
2642 4133 2674 4194 ?

531 4235 601 4302 R.
653 4236 793 4302 Huc
840 4233 1127 4301 maxime
1174 4231 1445 4302 veniunt
1495 4233 1606 4318 qui
1670 4231 1994 4300 custodiae
2050 4232 2401 4319 sylvarum,
2453 4250 2785 4319 agrorum,
2836 4233 3039 4302 tribu·-

558 4464 607 4519 2,
640 4462 691 4521 2,
723 4472 773 4524 q.
808 4464 888 4520 02,
923 4472 970 4512 a.
1003 4462 1051 4514 7.
1085 4485 1150 4498 —-
1190 4460 1248 4512 V.
1283 4459 1524 4512 carriere
1580 4460 1651 4510 De
1681 4460 1911 4521 lustitia,
1948 4470 2042 4511 nu.
2079 4462 2202 4513 1209
2234 4463 2287 4513 et
2321 4472 2470 4526 seqq.

439 4460 997 4649 1:1ffl5Aet4ae33—
1029 4524 1083 4574 c,
1121 4522 1183 4575 a.
1224 4523 1377 4585 «3843
1426 4546 1491 4559 -
1524 4496 1581 4575 b.
1615 4522 1667 4572 s.
1705 4525 1856 4585 13:³85
1907 4547 1971 4559 —
2005 4523 2061 4574 c.
2095 4524 2154 4573 P.
2188 4524 2345 4586 zoen
2394 4548 2459 4614 ‘.'
2494 4523 2549 4574 a.
2584 4523 2655 4575 M.
2693 4524 2843 4589 ι395ς
2892 4551 2957 4564 -
2989 4525 3043 4577 a.

505 4650 528 4691 ⁸
572 4648 627 4699 V.
663 4648 896 4711 Lignum,
933 4648 1022 4711 Op.
1060 4647 1214 4711 Mor„
1256 4645 1291 4697 l.
1328 4658 1385 4708 ιι,
1422 4658 1477 4698 n.
1511 4645 1607 4717 &Q
1641 4647 1695 4697 et
1725 4645 1762 4697 l.
1796 4657 1874 4709 ιιι,
1908 4656 1964 4700 ιι.
1992 4647 2106 4700 573.
