3292 5167
507 194 635 274 766
1536 219 1651 265 ιιΒ.
1704 218 1768 264 ιι.
1817 218 2030 264 macr.
2079 217 2203 263 vni.

1528 476 1674 562 ’(3)
1721 479 1873 557 paq.
1913 477 2054 548 709.

578 716 838 778 11151.
885 714 950 789 Q.
1001 717 1049 778 1.
1096 716 1191 779 Ad
1233 716 1383 795 quid
1424 717 1705 796 corport's
1752 720 2157 798 thttmenta?

579 795 646 858 R.
691 796 984 875 Corporis
1033 807 1397 876 tegumenta
1439 800 1558 875 (ait
1594 796 1800 876 Stapf,
1843 797 1875 878 5
1920 798 2065 876 296)
2103 797 2365 859 fuerunt
2396 795 2728 860 adbibita:
2764 797 2827 877 1)
2867 804 2938 860 ut
2972 796 3106 860 illae

498 879 781 956 corporis
828 887 1036 957 partes
1081 876 1282 940 oculis
1326 877 1876 953 subducerentur,
1919 880 1984 940 in
2031 877 2262 959 quibus
2310 893 2500 957 prava
2569 880 3101 956 concupiscentia

498 958 815 1035 praecipue
863 957 1153 1034 ferocire,
1197 968 1260 1020 et
1303 976 1381 1020 ex
1425 975 1692 1038 quarum
1741 959 1979 1022 intuitu
2027 957 2227 1021 libido
2274 961 2472 1021 etiam
2517 960 2580 1019 in
2630 955 2779 1019 aliis
2824 959 3102 1022 excitari

498 1036 688 1111 solet3
714 1071 790 1086 —-
814 1036 879 1117 2)
907 1047 974 1101 ut
1000 1039 1394 1117 perniciosus
1430 1040 1709 1101 influxus
1743 1041 1910 1102 aeris
1945 1038 2341 1118 aliarumque
2387 1054 2648 1102 casuum
2682 1039 2888 1115 magis
2918 1055 3095 1100 arce·

496 1126 675 1178 retur
719 1127 782 1179 et
826 1120 1458 1198 mitigaretur;—3)
1505 1119 1579 1181 ad
1630 1120 2116 1190 distinctionem
2161 1121 2497 1198 utriusque
2545 1134 2757 1196 sexuS,
2812 1118 2878 1181 id
2926 1118 3098 1199 quod

494 1197 792 1260 honestas
839 1200 970 1278 ipsa
1015 1209 1078 1261 et
1126 1209 1353 1262 natura
1401 1216 1631 1279 urgere
1676 1200 1956 1275 videtur,
1991 1205 2054 1262 et
2100 1201 2165 1261 in
2215 1210 2417 1262 veteri
2476 1199 2892 1261 Testamento
2938 1200 3099 1263 Deu-

499 1286 609 1340 ter.
648 1295 799 1339 xxti.
830 1277 1197 1358 Quanquam
1247 1280 1304 1341 d.
1350 1280 1622 1344 Thomas
1666 1280 1754 1359 (2,
1795 1281 1852 1352 2,
1897 1298 1953 1361 q.
2003 1279 2135 1351 169,
2174 1295 2228 1341 a.
2277 1279 2366 1359 2),
2413 1275 2511 1342 ait
2558 1276 2620 1341 id
2670 1279 2734 1344 in
2783 1277 3100 1343 Deutero-

497 1361 706 1420 nomio
748 1359 887 1421 ideo
934 1359 1127 1422 fuisse
1171 1362 1534 1438 specialiter
1570 1364 1977 1440 graviterque
2012 1361 2431 1440 prohibitum,
2475 1362 2628 1439 qaia
2662 1359 2936 1438 yentiles
2973 1360 3101 1424 tati

492 1440 836 1502 mutatione
881 1438 1131 1504 habitas
1179 1437 1521 1506 utebantur
1549 1443 1631 1505 ad
1663 1442 2036 1505 idololatriae
2078 1442 2622 1519 superstitionem:
2660 1447 2723 1501 et
2761 1439 2887 1502 tale
2928 1457 3095 1520 prae·

492 1527 743 1596 ceptum
789 1529 1005 1599 utpote
1048 1523 1494 1585 caeremoniale
1537 1539 1855 1598 cessasse,
1901 1533 2076 1585 tanto
2125 1523 2323 1600 magis
2388 1522 2534 1600 quia
2594 1528 2658 1582 et
2721 1520 3095 1599 periculum

494 1597 876 1663 idololatrias
922 1602 1210 1664 cessavit.
1260 1602 1403 1665 ldeo
1450 1605 1568 1665 boc
1611 1603 2235 1681 dijudicandum‘est
2278 1619 2357 1663 ex
2390 1601 2902 1680 circumstantiis
2947 1617 3094 1681 quae

495 1678 682 1742 talem
730 1698 909 1744 usum
977 1683 1381 1745 comitantur.
1425 1682 1553 1746 Sub
1598 1700 1722 1762 quo
1771 1693 2103 1763 respectu,
2146 1683 2265 1745 etsi
2357 1700 2425 1743 er
2470 1699 2538 1743 se
2586 1697 2713 1742 non
2788 1681 3093 1745 videatur

492 1762 778 1837 graviter
824 1762 1253 1841 increpandus
1300 1780 1473 1841 mos,
1517 1781 1638 1844 quo
1688 1777 1914 1843 nempe
1959 1762 2262 1826 mulieres
2312 1698 2517 1842 fidem
2584 1760 2662 1823 de
2728 1762 2918 1841 viris)
2965 1760 3090 1825 lar-

489 1849 650 1902 vatae
699 1842 1004 1905 incedunt
1048 1859 1187 1905 cum
1234 1853 1407 1906 veste
1443 1848 1632 1906 etiam
1682 1842 1852 1906 virili
1899 1843 1976 1906 ad
2023 1846 2289 1906 choreas
2341 1840 2673 1906 ducendas
2710 1841 2933 1921 (vulgo
2965 1839 3091 1906 bal·

491 1919 959 2002 lo·mascltere);
1006 1940 1132 1984 non
1180 1925 1266 1986 ita
1315 1934 1521 1986 tamen
1590 1941 1690 1986 res
1738 1926 2045 1987 innocens
2090 1935 2186 1986 est
2232 1925 2292 1984 in
2342 1925 2573 2001 praxi:
2629 1938 2774 1997 nam
2822 1933 3083 2001 praeter·

488 2016 674 2141 guam
712 2003 875 2081 quod
925 2002 1002 2063 de
1047 2003 1216 2065 sacili
1266 2012 1467 2068 tactus
1514 2004 1869 2068 habeantur
1916 2003 2218 2084 impudici
2266 2003 2373 2082 (ad
2442 2002 2743 2080 invicem)
2780 2002 2856 2064 ad
2895 2020 3090 2068 sexus

535 2083 923 2146 iversitatem
969 2082 1487 2163 dignoscendam,
1533 2088 1580 2147 si
1632 2084 1912 2164 prudens
1949 2084 2375 2147 confessarius
2446 2085 2845 2161 interroget,
2896 2099 3084 2162 aper·

492 2166 550 2222 te
607 2163 972 2241 dignoscet,
1016 2180 1121 2226 eas
1160 2166 1516 2232 mortaliter
1562 2166 1938 2244 deliquisse,
1981 2174 2045 2227 et
2093 2181 2221 2227 non
2268 2171 2516 2227 tantum
2545 2164 2623 2226 ob
2661 2163 2857 2225 malas
2909 2167 3084 2243 cogi·

492 2245 763 2305 tationes
807 2244 1037 2324 quibus
1080 2261 1463 2312 consensum
1509 2246 1785 2322 dedere,
1830 2256 1894 2309 et
1940 2246 2278 2307 inhonesta
2344 2243 2535 2306 verba
2611 2229 2905 2322 prolata3
2958 2243 3072 2308 sed

486 2325 676 2385 etiam
722 2323 800 2386 ob
832 2325 911 2387 id.
941 2325 1105 2403 quod
1134 2327 1272 2387 sine
1305 2327 1604 2404 scrupulo
1638 2327 1798 2389 festa
1838 2326 2245 2402 violaverint,
2297 2321 2645 2387 laborando
2693 2339 2946 2404 nempe,
2995 2335 3069 2388 ut

489 2414 698 2466 vestes
747 2422 857 2484 pro
904 2405 1090 2466 dictis
1140 2407 1389 2467 choreis
1438 2416 1773 2484 pararent:
1810 2415 1873 2469 et
1917 2405 2126 2468 debita
2169 2407 2608 2469 contraxerint
2638 2419 2829 2489 supra
2871 2407 3068 2483 vires,

486 2500 625 2563 quae
657 2485 906 2547 solvere
936 2496 1032 2547 est
1064 2485 1469 2565 impossibile.
1504 2487 1708 2561 Quare
1743 2483 1878 2549 biec
1909 2488 2120 2549 omnia
2154 2483 2545 2548 removenda
2576 2494 2748 2559 sunt,
2780 2494 2848 2547 ut
2877 2486 2939 2547 id
2978 2501 3083 2548 va-

486 2564 615 2626 leat
660 2566 939 2629 tolerari.
982 2598 1060 2610 -
1118 2566 1173 2627 V.
1218 2566 1493 2646 Franco,
1536 2567 1704 2631 Delie
1747 2568 1940 2648 veylie
1984 2567 2052 2629 ed
2097 2566 2650 2647 amoreqqiamenci
2692 2565 2854 2628 nelle
2898 2582 3067 2629 cam-

482 2661 701 2725 paqne.
748 2643 1039 2722 Modena,
1081 2645 1253 2709 1862.
1481 2699 1492 2712 .

563 2726 824 2788 Accedit
867 2726 1196 2788 distinctio
1241 2735 1442 2791 status
1486 2737 1549 2790 et
1593 2727 1985 2791 conditionis
2030 2737 2340 2798 externae,
2388 2742 2578 2806 quam
2639 2729 3083 2806 uuusquisque

438 2857 443 2864 .
486 2805 552 2868 in
599 2807 871 2868 humana
920 2808 1221 2869 societate
1268 2816 1460 2870 tenet.
1508 2808 1667 2870 Hinc
1713 2806 2053 2887 Angelicus
2096 2808 2187 2886 (2,
2235 2810 2292 2882 2,
2336 2824 2392 2886 q.
2429 2805 2567 2883 169,
2595 2822 2656 2868 a.
2688 2807 2790 2888 1):
2831 2807 2941 2869 mi
2969 2807 3082 2887 qni

483 2884 548 2948 in
590 2887 900 2967 diqnitate
942 2888 1417 2950 constituuntur
1460 2888 1555 2951 vel
1597 2889 1788 2951 etiam
1833 2889 2114 2951 ministri
2155 2888 2416 2962 altaris,
2461 2885 2964 2966 pretiosioribns⁴
2992 2905 3081 2951 ve·

481 2965 683 3028 stibus
720 2984 906 3046 qaam
948 2968 1142 3029 celeri
1184 2969 1578 3041 inducamur,-
1628 2986 1750 3031 non
1792 2977 2046 3048 propter
2091 2972 2194 3032 sui
2236 2969 2525 3050 pieriam,
2569 2970 2676 3032 sed
2715 2968 2800 3030 ad
2842 2968 3078 3049 siqnifi-

480 3048 745 3111 condam
785 3049 1221 3112 excellentiam
1263 3051 1364 3112 sui
1406 3050 1746 3112 ministerii
1789 3049 1880 3112 vel
1913 3051 2129 3113 cultus
2171 3049 2426 3114 divini:
2466 3057 2531 3110 ec
2573 3049 2704 3112 ideo
2736 3050 2806 3110 in
2833 3049 2925 3110 eis
2957 3066 3079 3112 non

479 3134 574 3190 est
614 3128 922 3190 vitiosam.
966 3127 1142 3203 Quod
1188 3129 1378 3206 vaiet,
1423 3131 1568 3193 data
1614 3132 2049 3209 proportione,
2081 3130 2160 3193 de
2189 3131 2447 3193 ceteris.
2479 3128 2692 3191 Adde:
2730 3131 2837 3190 hic
2880 3131 3078 3192 etiam

481 3206 670 3270 decor
716 3218 780 3271 et
824 3208 1183 3286 pulcritudo
1247 3213 1535 3289 corporis
1592 3210 1841 3294 intendi
1911 3219 2155 3290 potest,
2203 3212 2268 3273 in
2337 3219 2649 3289 quantum
2700 3208 2895 3271 talem
2945 3207 3076 3287 pla-

480 3288 665 3351 cendi
713 3290 995 3352 studium
1060 3297 1249 3352 rectae
1311 3292 1542 3355 rationi
1613 3292 1779 3354 haud
1845 3290 2253 3354 adversatur.'
2302 3316 2323 3346 ι
2369 3289 2433 3352 Si
2498 3297 2903 3369 permettono
2949 3288 3079 3352 alle

483 3365 790 3431 fanciulle
836 3370 942 3449 piu
989 3372 1394 3447 ornamenti,
1439 3371 1712 3435 affinche
1779 3387 2048 3450 possano
2116 3372 2487 3434 desiderare
2544 3368 2963 3432 lecitamente
3008 3367 3074 3433 di

479 3448 731 3525 piacere
775 3465 807 3511 a
856 3449 1082 3527 molti,
1127 3451 1371 3514 benene
1421 3455 1515 3515 cio
1561 3453 1653 3514 sia
1702 3469 1813 3531 per
1849 3452 2305 3532 guadagnarne
2352 3468 2435 3515 un
2484 3451 2623 3513 solo
2669 3467 2704 3513 a
2751 3466 2838 3513 un
2885 3448 3071 3530 legit·

481 3531 633 3590 timo
682 3532 1104 3592 matrimonio.
1151 3555 1173 3583 ι
1233 3530 1429 3609 Sales,
1470 3532 1738 3607 Filocea,
1788 3532 1825 3593 l.
1873 3549 1969 3607 ιιι,
2014 3548 2068 3594 c.
2108 3533 2204 3595 25.
3084 3551 3088 3556 ·

558 3609 803 3671 1055.
848 3609 911 3682 Q.
956 3610 1012 3671 2.
1060 3608 1219 3685 Quid
1261 3610 1709 3677 observandum
1743 3613 1812 3675 in
1840 3612 2326 3676 condemnandis
2362 3610 2753 3675 ornamentis
2785 3626 2862 3671 ac
2893 3609 3072 3673 novis

472 3687 749 3753 moribus
786 3692 853 3754 t‘n
894 3689 1312 3754 christianis?

556 3768 621 3831 R.
686 3796 704 3824 ι
749 3771 862 3833 Ν61
907 3772 1318 3836 condannare
1348 3771 1435 3850 gli
1482 3775 1844 3842 ornamenti
1886 3792 1921 3835 e
1962 3771 2023 3835 16
2056 3772 2241 3836 mode
2277 3770 2600 3835 indecenti
2644 3786 2727 3834 un
2765 3768 3064 3844 ParrocO,

475 3866 558 3912 un
610 3849 1035 3927 predicatore,
1074 3869 1154 3915 un
1201 3851 1578 3915 Co‘ni'essore
1622 3852 1829 3916 debbe
1874 3856 2118 3916 evitare
2149 3854 2213 3915 di
2253 3852 2715 3932 comprendere
2746 3849 2915 3912 nella
2954 3867 3065 3914 sua

474 3945 763 4006 censura,
797 3948 833 3994 6
879 3935 1268 4012 riprensioni
1312 3931 1370 4008 le
1416 3933 1599 3995 mode
1644 3934 1763 3996 che
1807 3949 1933 3998 non
1983 3935 2197 3996 banno
2233 3932 2408 3997 nulla
2442 3932 2503 3994 di
2537 3933 2866 3994 contrario
2897 3931 3066 3994 colla

473 4010 818 4087 modestia3
863 4030 961 4076 ma
1026 4015 1239 4076 banno
1291 4013 1425 4076 solo
1493 4012 1533 4075 l'
1560 4014 2060 4078 inconveniente
2102 4012 2166 4078 di
2213 4030 2427 4077 essere
2473 4028 2699 4075 nuove.
2745 3999 2793 4075 E
2837 4020 3063 4090 questo

473 4105 600 4153 uno
645 4092 904 4171 scogli0,
948 4104 1169 4157 contro
1215 4097 1313 4156 cui
1364 4095 1380 4156 i
1427 4096 1590 4174 preti
1658 4111 1849 4158 ancor
1914 4096 2170 4174 giovani
2236 4110 2272 4156 o
2338 4109 2492 4173 poco
2542 4094 2781 4156 istruiti
2831 4107 2962 4153 non
3006 4091 3062 4155 si

472 4172 799 4249 guardano
845 4189 1094 4253 sempre
1130 4174 1722 4239 sufficientemente.
1769 4201 1788 4228 ι
1837 4173 2113 4238 Goasset.

566 4277 588 4306 ι
630 4253 763 4316 Una
811 4254 1024 4316 donna
1068 4254 1385 4318 mundana
1431 4272 1642 4318 venne
1678 4272 1709 4316 a
1758 4255 2124 4318 consultare
2157 4254 2529 4330 monsignor
2573 4250 2909 4326 La-Motte,
2939 4249 3065 4314 sul·

474 4328 514 4391 l'
541 4348 650 4394 uso
697 4333 797 4397 del
847 4350 1021 4397 rosso
1064 4334 1387 4414 (beltena)
1427 4334 1887 4415 esponendogli
1934 4345 2172 4415 quante
2202 4332 2634 4414 inquietudini
2676 4335 3062 4401 eccitassero

471 4411 639 4475 nella
685 4430 794 4476 sua
833 4417 1042 4477 anima
1082 4415 1139 4479 le
1183 4416 1434 4480 diverse
1477 4416 1788 4481 decisioni
1835 4415 2191 4479 de'casisti.
2236 4414 2300 4478 Io
2346 4414 2399 4477 v’
2420 4413 2688 4491 intendo,
2735 4412 3058 4488 mazlaum,

469 4491 705 4575 dissele
752 4496 1195 4573 monsignore:
1237 4497 1330 4577 qli
1370 4498 1486 4559 uni
1528 4515 1594 4560 ve
1640 4496 1697 4559 lo
1741 4496 2124 4559 interdicono
2168 4496 2676 4571 assolutamente,
2718 4492 2791 4556 ed
2852 4489 3057 4572 cytino

472 4572 521 4635 ic
563 4572 766 4647 credo,
806 4573 1132 4639 sembrano
1174 4577 1361 4640 molto
1404 4577 1645 4647 severi:
1690 4577 1782 4656 qli
1818 4576 1976 4640 altri
2019 4595 2086 4640 ve
2132 4576 2188 4639 lo
2229 4583 2628 4654 pen-mettano,
2662 4592 2691 4637 e
2723 4573 2839 4647 voi,
2885 4586 3050 4634 come

469 4654 500 4714 e
539 4653 768 4734 qiasto,
813 4654 863 4716 li
907 4661 1145 4718 trovace
1189 4658 1372 4719 molto
1416 4657 1727 4734 ritassati.
1787 4656 1908 4719 Per
1949 4673 2039 4719 me
2086 4655 2194 4719 che
2237 4674 2374 4718 amo
2417 4656 2475 4717 si
2517 4654 2799 4719 conserat·
2832 4652 2880 4714 it
2913 4651 3059 4733 qia·
