3292 5167
1317 255 1392 300 nr:
1440 252 1581 300 1²11)ss
1738 288 1747 295 .
2602 232 2730 300 623

236 353 397 437 Quid
442 353 681 441 (dices)
728 356 786 423 si
821 357 1131 444 poenitens
1174 357 1260 441 sit,
1300 358 1369 423 in
1413 358 1632 425 mortis
1663 357 1989 424 articulo?
2035 359 2220 426 Tunc
2268 356 2321 426 si
2366 354 2730 442 ignorantia

143 461 207 529 in
257 462 457 529 rebus
506 461 659 530 fidei
700 462 971 548 respicit
1020 480 1169 549 quae
1220 463 1391 551 scitu
1427 462 1815 532 'necessaria
1865 469 2021 531 sunt
2073 464 2468 532 necessitate
2510 461 2730 545 medii,

137 569 337 638 debet
384 570 863 638 confessarium
913 571 1109 640 talem
1161 572 1594 657 poenitentem
1643 570 1886 638 docere
1921 571 2134 655 primo
2174 587 2324 656 quae
2361 570 2733 656 respiciunt

143 676 341 744 vitam
391 678 728 759 luturam;
798 677 991 747 deinc
1037 679 1426 765 mysterium
1483 680 1586 747 Ss.
1637 676 1976 747 Trinitatis
2027 684 2095 746 et
2139 678 2618 746 lucarnationis
2668 684 2733 745 et

147 784 485 852 Passionis
536 787 609 852 D.
658 786 730 853 N.
776 788 831 853 J.
883 787 996 866 C.;
1046 803 1120 853 ac
1168 785 1263 854 sic
1313 803 1586 867 curare,
1637 792 1711 852 ut
1759 785 1875 852 Dei
1930 784 2301 869 opitulante
2368 786 2616 867 gratia,
2664 784 2731 851 in

138 908 219 958 eo
272 891 601 973 excitetur
656 890 850 959 dolor
899 898 1323 979 peccatorum
1371 910 1521 961 cum
1572 890 1918 977 proposito
1969 909 2103 959 non
2154 890 2466 977 peccandi
2517 889 2597 958 de
2631 907 2734 958 ce-

138 1005 332 1079 tero;
381 1018 529 1081 Qum
593 999 788 1067 aliter
836 1018 965 1068 non
1017 1000 1103 1066 sit
1152 1018 1358 1087 capax
1404 999 1867 1085 absolutionis

227 1106 297 1172 Si
349 1107 717 1189 ignorantia
772 1109 897 1175 ista
947 1108 1217 1193 respicit
1269 1126 1418 1193 quae
1470 1107 1641 1177 scitu
1692 1107 2063 1175 necessaria
2129 1113 2285 1175 sunt
2335 1106 2733 1175 necessitate

137 1215 478 1300 praecepti,
530 1235 660 1285 non
720 1216 917 1286 debet
968 1217 1349 1302 impendere
1399 1225 1665 1301 tempus
1716 1216 1781 1283 in
1830 1233 1910 1283 eo
1962 1214 2399 1295 instruend03
2451 1214 2571 1282 sed
2619 1231 2736 1299 po-

137 1321 272 1389 tius
323 1322 406 1389 ad
454 1322 752 1390 dolorem
802 1324 1065 1405 excitet,
1114 1331 1180 1391 et
1228 1322 1489 1409 adJuvet
1541 1323 1606 1389 in
1656 1322 2004 1390 eliciendis
2053 1321 2310 1391 actibus
2369 1320 2542 1405 fidei,
2593 1321 2732 1406 spei

134 1437 200 1495 et
250 1429 616 1497 charitatis.
665 1432 826 1496 Nam
877 1429 1090 1517 adhuc
1135 1429 1306 1499 valet
1355 1429 1711 1511 absolutio,
1749 1429 1803 1497 si
1857 1429 2074 1516 ipsum
2126 1428 2482 1515 praeteritae
2532 1428 2738 1512 negli-

135 1538 381 1617 gentiae
433 1538 771 1622 poeniteat,
821 1544 888 1605 et
936 1537 1282 1622 promittat
1331 1537 1630 1619 discere„
1657 1537 1709 1604 si
1762 1538 2169 1605 convaluerit
2220 1533 2267 1604 ¹.

221 1643 453 1705 909.
508 1646 579 1724 Q.
628 1646 689 1712 5.
742 1645 1157 1726 Quandonam
1202 1645 1434 1731 obliqat
1478 1645 1797 1711 internum
1840 1644 1983 1730 fidei
2023 1656 2402 1731 proeceptum
2426 1650 2457 1710 ?

225 1752 300 1818 R.
351 1751 697 1818 Internum
743 1750 893 1819 fidei
945 1757 1356 1837 praeceptum
1391 1759 1717 1837 quatenus
1754 1751 2132 1836 negativum
2165 1751 2412 1836 obligat
2458 1750 2539 1817 ad
2573 1768 2737 1817 nun·

133 1874 337 1941 quam
385 1857 913 1927 dissentiendum
959 1859 1058 1927 vel
1110 1857 1552 1928 dubitandum
1601 1859 1683 1928 de
1733 1859 2052 1928 revelatis·
2094 1877 2127 1926 a
2178 1862 2361 1939 Deo;
2413 1875 2606 1927 secus
2643 1857 2737 1924 in-

126 1964 302 2049 juria
354 1944 486 2049 ipsi
528 1967 932 2051 irrogaretur
979 1967 1384 2051 gravissima,
1438 1966 1625 2053 quasi
1678 1966 1811 2033 falli
1866 1975 1978 2034 aut
2027 1966 2251 2037 fallere
2287 1967 2517 2054 possit.
2570 1968 2737 2047 Qua·

132 2079 330 2138 tenus
382 2072 735 2156 positivum
783 2074 1030 2159 obligat
1072 2073 1424 2160 aliquando
1479 2080 1596 2159 per
1641 2092 1750 2155 se,
1801 2073 2154 2160 aliquando
2215 2093 2333 2161 per
2403 2073 2732 2142 accidens,

134 2178 400 2261 Obligat
443 2199 557 2265 per
599 2200 696 2246 se:
1700 2266 1705 2271 Ι
2632 2248 2641 2269 2

321 2286 378 2350 l.
427 2287 679 2354 Pueros
730 2288 902 2355 inter
949 2287 1178 2356 fideles
1228 2289 1587 2369 educatos,
1658 2287 1923 2374 quando
1990 2275 2265 2355 rationis
2314 2305 2510 2357 usum
2581 2306 2733 2374 per-

132 2391 307 2460 fecte
354 2395 694 2461 consecuti
746 2396 1053 2479 mysteria
1104 2393 1255 2464 fidei
1306 2394 1602 2476 audiunt,
1658 2402 1722 2464 et
1770 2405 1993 2465 mente
2043 2393 2550 2482 apprehendunt
2609 2394 2735 2462 sibi

132 2500 212 2566 ad
260 2500 548 2593 salutem
597 2503 1046 2570 necessarium
1097 2522 1245 2572 esse
1294 2503 1402 2571 illa
1452 2503 1771 2575 credere:
1822 2521 1975 2571 nam
2026 2502 2230 2570 adulti
2282 2502 2393 2570 ubi
2447 2503 2736 2588 primum
2796 2528 2803 2535 ·

139 2616 442 2691 possunt,
479 2616 792 2676 tenentur
823 2609 1119 2677 debitum
1154 2610 1395 2680 mentis
1431 2608 1830 2696 obsequium
1871 2617 2191 2697 praestare
2226 2612 2405 2678 Deo:
2444 2608 2523 2675 ad
2558 2606 2739 2694 quod

139 2715 302 2783 fides
357 2718 881 2803 praerequiritnr.
932 2718 1116 2787 Unde
1164 2725 1439 2804 peccant
1486 2718 1857 2787 mortaliter
1906 2717 1969 2785 id
2018 2716 2411 2799 omittendo,
2459 2716 2583 2783 nisi
2631 2733 2741 2785 ex-

135 2829 462 2892 cusentur
502 2825 586 2891 ob
636 2825 1226 2907 inadvertentiam,
1300 2832 1412 2892 aut
1462 2825 1908 2905 invincibilem
1969 2824 2450 2910 ignorantiam,
2503 2823 2598 2891 uti
2655 2821 2736 2891 de

143 2947 381 2997 eorum
431 2930 889 3015 compluribus
938 2931 1110 3000 solet
1156 2930 1420 2999 evenire
1469 2933 1516 2998 ².

316 3039 379 3103 2.
428 3036 706 3104 Adultos
754 3037 1086 3118 infideles,
1138 3038 1401 3123 quando
1454 3039 1621 3105 ratio
1671 3037 1921 3107 dictare
1972 3037 2203 3123 incipit
2253 3054 2359 3104 res
2421 3034 2573 3104 fidei
2624 3028 2742 3103 no—

139 3153 294 3213 strae
353 3144 757 3213 sufficientes
807 3144 1056 3231 iisdem„
1089 3163 1237 3213 esse
1273 3145 1672 3231 propositas,
1709 3153 1773 3212 et
1807 3153 2053 3214 sectam
2081 3162 2268 3213 suam
2304 3162 2451 3213 esse
2486 3143 2738 3211 falsam.

141 3253 306 3321 Hinc
356 3252 437 3318 ab
488 3252 874 3319 Innocentio
923 3255 1009 3320 Xl
1050 3252 1199 3339 jure
1274 3254 1652 3341 meritoque
1700 3251 2001 3319 damnata
2051 3259 2152 3320 est
2202 3252 2345 3320 haec
2414 3253 2539 3320 sub
2588 3269 2651 3318 n.
2700 3255 2739 3318 4

141 3359 561 3445 propositio:
619 3361 711 3427 Ab
745 3360 1106 3446 infidelitate
1173 3361 1576 3427 excusabitur
1652 3360 1916 3446 infidelis
1974 3379 2101 3427 non
2172 3360 2442 3442 credens,
2511 3359 2742 3427 ductus

135 3467 430 3553 opinione
491 3468 699 3533 minus
740 3466 1068 3554 probabili.
1529 3484 1562 3519 ⁸

324 3572 384 3640 3.
436 3575 678 3640 Omnes
729 3572 979 3658 obligat
1028 3590 1159 3640 nou
1210 3573 1415 3641 semel
1465 3572 1532 3639 in
1583 3573 1731 3654 vita,
1779 3573 1929 3658 quia
1966 3574 2177 3658 justus
2224 3593 2306 3639 ea:
2334 3573 2451 3657 fide
2496 3572 2648 3638 vivit
2690 3570 2739 3636 3.

92 3740 98 3747 .
141 3682 221 3747 Et
259 3680 556 3749 ¹maxime
592 3681 654 3745 in
704 3687 960 3760 morte3
1014 3697 1165 3746 nam
1216 3687 1376 3748 tunt
1412 3679 1694 3747 maxime
1729 3685 1921 3763 urget
1955 3679 2275 3764 obligatio
2312 3678 2375 3745 in
2404 3678 2600 3746 finem
2637 3676 2744 3743 ul-

143 3788 382 3855 timum
458 3806 581 3857 nos
630 3786 958 3881 dirigendi
1006 3804 1126 3872 per
1174 3786 1412 3854 fidem:
1465 3790 1595 3856 hoec
1657 3800 1746 3855 est
1791 3788 1956 3853 enim
2021 3770 2287 3854 victoria
2357 3805 2495 3871 quoe
2553 3785 2744 3853 vincit

138 3893 491 3974 mundum,
551 3895 700 3980 fides
761 3905 976 3960 nostra
1024 3889 1073 3959 ⁴.
1125 3893 1291 3960 Hinc
1355 3901 1588 3961 curent
1643 3894 2010 3961 animarum
2059 3895 2366 3960 Pastores
2409 3891 2609 3958 illam
2674 3890 2740 3957 in

144 4000 563 4069 moribundis
613 4001 899 4070 excitare
947 3999 1144 4067 simul
1188 4018 1340 4068 cum
1388 4019 1507 4087 spe
1557 4009 1622 4069 et
1672 4002 2009 4069 charitate.

148 4145 486 4195 necessaria?
519 4146 709 4207 utique.
745 4144 798 4195 Si
833 4145 928 4194 nas
961 4145 1112 4216 actus
1144 4143 1391 4195 exerceat
1423 4143 1620 4195 sufficit
1651 4143 1717 4194 ad
1752 4144 2156 4195 instructionem
2194 4153 2226 4192 a
2280 4141 2606 4192 contessario
2658 4140 2745 4191 hic

145 4209 198 4257 et
232 4218 376 4256 uunc
411 4205 785 4281 praestandam,
822 4210 873 4258 et
917 4206 983 4256 ad
1018 4205 1424 4268 dispositionem
1473 4206 1824 4257 sufficientem
1880 4205 1947 4255 ad
1983 4205 2407 4255 Sacramentum.
2466 4205 2730 4255 Hactenus

148 4268 916 4381 δρίοῗέεῧῖεέῇέιὲῑῐῦοέῗξέ
951 4329 1316 4403 Βᾼίεείοηειιζίμε
1353 4341 1401 4392 p.
1439 4329 1747 4401 Leonardus
1781 4326 2323 4402 industrium-edocet
2358 4326 2601 4387 modum,
2631 4340 2741 4392 quo
2798 4358 2805 4363 -

151 4392 416 4454 agendum
446 4396 526 4444 est
556 4405 676 4444 cum
716 4391 1095 4465 poeniten-tibus
1128 4390 1803 4504 cirrilgsdcrgzifflticgiigsanqg:
1833 4388 2744 4504 geegeaeegozgssoggatdnsedutcoirttltx

151 4455 319 4566 ιῑὲῗιὲῗ
344 4455 819 4567 ἓέἓθέἱῖιῐιιὲιείιῗῐξι
847 4454 1533 4590 ¹¹gog[Illitteerrffbgabbri{ttlano’s
1561 4516 1732 4565 'actus
1787 4515 1978 4567 eliciat.
2030 4539 2094 4553 —
2151 4489 2208 4564 V.
2258 4489 2495 4577 Lignor’i,
2556 4515 2747 4565 Promis

148 4578 312 4639 Cous..
350 4592 403 4627 u.
439 4583 535 4639 ἰὴ
571 4581 623 4630 et
656 4578 879 4653 dicen-da
914 4580 983 4630 De
1016 4581 1338 4650 Poemtenna,
1374 4589 1426 4626 n.
1461 4578 1571 4658 39⁶,-

207 4639 235 4741 ἔ
264 4641 596 4753 ἔὰιβῇῗῗυθῑ
625 4644 911 4704 Refleoeaom
941 4655 1035 4691 sur
1065 4653 1136 4693 tm
1171 4642 1299 4691 &crat
1330 4639 1390 4689 de
1422 4640 1492 4690 M.
1526 4639 1761 4741 (λιιιιιὶιε.ι
1802 4712 1836 4761 ¹,
1869 4700 2059 4753 joann·
2090 4712 2143 4753 v·
