3292 5167
559 215 689 281 272
1246 231 1362 302 mn„
1409 230 1474 278 ιι.
1523 234 1736 280 mser.
1786 234 1863 278 vi.
1911 230 2060 279 mss,
2109 230 2189 278 w.
2238 233 2367 279 CAP.
2418 230 2459 277 1.

556 341 691 423 riis,
736 337 1149 436 cancellariis
1199 339 1515 406 advocatis
1561 346 1626 407 et
1652 339 2185 425 procuratoribus,
2235 339 2480 424 quibus
2525 344 2712 423 pacta
2746 338 3180 408 interdicun-

558 453 667 514 tur
711 447 882 513 circa
932 447 1057 527 reS,
1104 443 1189 513 de
1239 447 1483 531 quibus
1530 454 1732 531 agunt
1769 445 2209 531 patrocinium
2257 445 2355 515 vel
2404 463 2669 513 causam
2720 448 2876 530 (art.
2933 446 3176 530 1457).

630 579 831 652 'No-rs.
867 587 1246 651 Contractus
1288 588 1367 653 ad
1412 605 1570 668 quos
1616 587 1943 668 praedictae
1990 603 2279 665 personae
2326 588 2651 652 inhabiles
2715 589 3175 668 declarantur,

558 686 685 730 non
730 685 954 731 omnes
1000 669 1303 731 videntur
1347 686 1486 731 esse
1534 675 1670 748 ipso
1717 667 1885 730 facto
1932 668 2130 743 nulli3
2178 684 2319 730 nam
2357 685 2551 731 variae
2593 673 3021 749 assignantur
3069 687 3179 733 re·

556 748 723 828 gulae
768 767 881 831 pro
927 765 1145 811 eorum
1192 751 1604 812 rescissione:
1651 747 1820 828 quod
1869 748 2137 828 probat,
2180 750 2481 828 aequitate
2528 751 2808 812 naturali
2878 761 3176 826 servata,

555 829 773 892 valere
816 830 1231 909 quoadusque
1274 829 1745 893 rescindantur.
1793 828 1922 891 lmo
1959 845 2038 891 ex
2072 829 2212 907 lege
2245 828 2419 891 civili
2454 833 2562 909 qui
2597 846 2740 894 cum
2783 832 2980 893 dictis
3012 849 3170 912 per·

558 914 734 972 sonis
778 916 1281 981 contraxerunt,
1330 926 1656 989 opponere
1703 917 2034 990 nequeunt
2098 910 2287 972 talem
2354 910 2727 989 capacitatis
2788 911 3180 989 deiectum3

559 1007 702 1053 cum
749 995 814 1053 in
860 993 1146 1071 ipsorum
1191 989 1574 1053 beneficium
1623 993 1919 1055 rescissio
1967 989 2227 1054 inducta
2274 1005 2404 1053 non
2450 992 2534 1053 sit
2576 991 2741 1071 (art.
2790 993 2997 1072 1107).

645 1137 854 1202 88².
901 1139 972 1217 Q.
1020 1138 1082 1203 2.
1131 1135 1235 1203 An
1280 1147 1335 1201 et
1379 1136 1488 1221 qui
1533 1155 1864 1203 consensus
1911 1134 1995 1201 ad
2043 1147 2396 1202 contractus
2436 1136 2718 1201 valorem
2762 1134 3175 1219 requiritur?

647 1242 717 1307 R.
796 1244 1178 1309 consensus
1250 1248 1351 1309 est
1406 1242 1605 1310 veluti
1657 1241 1871 1309 anima
1923 1247 2305 1324 contractus
2322 1266 2341 1322 3
2392 1247 2773 1308 contractus
2824 1241 3000 1308 enim
3061 1245 3173 1307 est

561 1346 845 1416 duorum
915 1350 1017 1417 vel
1090 1349 1378 1434 plurium
1451 1349 1516 1415 in
1575 1367 1782 1417 unum
1832 1349 2213 1418 conventio:
2264 1355 2328 1414 at
2376 1339 2553 1416 nulla
2603 1347 2963 1416 conventio
3013 1347 3171 1415 sine

561 1475 912 1525 consensu.
965 1456 1088 1537 Qui
1141 1474 1509 1526 consensus
1556 1455 1755 1527 debet
1804 1475 1979 1525 esse:

740 1568 796 1632 l.
865 1569 1163 1635 Inter-nus
1231 1577 1296 1632 et
1352 1585 1552 1632 verus.
1604 1563 1984 1650 Requiritur
2032 1582 2314 1652 nempe,
2362 1571 2438 1632 ut
2485 1563 2887 1632 contrahens
2934 1579 3165 1631 veram

560 1671 796 1739 habeat
845 1673 1251 1741 voluntatem
1301 1671 1678 1759 explicitam
1727 1673 1824 1740 vel
1878 1672 2263 1758 implicitam
2313 1689 2461 1740 sese
2511 1671 2846 1756 obligandi
2905 1673 2951 1738 ¹.
2991 1671 3166 1739 Hinc

560 1779 625 1846 in
668 1779 852 1864 jure:
901 1781 1219 1867 stipulatio
1264 1799 1403 1865 quae
1447 1780 1651 1848 verbis
1694 1782 1783 1867 fit,
1829 1780 1956 1846 nisi
2002 1782 2222 1847 habeat
2266 1800 2648 1860 consensum,
2699 1780 2884 1846 nulla
2919 1792 3027 1847 est.
3082 1781 3162 1846 Et

557 1904 754 1955 sane:
807 1886 953 1954 ideo
1006 1887 1402 1966 contrahens
1451 1885 1700 1954 dicitur
1746 1886 2054 1972 obligari,
2098 1886 2247 1973 quia
2297 1904 2449 1954 vere
2497 1892 2562 1954 et
2611 1904 2689 1954 ex
2740 1887 2961 1953 animo
3019 1886 3162 1953 vult
3246 1865 3248 1950 Ῠ

560 1992 763 2061 talem
813 1992 876 2059 in
928 2011 999 2060 se
1049 1992 1519 2078 obligationem
1568 1993 1912 2082 suscipere
1928 2019 1947 2076 ;
1998 2011 2155 2079 ergo
2203 1993 2260 2061 si
2297 1992 2446 2061 talis
2480 1993 2544 2060 in
2580 1975 2658 2060 eo
2693 1991 2997 2060 voluntas
3047 1991 3161 2061 de—

560 2102 667 2183 sit,
717 2107 1098 2169 contractus
1148 2101 1393 2169 nullius
1442 2101 1704 2169 roboris
1753 2109 1854 2170 est
1903 2103 1958 2170 ².

720 2197 797 2275 ’2.
869 2210 1055 2275 Liber
1123 2226 1197 2276 ac
1249 2209 1424 2295 plene
1469 2209 1857 2290 deliberatus,
1908 2209 1995 2275 ita
2036 2215 2108 2275 ut
2156 2207 2554 2277 contrahens
2607 2225 2738 2275 non
2794 2207 3011 2275 solum
3067 2208 3157 2275 sit

559 2335 879 2403 compOS,
957 2314 1075 2384 sed
1145 2316 1340 2384 etiam
1391 2324 1535 2402 agat
1585 2333 1737 2383 cum
1787 2331 1861 2384 ea
1908 2315 2422 2398 deliberatione,
2474 2334 2621 2403 quae
2671 2315 2752 2383 ad
2802 2324 3156 2402 peccatum

558 2444 751 2511 grave
792 2424 1173 2509 requiritur.
1206 2425 1412 2491 Secus
1446 2441 1576 2491 non
1613 2429 1790 2492 esset
1824 2422 1947 2490 nisi
1986 2422 2286 2490 voluntas
2321 2422 2725 2508 imperfecta,
2761 2440 2836 2491 ac
2871 2422 3155 2510 proinde

558 2541 745 2602 actus
794 2532 1267 2618 imperfectuS,
1319 2530 1429 2616 qui
1480 2531 1836 2617 perfectam
1888 2529 2358 2615 obligationem
2409 2548 2639 2617 parere
2695 2547 2829 2597 non
2885 2537 3156 2616 posset:
3247 2579 3248 2584 ,

558 2641 712 2708 hinc
761 2639 982 2707 nullus
1033 2644 1213 2705 esset
1260 2644 1638 2706 contractus
1691 2637 1893 2705 initus
1941 2655 1976 2703 a
2026 2637 2315 2724 perfecte
2364 2637 2571 2705 ebrio.

741 2747 801 2812 3.
850 2746 1152 2814 Exterius
1197 2746 1650 2829 manifestatus,
1704 2744 1848 2811 talis
1899 2762 2155 2829 nempe,
2209 2752 2281 2811 ut
2329 2762 2694 2812 consensus
2744 2744 2942 2810 unius
3001 2761 3157 2828 pos-

559 2853 646 2922 sit
698 2854 778 2921 ab
827 2852 955 2921 alio
1012 2851 1324 2936 cognosci
1376 2858 1441 2919 et
1488 2851 1839 2938 acceptari:
1891 2858 1991 2920 est
2039 2851 2214 2919 enim
2264 2857 2449 2920 actus
2501 2852 2772 2919 humani
2825 2867 3156 2919 commer-

557 2961 660 3042 cii,
715 2961 893 3046 atqui
946 2959 1092 3028 talis
1145 2976 1294 3028 esse
1342 2976 1474 3027 non
1523 2966 1762 3045 potest,
1812 2958 1935 3027 nisi
1989 2959 2279 3028 exterius
2328 2959 2803 3028 manifestetur.
3247 3045 3248 3054 ξ

732 3060 800 3136 [ι.
843 3072 1118 3151 Mutuus,
1169 3067 1322 3153 quia
1372 3072 1750 3135 contractus
1801 3073 1903 3134 est
1951 3066 2301 3135 conventio
2353 3067 2587 3135 saltem
2635 3066 2959 3136 duorum:
2998 3066 3150 3134 hinc

556 3194 829 3245 necesse
881 3184 999 3260 est,
1049 3182 1123 3242 ut
1172 3176 1367 3245 ambo
1417 3174 1853 3254 consentiant,
1903 3174 1968 3242 id
2015 3181 2116 3244 est
2162 3181 2235 3242 ut
2284 3183 2650 3243 consensus
2697 3175 2896 3243 unius
2947 3173 3027 3242 ab
3065 3174 3153 3241 al·

554 3293 698 3351 tero
771 3290 1172 3370 acceptetur.
1244 3284 1547 3351 Attamen
1612 3302 1744 3350 non
1793 3281 2175 3367 requiritur,
2226 3287 2298 3348 ut
2346 3282 2542 3350 etiam
2593 3281 2977 3350 notificetur
3023 3280 3149 3349 ista
3247 3285 3248 3288 ’

555 3394 963 3475 acceptatiO,
1030 3410 1178 3459 nam
1230 3390 1312 3457 ad
1359 3397 1771 3459 contractum
1823 3389 2297 3475 perficiendum
2347 3389 2506 3458 satis
2555 3396 2697 3472 est,
2750 3388 2929 3475 quod
2979 3388 3151 3457 adsit

555 3496 837 3565 duorum
908 3516 1274 3566 consensus
1346 3498 1411 3564 in
1461 3496 1667 3565 idem:
1720 3513 1918 3590 porro
1960 3495 2068 3565 ille
2116 3514 2483 3566 consensus
2532 3495 2754 3565 existit
2801 3497 3026 3565 statim
3076 3514 3150 3566 ac
3247 3491 3248 3586 j

556 3603 836 3671 intentio
909 3604 1107 3670 unius
1154 3603 1275 3671 fuit
1324 3603 1510 3670 alteri
1555 3603 1848 3670 intimata
1897 3610 1964 3670 et
2011 3603 2091 3673 ab
2142 3602 2269 3672 isto
2320 3610 2673 3688 acceptata.
2724 3604 2972 3690 Excipe
3021 3604 3145 3673 nisi

554 3709 732 3778 aliud
795 3711 905 3797 jus
963 3709 1296 3794 decernat,
1346 3715 1419 3777 ut
1480 3717 1658 3795 patet
1707 3709 1786 3794 de
1834 3708 2213 3793 donatione,
2267 3729 2415 3797 quae
2466 3730 2546 3779 ex
2602 3711 2742 3796 lege
2792 3710 2964 3780 civili
3015 3730 3145 3780 non
3247 3775 3248 3788 ,

553 3819 749 3885 habet
821 3809 1129 3885 effectum
1180 3817 1305 3884 nisi
1356 3834 1390 3883 a
1441 3824 1783 3903 tempore,
1835 3833 1967 3902 quo
2016 3816 2381 3902 acceptatio
2431 3816 2809 3885 donationis
2860 3818 2987 3904 ipsi
3035 3817 3150 3887 do·
3247 3903 3248 3906 Ἴ

553 3924 731 3992 nanti
780 3924 977 3992 fuerit
1024 3941 1337 4010 expresse
1387 3924 1719 3992 notificata
1767 3924 1918 4008 (art.
1973 3925 2193 4010 1057).

638 4031 849 4097 888.
900 4034 972 4112 Q.
1022 4032 1082 4098 3.
1136 4033 1437 4112 Quoenam
1482 4030 1900 4098 adversantur
1943 4031 2272 4098 consensui
2310 4031 2381 4097 iu
2426 4032 2896 4102 contractibus?

640 4142 719 4208 R:
764 4143 830 4207 l:
882 4138 1249 4207 Consensui
1299 4139 1370 4206 in
1411 4138 1863 4207 contractibus
1900 4137 2362 4206 adversantur:
2400 4156 2608 4221 error,
2642 4138 2857 4223 dolus,
2894 4147 3132 4208 metus,

556 4248 621 4332 l)
670 4250 875 4318 Error
919 4253 1022 4315 est
1070 4245 1426 4315 aestimatio
1474 4245 1673 4313 unius
1724 4262 1844 4331 pro
1894 4245 2051 4328 alio;
2100 4264 2317 4312 errare
2361 4246 2549 4328 enim,
2600 4263 2681 4314 ex
2728 4246 3142 4332 Augustino,

613 4494 635 4534 ¹
670 4496 786 4544 Dixi
819 4496 1113 4555 explicitam
1146 4496 1227 4546 vel
1264 4494 1605 4555 implicitam·
1638 4490 1767 4564 qula
1802 4452 2014 4552 sufficit,
2049 4492 2110 4541 ut
2140 4491 2261 4553 quis
2313 4490 2440 4541 velit
2487 4489 2707 4555 aliquid,
2756 4490 2842 4542 eni
2895 4490 3003 4542 obl·
3074 4491 3143 4541 tie

550 4569 620 4607 ex
653 4562 845 4607 natura
878 4568 976 4608 sua
1008 4557 1275 4608 inhaereat.
1310 4555 1397 4608 Sic
1426 4557 1518 4618 qui
1551 4554 1745 4615 judicis
1779 4553 2015 4604 officium
2052 4553 2294 4616 suscipit,
2330 4556 2579 4605 censetur
2625 4554 2875 4613 implicite
2924 4553 3010 4605 vel
3090 4565 3145 4604 se
3247 4557 3248 4600 5

550 4619 783 4691 obliga-re
814 4618 878 4668 ad
910 4619 1082 4729 fustes
1114 4619 1350 4669 edendas
1382 4618 1696 4675 sententias,
1731 4616 1864 4688 quia
1888 4618 2010 4689 ‘liaec
2039 4613 2293 4676 obligatio
2323 4615 2503 4666 officio
2535 4616 2607 4667 illi
2645 4615 2884 4667 inureret.

612 4681 636 4720 Ξ
672 4682 876 4743 Βιρεεε.,
931 4718 941 4729 .
976 4692 1031 4740 ιι,
1072 4684 1107 4731 t.
1143 4681 1202 4731 14
1235 4682 1294 4731 de
1322 4683 1461 4742 pact.
1492 4703 1556 4716 -
1604 4680 1658 4728 V.
1687 4678 1919 4739 Lignum,
1953 4679 2049 4738 υρ.
2083 4678 2241 4739 Mor„
2273 4678 2309 4729 l.
2342 4690 2418 4740 ιιι,
2458 4691 2512 4728 ιι.
2548 4679 2658 4729 709.
