3292 5167
515 202 644 269 676
1211 225 1324 270 uu.
1374 225 1436 271 ιι.
1484 227 1697 273 τιυστ.
1745 223 1870 274 vlu.
1917 228 2069 275 mse.
2115 225 2207 274 ιιι.
2254 229 2384 275 ων.
2431 228 2472 274 1.

692 325 752 393 3.
800 314 1061 413 Pt'optei·
1103 347 1165 393 se
1211 339 1265 393 et
1310 348 1497 416 super
1542 332 1775 400 omnia.
1823 330 2084 403 Dicitur
2123 343 2378 420 propter
2421 352 2528 411 εις
2578 349 2777 417 porro
2828 326 3111 416 diligere

515 434 723 500 Deum
773 431 971 515 gratis
1020 440 1086 500 et
1136 440 1424 533 propter,
1454 454 1545 519 se,
1599 437 1931 525 importat,
1970 456 2052 507 ne
2089 440 2230 508 Deo
2288 438 2650 506 serviamus
2685 455 2849 506 neve
2888 437 3110 523 ipsum

519 538 864 624 diligamus
904 545 1014 607 aut
1043 558 1418 628 quaeramus
1455 552 1729 630 propter
1761 544 1958 629 aliud,
1997 544 2168 615 idest
2202 552 2478 632 propter
2510 544 2881 614 mercedem
2912 561 3109 631 quam

515 646 595 715 ab
623 663 701 735 eo
730 654 1174 733 expectamus,
1215 648 1332 717 sed
1362 656 1635 735 propter
1671 652 2105 738 semetipsum
2139 670 2256 720 seu
2294 658 2568 739 propter
2600 671 2788 721 suam
2822 650 3110 719 divinam

521 740 910 835 bonitatem,
962 773 1081 841 per
1125 772 1197 823 se
1224 756 1591 839 amabilem,
1641 758 1776 827 sive
1805 744 2512 845 quatenus'praesefert
2563 759 2886 828 rationem
2922 758 3113 826 abso-

514 861 671 929 lutae
722 861 1146 947 perfectionis
1176 862 1238 929 in
1289 863 1467 931 omni
1502 884 1743 950 genere
1775 867 2190 935 excellentiae
2218 863 2272 934 ¹.
2310 852 2616 935 Additur:
2657 887 2845 955 super
2876 866 3108 947 omnia,

517 968 581 1037 id
630 976 729 1038 est
777 988 980 1054 super
1027 989 1130 1038 res
1182 989 1413 1041 omnes
1459 980 1735 1043 creatas
2452 1042 2461 1053 .

693 1080 752 1143 4.
805 1079 1018 1157 Cetei-a
1059 1090 1314 1165 propter
1352 1080 1557 1165 ipsum
1600 1085 1835 1160 Deum;
1875 1099 1980 1149 res
2018 1081 2193 1149 enim
2233 1080 2425 1150 amici
2463 1088 2617 1149 sunt
2652 1081 2718 1148 in
2754 1080 2898 1166 ejus
2932 1096 3112 1148 com-

516 1182 784 1250 modum
858 1184 1341 1252 convertendae.
1411 1186 1606 1273 Atqui
1678 1185 1897 1254 omnia
1947 1182 2103 1255 sunt
2148 1187 2301 1268 Dei3
2352 1205 2508 1272 ergo
2559 1206 2677 1273 per
2725 1187 3112 1254 charitatem

524 1292 742 1359 omnia
789 1290 1120 1376 diligenda
1163 1300 1318 1361 sunt
1368 1302 1640 1381 propter
1690 1297 1900 1363 Deum
1951 1301 2018 1362 et
2066 1294 2130 1362 in
2181 1296 2323 1381 ejus
2374 1296 2668 1377 bonum,
2719 1294 2844 1362 boc
2887 1299 2990 1361 est
3045 1292 3111 1360 ia

517 1399 659 1486 ejus
707 1399 984 1483 gloriam
1029 1406 1094 1468 et
1143 1400 1470 1469 honorem
1520 1402 1986 1471 convertenda.
2026 1401 2210 1472 Unde
2249 1402 2696 1489 Augustinus:
2735 1405 2936 1469 Deum
2966 1420 3121 1487 pron

447 1494 453 1507 '
516 1506 876 1591 mimumque
923 1507 1260 1593 diligimus,
1308 1508 1414 1574 sed
1458 1510 1655 1575 Deum
1694 1521 1954 1597 propter
2000 1513 2196 1577 Deum
2213 1535 2239 1588 ;
2275 1530 2391 1595 nos
2434 1521 2641 1577 autem
2673 1518 2728 1575 et
2744 1508 3114 1595 prozimum

510 1625 761 1699 propter
811 1617 1006 1681 Deum
1054 1611 1100 1681 ².
1138 1617 1219 1682 Et
1255 1615 1610 1701 Gregorius
1660 1618 1783 1687 M.:
1830 1621 1969 1685 Duo
2015 1618 2122 1683 isti
2167 1637 2495 1686 amores...
2545 1616 2664 1683 duo
2713 1615 2956 1697 annuli,
3013 1611 3117 1679 sed

513 1732 732 1788 catena
788 1741 953 1800 unm
998 1722 1136 1789 duae
1181 1724 1470 1805 actiones‘,
1519 1724 1625 1790 sed
1669 1742 1799 1790 una
1846 1724 2046 1790 virtus
2063 1749 2087 1803 ;
2132 1724 2251 1791 duo
2293 1744 2481 1811 opera
2510 1777 2526 1806 ,
2574 1723 2680 1791 sed
2723 1742 2855 1791 una
2898 1721 3114 1789 chari·

517 1840 614 1893 tas
657 1833 705 1893 ³.
756 1830 928 1896 Sane
980 1829 1276 1910 affectuS,
1326 1847 1458 1914 quo
1510 1835 1768 1897 amatur
1816 1848 2120 1915 persona,
2174 1849 2345 1897 unus
2381 1838 2446 1898 et
2494 1829 2669 1898 idem
2704 1835 2801 1897 est
2836 1844 2986 1895 cum
3028 1826 3116 1893 af-

518 1928 715 2017 fectu,
766 1952 898 2021 quo
948 1936 1089 2023 ejus
1142 1936 1352 2022 imago
1403 1942 1682 2005 amatur.
1751 1937 1933 2007 Unde
1988 1945 2165 2024 patet
2215 1937 2443 2007 eadem
2492 1937 2714 2024 specie
2763 1953 2913 2004 esse
2961 1934 3110 2002 cba-

517 2044 798 2124 ritatem,
850 2060 975 2129 qua
1026 2045 1235 2111 Deum
1287 2051 1349 2111 et
1395 2045 1775 2130 proximum
1826 2052 2105 2130 propter
2152 2047 2359 2113 Deum
2410 2044 2766 2130 diligimus.
2912 2106 2917 2114 .

611 2153 676 2218 R.
747 2149 841 2216 Ad
899 2153 974 2217 2:
1049 2149 1391 2235 Multiplex
1453 2140 1586 2217 est‘
1632 2150 1955 2218 charitas:
2008 2150 2130 2217 alia
2181 2150 2553 2233 habitualis,
2607 2158 2670 2218 et
2719 2162 2806 2217 est
2857 2151 3101 2217 hairicus

519 2257 815 2324 divi-nitus
861 2258 1108 2343 infusus
1138 2270 1394 2325 actuum
1425 2258 1751 2325 charitatis
1774 2271 2217 2345 permanenter
2246 2259 2583 2339 stabilitans
2625 2257 2707 2325 ad
2740 2270 2919 2326 actus
2951 2258 3113 2345 ipsos

518 2360 859 2432 eliciendos.
911 2366 1045 2432 Alia
1095 2366 1389 2447 actualis,
1438 2373 1503 2433 et
1553 2374 1655 2433 est
1704 2367 1832 2454 ipse
1877 2378 2079 2433 motas
2123 2367 2330 2433 animi
2378 2367 2495 2451 (ita
2544 2366 2987 2452 Augustinus)
3034 2364 3114 2431 ad

520 2474 854 2559 fruendum
904 2478 1026 2541 Deo
1069 2485 1325 2560 propter
1371 2475 1595 2561 ipsum,
1647 2485 1701 2540 et
1747 2494 1811 2541 se
1856 2485 2036 2559 atque
2078 2471 2374 2558 promi-mo
2416 2486 2678 2561 propter
2723 2477 2945 2541 Deum.
2979 2471 3112 2540 Alia

520 2581 965 2666 appretiativa,
1022 2586 1086 2648 et
1135 2587 1235 2649 est
1281 2601 1405 2667 qua⁴
1455 2585 1618 2648 Deus
1664 2582 1946 2648 omnibus
1991 2581 2296 2647 creaturis
2334 2582 2695 2668 proefertur.
2730 2580 2869 2677 Alia
2908 2581 3112 2647 inien-

521 2686 697 2768 siva,
769 2695 834 2754 et
906 2695 1006 2755 est
1080 2706 1218 2773 quae
1262 2707 1389 2753 non
1435 2688 1636 2753 solum
1683 2687 1885 2773 diligit
1934 2690 2131 2754 Deum
2174 2698 2368 2766 super*
2405 2682 2656 2765 omnim
2700 2687 2807 2752 sed
2853 2687 3104 2772 insuper

516 2788 788 2879 ¹quadam
832 2796 1168 2861 voluntatis
1218 2795 1613 2877 vehementia,
1663 2790 1718 2861 et
1763 2794 1969 2861 cordis
2014 2804 2240 2862 conatu
2284 2795 2584 2880 quosdam
2630 2795 2795 2861 elicit
2850 2793 3112 2878 fervoris

516 2885 750 2968 yradus
795 2904 945 2969 erqa
992 2889 1212 2970 ipsum.
1261 2885 1427 2951 Item
1499 2883 1619 2950 alia
1657 2884 1967 2966 affectiva,
2019 2900 2168 2969 quae
2221 2883 2284 2949 in
2335 2882 2534 2951 corde
2584 2890 2843 2951 tantum
2890 2882 3106 2960 sistit3

519 2989 640 3056 alia
690 2990 1008 3069 effectiva,
1045 3007 1194 3075 quae
1237 2990 1432 3057 etiam
1483 2989 1546 3056 in
1597 3007 1796 3074 opera
1846 2988 2152 3075 erumpit.

606 3091 766 3165 Addi
805 3104 1022 3189 potest
1057 3099 1178 3164 alia
1211 3098 1496 3181 vulgaris
1537 3096 1810 3166 divisio:
1847 3096 2026 3184 quod
2062 3116 2300 3183 nempe
2334 3102 2531 3184 prout
2570 3094 2840 3182 respicit
2874 3097 3107 3171 Deum,

519 3202 757 3272 dicitur
804 3204 1079 3273 chaaitas
1126 3224 1275 3290 erpa
1325 3208 1564 3283 Deum;
1599 3212 1795 3290 prout
1846 3204 2117 3290 respicit
2169 3204 2565 3290 proximum,
2616 3202 2862 3270 dicitur
2907 3201 3112 3267 chari-

526 3324 623 3379 tas
652 3331 802 3398 erya
828 3315 1211 3397 prooeimum.
1257 3315 1543 3398 Utraque
1580 3321 1796 3380 tamen
1833 3330 1958 3378 una
1995 3318 2097 3380 est
2130 3312 2347 3398 specie
2384 3312 2588 3378 virtus
2622 3328 2705 3378 ex
2736 3329 2788 3377 s,
2838 3310 3107 3388 Thoma;

519 3437 667 3489 cum
718 3438 923 3487 unum
971 3437 1235 3505 semper
1282 3421 1366 3487 sit
1417 3420 1756 3503 motivum,
1809 3423 2047 3505 nempe
2099 3426 2371 3505 propter
2420 3419 2632 3485 Deum
2681 3416 2731 3483 ⁴.

602 3531 805 3594 958.
858 3530 929 3608 Q.
977 3529 1038 3594 2.
1086 3526 1411 3609 Quodnam
1455 3538 1541 3594 est
1587 3528 1916 3594 charitatis
1965 3526 2309 3612 objectum?

604 3635 673 3701 R·
750 3633 1099 3719 obiectum
1181 3633 1917 3720 materiale—primatium
1966 3631 2305 3719 charitatis
2335 3686 2351 3714 ‚
2402 3630 2584 3717 quod
2634 3629 2847 3715 primo
2891 3645 3108 3698 amare

529 3747 850 3823 tenemur,
884 3747 984 3809 est
1019 3741 1218 3823 DeuS,
1263 3741 1448 3826 juxta
1499 3740 1687 3808 illud:
1736 3739 1956 3827 diliqes
2010 3741 2346 3846 nginum
2392 3742 2590 3806 Deum
2635 3750 2848 3816 mmm
2880 3738 2995 3804 hoc
3024 3747 3110 3804 est

579 3986 600 4027 1
636 3987 876 4039 Ceterum
911 3988 1040 4040 dum
1069 3989 1212 4039 Deus
1244 3985 1476 4050 diligitur
1509 3987 1723 4049 propter
1754 3997 1829 4047 se,
1866 3997 1975 4038 non
2008 3983 2127 4037 ideo
2160 3982 2465 4036 excluditur
2495 3982 2641 4054 quod
2677 3985 2813 4056 Qeus
2849 3982 2953 4033 boc
2988 3982 3101 4044 ipso

518 4051 586 4102 sit
613 4053 772 4102 etiam
805 4062 1077 4104 summum
1109 4050 1311 4103 bonum
1344 4049 1523 4100 nobis·
1562 4050 1671 4100 imo
1704 4061 1770 4101 ne
1811 4060 1875 4100 ue
1909 4047 1975 4099 ab
2010 4048 2113 4099 boc
2195 4047 2384 4098 ositive
2435 4043 2831 4109 praescinditur3
2888 4041 2991 4115 sed·
3019 4054 3103 4113 so-

515 4111 627 4165 lum
658 4113 835 4164 debito
868 4113 1053 4165 ordine
1087 4112 1285 4165 directe
1319 4113 1458 4163 Deus
1492 4085 1726 4174 diligitur
1758 4123 1793 4161 u
1847 4110 2051 4162 bonum
2086 4110 2140 4161 in
2182 4110 2369 4183 ¹¹³²⁰R¹³
2405 4118 2468 4159 ac
2503 4108 2783 4171 propterea
2818 4105 2877 4157 ut
2910 4116 3100 4169 priuci-

518 4175 663 4286 ssium
694 4175 745 4225 et
779 4174 897 4225 finis
928 4175 1206 4236 omnium3
1243 4174 1474 4239 ideoque
1508 4173 1609 4224 boc
1641 4173 1759 4235 ipso
1794 4174 2130 4234 cognoscitur
2158 4174 2211 4224 et
2241 4169 2476 4234 diligitur
2508 4171 2565 4220 ut
2589 4169 2794 4221 bonum
2838 4169 3101 4219 nostrum.

563 4237 686 4286 tsic
717 4239 988 4288 evanescit
1058 4244 1180 4289 uam
1216 4237 1373 4288 nobis
1406 4236 1613 4289 adversi
1667 4234 1925 4298 obiiciunt
1973 4233 2378 4293 absurditatem,
2432 4231 2582 4304 quod,
2629 4241 2749 4281 nem
2791 4244 2818 4283 e
2868 4229 3103 4280 amando

520 4299 1025 4409 zissorepbenevoien
1053 4304 1112 4352 iae
1145 4310 1239 4351 seu
1293 4300 1570 4351 charitatis
1626 4296 1975 4361 praescindere
2029 4296 2318 4348 debeamus
2369 4295 2436 4346 ab
2493 4295 2681 4345 ultimo
2772 4304 2839 4343 ne
2896 4293 3101 4343 nostro,

621 4372 651 4410 e
724 4372 923 4412 err-one.

580 4421 604 4461 ²
638 4423 749 4474 Lib.
784 4435 877 4473 vm
915 4425 981 4474 De
1019 4426 1225 4484 Trinit„
1256 4436 1301 4475 c.
1329 4426 1377 4475 8.

582 4484 605 4524 ⁸
639 4484 849 4544 Marah,
884 4486 916 4535 i.
948 4497 1044 4548 vu,
1073 4499 1117 4536 c.
1155 4488 1230 4539 10.
1263 4511 1327 4523 —-
1367 4485 1421 4535 V.
1461 4482 1691 4547 Liguori,
1727 4483 1817 4547 Op.
1853 4483 1986 4535 Mor.
2015 4482 2051 4532 1.
2086 4493 2143 4541 u,
2180 4492 2234 4533 n.
2267 4482 2349 4533 22.

587 4544 612 4585 ⁴
643 4549 691 4606 2,
726 4548 775 4606 2,
811 4556 863 4610 q.
897 4550 978 4608 25,
1012 4558 1061 4597 a.
1098 4551 1144 4599 t.
1178 4549 1305 4599 item
1339 4546 1472 4598 solet
1502 4546 1756 4608 distingui
1790 4544 2025 4597 charitas
2050 4543 2279 4606 perfecta
2311 4544 2362 4595 et
2392 4541 2691 4605 imperfecta
2716 4550 2952 4597 ·,verum
3004 4538 3096 4589 im·

517 4607 748 4670 perfecta
778 4618 900 4657 cum
933 4610 1262 4673 concipiatur
1292 4620 1358 4661 ex
1393 4610 1593 4659 motivo
1629 4606 1826 4670 proprii
1860 4606 2127 4658 commodi
2159 4617 2254 4659 seu
2288 4605 2341 4656 in
2374 4605 2598 4668 gratiam
2630 4578 2916 4666 diligentis,
2985 4610 3093 4653 non

520 4672 602 4721 est
630 4669 904 4734 praesentis
939 4669 1181 4723 instituti.
1215 4673 1288 4721 De
1319 4682 1382 4722 ea
1417 4671 1569 4734 plura
1585 4669 1655 4720 in
1690 4671 1839 4721 tract.
1878 4670 1945 4721 De
1980 4668 2301 4721 Paenitentia.
