3292 5167
1098 214 1176 260 ue:
1223 214 1627 262 unisonum
2542 195 2666 264 241

190 316 372 384 858.
420 316 492 396 Q.
541 318 602 384 7.
656 317 931 398 Quinam
971 329 1235 405 possunt
1280 317 1527 385 institui
1571 318 1896 388 haeredes?

195 427 250 492 R.
292 423 523 490 Omnes
573 421 687 509 qui
737 441 819 492 ex
858 407 1013 509 ‘tege
1082 442 1217 493 non
1288 431 1445 492 sunt
1514 422 1863 509 incapaces
1912 425 1994 495 ad
2040 424 2553 508 succedendum,
2607 434 2674 494 et

132 529 464 617 capiendum
507 536 791 615 possunt
850 530 1107 600 institui
1179 525 1581 600 haeredes&
1642 534 1998 619 incapaces
2070 541 2294 602 autem
2341 533 2447 601 alii
2519 540 2672 601 sunt

140 638 256 706 tales
295 637 591 707 absolute
661 639 826 708 etin
877 640 1259 707 universum
1276 665 1296 721 3
1345 638 1453 706 alii
1488 639 1759 709 relative
1806 649 1872 709 et
1919 640 2287 712 secundum
2322 641 2518 727 quid;
2567 641 2679 709 alii-

147 745 340 814 tandem
382 746 765 831 partialiter,
810 767 929 816 seu
980 767 1100 833 pro
1152 754 1338 835 parte
1386 746 1749 817 dumtaxat.

210 857 501 940 lncapaces
542 855 819 922 absolute
862 867 919 923 et
963 856 1033 922 in
1092 857 1457 922 universum
1502 854 1585 923 ad
1632 855 2152 941 succedendum,
2203 874 2322 924 seu
2372 856 2438 923 in
2489 856 2672 924 omni

149 980 253 1030 casu
291 970 585 1027 sunt:—
614 964 680 1047 1)
729 962 866 1046 filii,
918 964 1030 1049 qui
1074 963 1360 1030 nondum
1404 966 1680 1052 concepti
1730 972 1887 1033 sunt
1936 972 2239 1052 tempore
2289 963 2675 1050 aperitionis

142 1069 554 1150 successionis3
604 1070 716 1155 qui
765 1072 943 1139 enim
1001 1070 1296 1139 nondum
1357 1074 1663 1156 concepti
1716 1082 1894 1155 sunt,
1946 1073 2106 1140 nihil
2156 1081 2343 1152 sunt3
2397 1079 2461 1137 at
2507 1070 2676 1137 nihil
2696 1158 2704 1167 .

140 1178 280 1245 nulla
314 1188 453 1244 sum
490 1177 926 1265 proprietates.
987 1180 1293 1247 Attamen
1343 1179 1769 1265 excipiuntur
1817 1180 1930 1248 filii
1982 1179 2340 1249 immediati
2393 1176 2673 1263 alicujus

140 1302 380 1369 personae
407 1283 864 1352 determinatae
893 1293 957 1354 et
982 1284 1257 1353 viventis
1286 1293 1587 1370 tempore
1616 1288 1851 1354 mortis
1888 1287 2223 1356 testatoris
2244 1287 2272 1329 ²
2303 1287 2456 1371 (art.
2486 1285 2672 1369 764);

139 1392 187 1474 2)
221 1411 323 1456 non
366 1392 599 1476 vitales,
650 1391 824 1461 idest
869 1392 1020 1459 vitae
1073 1409 1207 1459 nou
1256 1407 1533 1476 capaces
1549 1417 1569 1475 3
1617 1394 1865 1461 etenim
1914 1393 2088 1461 idem
2133 1399 2239 1462 est
2277 1410 2310 1459 a
2353 1392 2503 1478 jure
2547 1408 2677 1456 non

133 1498 270 1563 nosci
309 1510 358 1563 et
400 1510 622 1564 natum
668 1499 851 1566 mori.
901 1502 1145 1569 Verum
1195 1498 1261 1564 in
1311 1496 1515 1566 dubio
1568 1499 1730 1567 tales
1781 1517 1914 1569 non
1966 1504 2505 1585 praesumuntur,
2560 1497 2670 1582 qui

134 1611 478 1672 enascuntur
506 1605 656 1687 vivi,
696 1605 820 1674 etsi
856 1604 1036 1674 brevi
1070 1603 1443 1673 moriantur
1476 1607 1631 1690 (art.
1661 1608 1858 1693 724);
1882 1644 1971 1655 —
1996 1608 2063 1692 3)
2091 1624 2375 1693 personae
2405 1605 2674 1684 incertae,

133 1712 174 1778 si
212 1713 365 1780 nulio
412 1713 612 1782 modo
673 1714 1023 1783 certificari
1098 1717 1378 1803 possint.
1428 1719 1595 1784 Item
1667 1723 1769 1785 est
1818 1717 1873 1784 si
1949 1734 2230 1803 persona
2290 1715 2542 1783 incerta
2580 1711 2678 1779 -sit

132 1819 569 1888 determinanda
602 1822 683 1890 ab
717 1821 938 1907 aliquo
972 1825 1191 1903 tertio,
1230 1830 1299 1892 ut
1334 1823 1387 1892 si
1424 1822 1702 1908 dicatur,
1735 1825 1852 1890 erit
1883 1844 2055 1891 meus
2086 1825 2283 1891 haeres
2319 1823 2442 1904 itte,
2493 1839 2676 1909 quem

128 1928 487 2013 ‹lesionem-it
556 1929 789 2010 Titius;
854 1948 962 1996 ma
1007 1929 1215 2017 (addit
1271 1929 1524 2018 Codex)
1594 1931 1627 1999 d
1684 1931 1898 1999 valida
1944 1933 2009 1999 la
2053 1930 2467 2018 disposizione
2512 1946 2555 1993 a
2599 1927 2679 1994 ti-

130 2035 229 2100 tolo
259 2036 620 2121 partie-clare
663 2037 734 2102 in
776 2038 994 2123 favore
1039 2037 1105 2103 di
1142 2057 1416 2123 persona
1460 2038 1543 2104 da
1586 2040 1902 2125 sceyliersi
1947 2038 2030 2104 da
2075 2058 2166 2106 un
2195 2048 2366 2104 terzo
2410 2037 2521 2122 fra
2559 2031 2676 2120 piis

131 2161 343 2226 persone
402 2144 806 2210 determinate
850 2144 958 2210 dal
1015 2156 1304 2213 testatore
1362 2146 1440 2213 od
1500 2148 1932 2234 appartenenti
1999 2166 2042 2213 a
2084 2146 2365 2233 famiqlie
2423 2165 2459 2210 o
2505 2141 2678 2229 corpi

131 2251 317 2315 morali
350 2250 426 2316 da
467 2251 561 2318 lui
589 2250 1013 2330 determinati;
1049 2250 1123 2318 ecl
1165 2252 1198 2318 e
1229 2272 1360 2339 pur
1401 2252 1617 2319 valida
1652 2253 1716 2319 la
1759 2240 2171 2340 disposizione
2214 2272 2258 2317 a
2302 2251 2473 2318 titolo
2513 2268 2674 2335 par-

134 2356 337 2424 ticulare
372 2378 411 2423 a
454 2359 677 2444 favore
713 2358 778 2424 di
807 2378 933 2425 uno
978 2359 1087 2443 fra
1107 2358 1227 2446 piit
1271 2360 1447 2447 corpi
1489 2362 1722 2427 morali
1766 2362 2158 2428 determinati
2182 2357 2525 2447 parimenti
2573 2355 2678 2421 dal

134 2474 361 2531 testatore
402 2465 552 2551 (art.
590 2464 724 2533 830
771 2471 837 2534 et
875 2466 1124 2551 seqq.);
1154 2504 1245 2515 —
1271 2466 1340 2552 4)
1371 2468 1672 2535 Instituta
1715 2479 1771 2534 et
1820 2468 2358 2555 Ηοηρνεῃαείοηεε,
2406 2481 2677 2551 quarum

137 2571 411 2639 existentia
464 2574 748 2660 legaliter
789 2593 919 2640 non
956 2584 1046 2640 est
1069 2575 1340 2660 probata
1372 2573 1400 2618 θ
1440 2574 1589 2661 (art.
1636 2575 1819 2662 433).
1852 2577 1934 2642 Et
1979 2580 2099 2643 art.
2148 2576 2279 2642 833
2325 2573 2675 2643 statuitur:

139 2679 256 2745 som
279 2679 437 2746 nulle
472 2679 527 2746 le
571 2679 980 2767 disposizioni
1025 2673 1308 2747 ordinate
1352 2681 1419 2748 al
1462 2683 1583 2768 fine
1628 2682 1694 2748 di
1737 2682 2005 2749 istituire
2060 2702 2110 2750 o.
2143 2683 2358 2750 dotare
2426 2679 2677 2766 benefizi

131 2787 371 2872 aempttci,
415 2788 800 2874 cappellanie
847 2787 1062 2855 laicali
1108 2789 1187 2854 od
1230 2790 1392 2855 altre
1419 2788 1616 2855 simili
1637 2789 2040 2875 sondazioni3
2070 2826 2160 2837 —
2181 2792 2252 2874 5)
2284 2788 2532 2876 indiyni
2548 2814 2569 2854 .·
2611 2793 2676 2855 et

134 2901 250 2960 sunt
272 2912 342 2962 ex
363 2894 610 2963 Codice
644 2894 799 2963 civ.:
835 2896 899 2977 a)
937 2895 1051 2962 Chi
1080 2915 1291 2963 avesse
1314 2895 1872 2963 volontariamente
1902 2898 2107 2964 acciso
2142 2916 2177 2963 ο
2208 2908 2440 2965 tentato
2472 2896 2537 2962 di
2568 2916 2673 2962 uc-

136 2999 290 3066 cidere
333 3002 389 3068 la
425 3022 721 3090 persona,
771 3001 934 3068 della
979 3002 1082 3070 cui
1137 3002 1519 3069 successione
1562 3002 1620 3069 si
1665 3014 1899 3082 tratta;
1945 3004 2015 3090 b)
2058 3003 2158 3070 chi
2205 3004 2270 3070 la
2314 3022 2527 3069 avesse
2572 3021 2677 3069 ac-

137 3121 303 3176 cusata
343 3110 406 3178 cli
449 3124 624 3179 reato
664 3110 942 3199 punibile
988 3130 1103 3177 con
1142 3129 1310 3198 pena
1353 3109 1704 3193 criminale,
1752 3111 2000 3197 quando
2050 3111 2323 3178 l'accusa
2364 3110 2466 3177 sia
2509 3120 2676 3203 stata

134 3214 427 3310 dichtaqata
470 3220 842 3287 calunniosa
883 3220 953 3285 in
998 3218 1318 3304 qiudizi03
1367 3228 1429 3303 c)
1477 3219 1577 3285 chi
1626 3219 1691 3286 la
1763 3208 1990 3285 avesse'
2018 3230 2305 3286 costretta
2348 3238 2389 3284 a
2432 3219 2543 3303 sar
2584 3228 2673 3284 te·

133 3334 378 3393 stamento
420 3325 499 3394 od
542 3347 586 3393 a
651 3326 978 3412 canqiarlo
990 3350 1014 3404 ;
1060 3324 1129 3410 d)
1178 3325 1278 3392 chi
1329 3326 1391 3392 l&
1437 3345 1648 3393 avesse
1687 3325 1988 3413 impedita
2055 3326 2121 3392 di
2165 3326 2273 3412 far
2318 3336 2675 3394 testamento

135 3449 160 3494 ο
186 3432 237 3498 di
273 3434 540 3503 rivocare
597 3434 648 3501 il
689 3434 799 3520 qia
841 3434 1032 3518 fatto:
1079 3453 1115 3499 o
1162 3453 1371 3500 avesse
1422 3452 1775 3520 soppres30‚
1821 3436 2014 3501 celato
2058 3433 2139 3502 od
2181 3434 2444 3501 alterato
2491 3432 2541 3500 il
2583 3444 2672 3500 te-

131 3549 377 3609 stamento
423 3543 785 3631 posteriore.
859 3544 1018 3610 Haec
1087 3547 1308 3609 tamen
1380 3541 1859 3625 exhaeredatio,
1932 3559 2052 3611 seu
2110 3540 2486 3627 indignitas,
2540 3557 2672 3608 non

138 3647 465 3731 praejudicat
511 3647 666 3717 filiis
712 3654 823 3716 aut
871 3645 1433 3716 descendentibus
1480 3646 1768 3734 indigni3
1840 3665 1992 3716 nam
2039 3649 2409 3735 personalis
2482 3647 2672 3731 culpa

135 3771 255 3822 suos
284 3768 575 3826 auctores
609 3762 839 3825 tenere
876 3754 1109 3824 debet:
1146 3753 1323 3824 uude
1365 3755 1447 3823 ad
1497 3755 1647 3824 illos
1697 3755 1911 3824 adhuc
1957 3763 2217 3842 spectat
2264 3755 2483 3843 portio
2520 3754 2675 3839 legi-

136 3860 270 3945 tima,
292 3863 355 3932 in
379 3881 501 3951 qua
531 3870 750 3933 tamen
780 3862 1091 3948 indignus
1120 3880 1358 3949 parcns
1395 3880 1555 3931 omn
1575 3862 1593 3931 i
1609 3863 1760 3950 jure
1786 3862 2037 3933 carebit
2069 3863 2204 3932 sive
2230 3859 2672 3931 ususfructus

183 4166 199 4206 ¹
223 4168 381 4228 Quoad
409 4178 694 4226 extraneas
722 4170 848 4223 vide
879 4181 945 4221 su
984 4180 1049 4221 ra
1077 4181 1134 4220 n.
1169 4170 1283 4221 333.
2506 4191 2512 4198 ·

181 4228 201 4269 ¹
221 4235 311 4284 Art.
339 4237 446 4288 764.
481 4257 508 4279 ι
540 4236 641 4287 Per
667 4233 916 4297 smmpto:
1000 4233 1100 4282 tzio
1134 4232 1347 4284 chiama
1379 4234 1536 4287 erede
1566 4235 1605 4287 11
1636 4234 1785 4299 figito
1842 4233 2197 4298 primogenito
2247 4233 2522 4286 nascituro
2579 4233 2668 4286 dal

137 4301 215 4341 suo
236 4291 357 4356 tigno
380 4310 509 4360 pure
543 4297 920 4360 primogenito:
953 4297 1145 4360 questa
1179 4293 1543 4358 disposizione
1574 4300 1605 4351 e
1635 4295 1835 4359 valida,
1872 4297 2138 4349 ancorche
2169 4295 2367 4348 1’erede
2400 4295 2665 4349 instituite

134 4363 218 4422 μου
238 4359 307 4409 m
333 4370 489 4412 aucor
514 4362 802 4423 conceptto
832 4359 939 4409 atta
971 4358 1141 4409 morte
1172 4355 1257 4407 det
1292 4359 1569 4423 testatore;
1605 4370 1697 4410 ma
1730 4359 1777 4409 si
1810 4356 2061 4419 richiede,
2114 4357 2212 4409 che
2247 4369 2280 4410 a
2332 4359 2663 4423 queu‘epoca

134 4415 159 4464 ¹1
183 4415 301 4470 detto
328 4421 461 4484 cgito
488 4422 546 4473 di
578 4421 754 4485 primo
784 4421 948 4483 grado
978 4420 1058 4471 sia
1084 4419 1140 4469 in
1161 4420 1290 4480 vita,
1314 4421 1506 4481 perche
1530 4433 1632 4477 ove
1660 4432 1770 4473 non
1785 4420 1930 4474 fosse
1955 4431 2123 4473 ancor
2143 4421 2271 4472 nato
2295 4432 2332 4472 o
2354 4421 2440 4485 gie
2468 4423 2665 4482 morto,

131 4479 308 4533 sai-ebbe
335 4486 473 4536 nulla
503 4485 557 4535 la
587 4483 963 4546 dispositione.
1001 4501 1021 4526 ι
1061 4481 1182 4535 cod.
1212 4483 1366 4545 spico.

178 4541 199 4580 ⁸
226 4561 245 4586 c
271 4544 370 4596 Son
395 4546 557 4598 validi
591 4546 607 4596 1
644 4545 796 4608 legati
824 4544 939 4596 {atti
974 4554 1068 4606 per
1098 4542 1323 4594 tondat-e
1353 4545 1408 4594 tn
1440 4556 1551 4597 una
1584 4545 1713 4596 citta
1744 4556 1817 4595 un
1852 4544 2079 4607 ospizio,
2119 4555 2192 4596 un
2229 4545 2364 4597 asilo
2397 4556 2492 4608 per
2530 4544 2666 4598 l'in-

128 4598 284 4674 ῐδῐξιίι,
307 4619 376 4659 un
400 4620 611 4670 museo,
645 4617 757 4658 una
784 4606 1063 4658 biblioteca
1094 4605 1361 4670 pubblica,
1396 4616 1528 4668 eccs,
1579 4609 1936 4672 quantunque
1967 4607 2017 4658 la
2050 4607 2177 4660 citta
2228 4618 2335 4659 uon
2387 4608 2471 4658 sta
2519 4610 2664 4660 stata

132 4662 313 4721 ismnita
338 4669 600 4735 tegatarta.
643 4689 663 4712 ι
704 4669 761 4719 V.
795 4667 1018 4732 Lissoni,
1060 4669 1296 4721 Tractato
1322 4672 1529 4732 pratico
1554 4670 1639 4722 del
1671 4673 1991 4722 testamento.
2023 4672 2244 4733 uitam,
2272 4674 2414 4725 1866.
