3292 5167
1259 217 1716 268 Annos-urowa
2648 197 2774 267 417

202 326 272 380 ut
313 332 444 380 non
488 317 679 383 liceat
722 316 788 379 in
832 323 1053 381 mutuo
1120 316 1260 399 plus
1302 322 1565 401 exigere
1626 331 1815 397 quam
1858 315 1964 379 lex
2028 318 2359 396 permittit,
2418 317 2485 382 id
2542 335 2623 381 ex
2665 335 2779 383 sex

201 413 396 478 supra
441 403 698 461 centum
741 397 948 476 quoad
991 407 1401 478 mercatores,
1443 402 1726 482 quinque
1760 413 1875 476 pro
1919 396 2082 459 aliis.
2111 395 2180 460 ln
2211 414 2360 461 casu
2397 408 2607 461 tamen
2641 415 2774 477 spe·

205 477 352 542 ciali
398 495 524 558 quo
563 479 710 558 quis
747 478 878 556 jam
923 478 1007 541 sit
1050 477 1515 546 determinatus
1559 478 1873 542 collocare
1918 478 2251 555 pecuniam
2297 495 2474 542 suam
2517 480 2585 540 in
2624 496 2772 559 syn·

202 559 467 638 graphia
511 567 582 621 ut
628 558 768 634 plus
811 558 1106 638 accipiat,
1148 576 1228 622 an
1268 569 1420 625 tunc
1463 562 1665 643 possit
1706 574 1739 622 a
1800 558 2047 638 privato
2091 559 2469 621 tantundem
2515 561 2779 637 exigere

203 641 310 719 qui
361 641 566 718 ipsum
632 646 814 717 rogat
876 647 945 704 ut
1007 640 1126 701 sibi
1193 651 1410 706 mutuo
1458 641 1791 722 pecuniam
1842 637 2096 713 tribuat,
2153 648 2304 702 sunt
2364 641 2471 718 qui
2517 650 2776 719 negant,

153 724 158 731 '
203 720 349 798 quia
400 719 553 783 illud
625 718 832 797 majus
874 718 1123 782 lucrum
1183 737 1309 785 non
1353 730 1452 784 est
1515 734 1887 785 concessum
1934 718 2056 778 nisi
2103 716 2320 781 favore
2364 722 2733 782 commercii
2760 737 2779 794 ;

211 816 399 878 porro
443 809 744 863 mutuans
789 802 856 860 in
900 803 1282 864 commercio
1327 803 1668 882 pecuniam
1712 814 1841 861 non
1895 798 2167 875 reponit.
2214 797 2451 861 Verum
2495 798 2606 860 alii
2640 799 2778 879 plu·

206 897 308 941 res
350 880 707 955 affirmant,
771 895 999 959 nempe
1062 881 1312 945 ratione
1355 882 1571 944 damni
1644 879 2036 959 emergentis
2096 887 2163 941 et
2207 879 2395 942 titulo
2441 879 2601 941 lucri
2648 895 2779 943 ces·

207 962 441 1036 santis3
486 976 673 1022 nemo
717 960 889 1023 enim
934 968 1189 1024 tenetur
1236 964 1444 1039 pretio
1486 962 1719 1024 minori
1749 968 2039 1022 mutuum
2064 958 2240 1036 dare,
2284 975 2426 1021 cnm
2473 960 2671 1037 possit
2699 959 2783 1024 le·

205 1041 428 1119 gitime
470 1057 551 1102 ex
593 1040 719 1103 alio
762 1042 1020 1117 negotio
1085 1056 1290 1119 majus
1337 1042 1583 1105 lucrum
1629 1042 1747 1103 sibi
1796 1040 2027 1113 lacere,
2093 1049 2161 1101 ut
2214 1042 2420 1102 currit
2482 1039 2561 1102 de
2627 1057 2789 1117 prae·

212 1121 377 1182 senti
426 1135 607 1193 casm
652 1128 930 1183 attamen
977 1121 1142 1182 ratio
1189 1120 1478 1184 habenda
1523 1130 1619 1183 est
1663 1120 2057 1183 decrementi
2091 1129 2154 1182 et
2186 1121 2568 1182 incrementi
2612 1120 2777 1199 ipsa·

208 1215 345 1263 rum
393 1201 926 1280 syngrapbarum,
967 1200 1134 1277 quod
1178 1203 1483 1263 continno
1515 1203 1848 1280 patiuntur
1895 1202 1958 1262 in
2004 1202 2406 1263 commercio.

325 1278 531 1343 (uo.
573 1281 862 1343 Potestne
904 1281 1212 1360 (quaeres)
1244 1288 1569 1345 mutuarer
1602 1281 1848 1362 aliquid
1884 1282 2130 1360 exigere
2163 1282 2519 1357 etiamnum
2547 1276 2783 1360 absque

213 1359 339 1422 ullo
382 1360 756 1424 incommodo
795 1359 965 1423 valet
1004 1362 1330 1439 pecuniam
1372 1363 1570 1425 aliam
1603 1361 2020 1442 nepotiationi
2061 1359 2445 1424 substituere
2469 1364 2499 1422 ?

286 1439 355 1501 R.
402 1440 734 1503 Affirmant
778 1439 1194 1518 probabiliter
1237 1442 1536 1520 Layman,
1578 1441 1851 1518 LessiuS,
1894 1442 2065 1521 Lugo
2110 1452 2175 1503 et
2219 1441 2369 1516 alii3
2434 1441 2583 1519 quia
2630 1455 2784 1501 vere

212 1528 364 1583 tunc
409 1525 720 1584 mutuatio
761 1529 861 1584 est
900 1536 1110 1598 causa,
1167 1532 1236 1585 ut
1295 1525 1610 1586 mutuanti
1659 1532 1862 1585 cesset
1906 1521 2153 1584 lucrum
2216 1538 2296 1584 ex
2355 1522 2623 1601 pecunia
2673 1519 2819 1599 illa¹

212 1610 554 1679 speratum.
597 1598 724 1665 Nec
785 1609 1044 1664 tenetur
1099 1604 1164 1664 in
1211 1604 1482 1681 gratiam
1527 1604 1896 1665 mutuatarii
1966 1604 2300 1681 pecuniam
2359 1600 2782 1679 negotiationi

210 1680 377 1744 hand
411 1682 792 1745 destinatam
825 1683 1242 1761 negotiationi
1288 1699 1631 1762 exponere.
1676 1682 1803 1746 Hoc
1838 1692 2045 1745 tamen
2086 1698 2212 1745 non
2258 1681 2510 1744 videtur
2553 1680 2781 1742 admit-

215 1762 496 1838 tendum,
541 1763 664 1827 nisi
708 1770 1031 1826 mutuator
1071 1779 1221 1825 vere
1265 1766 1548 1827 animum
1595 1763 1826 1827 habeat
1863 1764 2193 1842 pecuniam
2232 1772 2623 1826 reservatam
2670 1777 2779 1823 ne·

215 1844 548 1920 gotiationi
594 1844 864 1905 minime
907 1843 1340 1906 substituendi
1387 1860 1500 1923 per
1539 1843 1753 1921 aliam,
1784 1858 1972 1922 quam
2017 1843 2317 1922 possidet.

290 1919 481 1984 012.
545 1922 612 1996 Q.
655 1924 711 1985 2.
755 1921 918 1998 Quid
956 1925 1016 1984 si
1049 1924 1347 2005 ,damnum
1388 1941 1721 2003 erumpens,
1785 1933 1847 1986 et
1910 1924 2154 1986 lucrum
2196 1938 2467 1997 cessans,
2492 1922 2625 1984 sint
2689 1921 2781 1983 t'n·

213 2009 407 2077 certa,
452 2004 546 2065 vel
589 2005 1007 2068 tantummodo
1045 2002 1465 2084 probabiliter
1506 2004 1864 2084 adfutura?
2662 2010 2665 2013 '

293 2081 362 2145 R.
407 2082 754 2147 Commune
817 2094 915 2147 est
975 2100 1116 2147 cum
1174 2085 1475 2160 Navarro,
1538 2083 2168 2159 SalmanticentibuS,
2211 2081 2426 2163 Sylvio
2496 2080 2789 2158 aliisque,

216 2163 428 2226 adhuc
467 2163 708 2245 aliquid
755 2166 923 2243 exigi
973 2180 1154 2245 posse
1197 2182 1383 2244 supra
1431 2175 1705 2239 sortem;
1749 2174 1929 2228 caute
1960 2172 2206 2225 servata
2249 2162 2660 2254 proportione
2696 2162 2791 2222 in-

219 2252 314 2307 ter
363 2247 660 2307 timorem
702 2244 926 2308 damni·
965 2243 1066 2307 vel
1110 2261 1285 2324 spem
1332 2245 1513 2318 lucri,
1558 2256 1622 2309 et
1658 2243 2211 2324 auctarium-quod
2246 2260 2312 2305 in
2360 2242 2653 2321 hypotesi
2685 2255 2810 2301 ac-‘

219 2325 560 2404 ciperetur.
603 2324 787 2388 Ratio
832 2327 977 2405 quia
1022 2327 1231 2389 debita
1279 2327 1608 2405 aequalitas
1646 2327 1778 2404 jam
1827 2323 1976 2387 inde
2033 2332 2368 2397 servatur;
2440 2338 2582 2383 nam
2629 2322 2792 2383 sicut

220 2404 453 2467 damno
499 2421 626 2468 non
672 2408 1034 2481 eveniente,
1080 2406 1436 2469 lucraretur
1478 2414 1842 2479 mutuator3
1910 2406 1991 2467 ita
2040 2410 2259 2466 contra
2312 2420 2386 2465 eo
2431 2402 2792 2477 eveniente,

225 2483 580 2551 lucraretur
624 2487 1065 2551 mutuatarius.
1107 2486 1235 2549 Nec
1280 2486 1499 2562 refert,
1541 2486 1709 2567 qnod
1759 2485 2062 2549 damnum
2107 2484 2447 2563 praevisum
2493 2498 2619 2544 non
2689 2497 2784 2543 ac·

221 2566 423 2640 cidat;
467 2566 707 2629 etenim
754 2576 1003 2647 pactum
1046 2566 1126 2629 de
1170 2569 1453 2629 auctario
1502 2583 1625 2628 non
1678 2567 1749 2628 fit
1795 2582 1905 2644 pro
1938 2565 2192 2640 damno,
2222 2563 2329 2625 sed
2366 2580 2477 2640 pro
2509 2560 2791 2642 periculo

220 2646 506 2724 ejusdem
544 2648 711 2726 quod
757 2656 900 2710 actu
943 2648 1345 2727 supponitur,
1388 2654 1453 2709 et
1496 2655 1591 2708 est
1635 2649 1863 2726 praetio
1909 2643 2307 2707 aestimabile.
2349 2643 2471 2705 Res
2518 2641 2789 2721 explica·

223 2725 395 2790 bitur
438 2727 731 2805 exemplo
779 2729 1130 2807 piscatoris,
1159 2730 1262 2805 qui
1302 2726 1526 2789 vendit
1564 2727 1803 2805 jactum
1854 2728 2044 2787 retis:
2092 2726 2210 2787 iste
2247 2740 2375 2786 non
2401 2721 2624 2785 vendit
2655 2724 2792 2799 qui-

221 2805 363 2868 dem
411 2813 612 2884 pisces
670 2808 776 2888 qui
822 2806 988 2870 forte
1026 2806 1184 2870 nulli
1233 2809 1600 2886 capientur3
1646 2807 1753 2870 sed
1807 2806 2031 2868 vendit
2077 2820 2253 2884 spem
2297 2820 2521 2867 eorum
2567 2803 2789 2882 proba·

224 2885 438 2955 bilem,
480 2903 623 2968 quae
665 2897 810 2952 actu
853 2889 1095 2961 existit,
1136 2896 1200 2949 et
1234 2896 1331 2950 est
1366 2890 1588 2967 'pretio
1624 2886 2046 2949 aestimabilis.

302 2965 395 3030 Ob
436 2967 706 3033 eandem
751 2970 1062 3031 rationem
1112 2968 1435 3047 probabile
1471 2966 1738 3029 ‘videtur
1786 2976 2238 3037 mutuatorem‚
2300 2966 2403 3044 qui
2470 2978 2594 3025 non
2663 2963 2796 3040 iam

222 3054 416 3119 certo,
461 3048 570 3110 sed
616 3048 1032 3129 probabiliter
1077 3056 1320 3111 tantum
1365 3058 1503 3111 erat
1549 3049 1882 3127 pecuniam
1927 3056 2146 3110 mutuo
2195 3045 2407 3107 datam
2438 3042 2792 3106 destinata·

222 3142 332 3188 rus
375 3126 452 3188 ad
499 3130 1022 3208 negotiationem,
1064 3146 1247 3209 posse
1289 3129 1530 3208 aliquid
1578 3130 1836 3207 exigere
1876 3145 1987 3207 pro
2032 3134 2163 3189 rata
2228 3126 2401 3188 illius
2447 3122 2786 3204 probabili·
2880 3194 2887 3204 ,

226 3208 393 3270 tatis.
433 3206 648 3289 Neque
679 3209 874 3283 dieas,
907 3224 1089 3289 posse
1121 3210 1317 3289 igitur
1360 3210 1526 3288 exigi
1560 3209 1752 3271 etiam
1790 3207 1871 3270 ob
1902 3205 2388 3285 possibilitatem
2427 3202 2792 3284 applicandi

223 3290 559 3366 pecuniam
605 3289 778 3353 illam
823 3289 899 3353 ad
950 3291 1486 3369 negotiationem3
1530 3304 1678 3351 nam
1723 3287 2110 3367 possibilitas
2131 3287 2405 3349 differta
2452 3283 2792 3364 probabili·

222 3376 388 3440 tate:
453 3368 562 3432 illa
627 3387 753 3432 non
821 3369 992 3433 aliud
1036 3378 1153 3443 est,
1202 3384 1388 3449 quam
1431 3384 1605 3433 mera
1653 3371 1936 3447 potentia
1971 3367 2239 3447 passiva,
2273 3367 2411 3429 sive
2448 3380 2577 3429 non
2611 3380 2796 3444 repn-

224 3449 488 3526 gnantia
534 3450 997 3531 applicationis,
1033 3466 1145 3513 seu
1189 3450 1339 3530 qnid
1387 3451 1754 3530 negativum
1771 3467 1790 3524 ;
1837 3450 1972 3511 haec
2014 3457 2112 3511 est
2155 3446 2642 3511 fundamentum
2676 3444 2793 3508 ali-

223 3543 407 3606 cujus
449 3531 604 3609 spei,
691 3547 788 3595 uae
833 3531 882 3592 si
921 3539 1064 3593 actu
1108 3533 1346 3607 existit,
1380 3539 1477 3594 est
1512 3530 1718 3610 pretio
1749 3527 2164 3592 aestimabilis.

303 3606 499 3670 618.
543 3609 610 3683 Q.
645 3547 707 3673 ἒ
753 3608 1140 3686 Quibusnam
1183 3613 1331 3674 licet
1367 3613 1683 3691 percipere
1722 3609 1762 3673 6
1804 3626 1912 3689 per
1963 3608 2076 3672 100
2122 3608 2365 3672 ratione
2393 3605 2796 3696 commercii?

304 3682 374 3750 R.
411 3688 586 3753 Licet
627 3691 1089 3755 mercatoribus
1150 3709 1230 3755 ex
1273 3692 1446 3753 civili
1495 3691 1665 3769 lege:
1713 3707 1900 3770 porro
1947 3699 2336 3752 mercatores
2401 3687 2707 3751 dicuntur
2752 3701 2798 3746 ιι

225 3770 332 3845 qui
379 3786 483 3833 res
525 3771 807 3851 cuiusvis
849 3772 1103 3849 generis
1147 3772 1560 3835 habitualiter
1615 3788 1728 3834 seu
1771 3788 1851 3834 ex
1893 3779 2061 3833 statu
2089 3771 2240 3832 vitae
2275 3777 2516 3843 emunt,
2563 3775 2629 3827 ut
2669 3780 2802 3826 eas·

225 3850 372 3911 dem
414 3850 716 3916 vendant.
769 3852 932 3914 Hinc
975 3866 1102 3914 non
1146 3860 1295 3915 sunt
1340 3863 1725 3917 mercatores
1769 3851 1876 3931 qui
1922 3851 2167 3914 reditus
2212 3865 2458 3913 annuos
2522 3844 2793 3925 praedio·

227 3944 371 3992 rum
415 3947 674 3995 suorum
720 3930 1028 4007 vendunt,
1073 3946 1190 3993 nec
1253 3934 1358 4011 qui
1431 3935 1645 4012 paucis
1689 3931 1934 3994 vicibus
1978 3932 2121 3993 data
2194 3930 2528 3991 occasione
2577 3932 2801 3991 emunt

225 4024 334 4071 res
376 4011 462 4073 ali
513 4028 623 4076 uas
668 4021 882 4092 postea
925 4011 1316 4075 vendendas.
1371 4014 1451 4075 At
1496 4030 1623 4075 non
1690 4013 2044 4092 requiritur
2088 4009 2166 4071 ad
2212 4019 2444 4071 statum
2490 4014 2802 4067 mercato-

228 4093 345 4167 ris,
386 4028 707 4157 utqiteras
751 4091 1038 4172 publicas
1081 4092 1377 4171 guber-nii
1423 4092 1843 4156 obtinuerint.
1890 4091 2018 4153 Hoc
2061 4090 2266 4169 posito
2311 4088 2627 4179 dicimus:

392 4173 443 4234 l.
487 4172 661 4237 Licet
702 4172 1163 4236 mercatoribus
1200 4173 1460 4250 exigere
1499 4173 1538 4234 6
1583 4188 1696 4253 pro
1731 4172 1843 4236 100
1888 4172 2222 4250 pecuniam
2254 4168 2331 4229 ab
2369 4167 2513 4229 aliis
2559 4180 2798 4258 merca·-

231 4250 477 4316 toribus
518 4254 978 4329 mutuantibuS,
1019 4253 1167 4332 quia
1215 4253 1291 4315 de
1336 4259 1718 4315 commercio
1762 4255 1994 4329 agitur.
2041 4248 2194 4312 Item
2241 4248 2395 4309 licet
2438 4253 2803 4310 mercatori·

233 4334 374 4412 bus,
415 4334 535 4397 etsi
584 4341 881 4398 mutuent
929 4350 1055 4397 non
1101 4332 1567 4396 mercatoribus
1610 4333 1732 4395 boc
1776 4332 2129 4396 auctarium
2174 4330 2451 4407 exigere,
2513 4328 2658 4406 quia
2703 4325 2809 4389 lex

234 4414 452 4478 favere
479 4418 861 4477 commercio
893 4415 1206 4487 intendit3
1256 4413 1426 4476 iavet
1460 4421 1674 4475 autem
1711 4413 1830 4474 boc
1861 4408 2320 4473 mercatoribus
2353 4406 2805 4487 permittendo,

234 4497 327 4558 An
377 4511 526 4559 vero
571 4494 762 4557 liceat
804 4510 932 4558 non
978 4493 1439 4559 mercatoribus
1479 4493 1519 4557 6
1585 4508 1700 4571 pro
1765 4492 1881 4556 100
1925 4493 2182 4570 exigere
2239 4505 2273 4552 a
2340 4488 2804 4551 mercatoribus

233 4576 634 4643 communius
680 4584 939 4653 negant,
978 4577 1128 4655 quia
1175 4577 1292 4638 boc
1336 4589 1461 4636 non
1509 4572 1684 4636 favet
1725 4575 2107 4634 commercio
2151 4586 2270 4633 nec
2311 4568 2801 4642 mercatoribus,

233 4672 377 4721 cum
419 4656 562 4736 plus
604 4654 854 4719 solvere
899 4656 1193 4720 debeant.
1255 4653 1377 4719 Sed
1451 4653 1670 4735 plures
1713 4653 2030 4727 affirmant
2073 4661 2207 4718 tum
2255 4666 2334 4714 ex
2381 4649 2592 4713 verbis
2641 4647 2801 4727 legis
