3292 5167
502 204 634 270 648
1172 222 1286 269 tta.
1337 221 1402 269 ιι.
1451 224 1663 270 rnAcr.
1713 220 1843 267 viu.
1890 219 2048 268 mse.
2096 220 2139 267 ι.
2187 223 2319 269 ost.
2366 220 2447 268 lv.

575 322 792 384 929.
838 323 903 398 Q.
946 325 1002 386 5.
1044 325 1146 387 An
1188 324 1543 403 discrepent
1585 323 1981 388 hoeresiarca‚
2018 321 2366 401 ltoereticus,
2407 322 2897 405 doqmatizans?

578 403 646 465 R.
691 403 1113 480 Affirmative,
1175 406 1464 483 quamvis
1529 406 1891 484 promiscue
1954 402 2300 484 aliquando
2364 414 2785 484 usurpentur:
2854 418 3084 481 nempe

498 483 927 547 hieresiarcha·
969 483 1273 549 dicuntur
1334 494 1457 548 tam
1502 486 1619 565 -qui
1688 485 1967 547 baereses
2031 486 2421 548 invenerunt
2485 484 2582 548 vel
2654 485 3089 561 suscitarunt,

497 581 684 644 quam
730 567 836 645 qui
882 566 1331 629 haereticorum
1377 569 1581 646 capita
1626 574 1737 629 aut
1778 565 1971 628 duces
2015 573 2185 641 sunt,
2236 574 2305 628 ut
2346 564 2669 639 CalvinuS,
2725 563 3088 644 Zwinglius

499 646 811 709 Lutberus
855 655 919 709 et
965 648 1064 708 bis
1107 647 1352 723 similes
1393 646 1500 725 (ex
1545 645 1784 725 Regula
1829 646 1894 708 2⁸
1937 644 2175 709 Indicis
2223 644 2533 709 librorum
2572 644 3088 725 prohibitorum).

578 724 904 804 Simplices
946 726 1226 789 lioeretici
1261 736 1411 788 sunt
1448 728 1553 806 qui
1589 728 2008 806 pertinaciter
2049 736 2271 789 tenent
2301 743 2588 789 errorem
2622 734 2848 788 contra
2882 725 3089 804 fidem,

498 808 651 885 quin
697 816 914 870 tamen
959 806 1103 870 aliis
1147 807 1422 870 eundem
1469 807 1859 887 persuadere
1903 806 2225 870 studeant.

578 887 875 951 Haeretici
919 888 993 950 do
1039 890 1416 951 matizantes
1459 897 1611 951 sunt
1653 889 1759 967 qui
1818 905 1896 949 ex
1941 887 2227 967 professo
2274 887 2572 949 haeresim
2616 902 2797 949 suam
2845 883 3089 965 publice

500 967 600 1029 vel
647 973 911 1046 private
949 905 1115 1032 ‘agos
1160 972 1350 1032 etiam
1397 969 1648 1046 docent,
1694 985 1847 1030 voce
1893 969 1993 1030 vel
2041 970 2341 1047 scriptis:
2406 968 2693 1029 liaeretici
2762 966 3090 1045 ludimagi-

500 1050 613 1110 stri
662 1050 764 1111 vix
811 1066 949 1111 esse
995 1059 1219 1128 potest,
1263 1049 1427 1128 quod
1479 1067 1602 1111 non
1653 1050 1782 1110 sint
1825 1048 2331 1127 dogmatizantes
2365 1045 2408 1109 ¹.
2452 1046 2613 1109 Hinc
2645 1046 2912 1109 videant
2942 1064 3087 1126 quo-

500 1128 690 1190 modo
736 1131 849 1191 tuti
896 1146 1036 1191 esse
1081 1130 1325 1209 possint
1371 1133 1432 1191 in
1480 1130 1917 1203 conscientia,
1960 1132 2066 1208 qui
2114 1137 2182 1192 ut
2228 1128 2394 1190 filios
2441 1144 2587 1190 suos
2636 1131 3090 1191 commercium

503 1218 612 1271 aut
654 1208 1053 1272 literaturam
1099 1210 1440 1285 edoceant,
1485 1210 1720 1274 talibus
1765 1225 1874 1273 eos
1917 1213 2328 1275 committunt
2390 1209 2711 1270 naereticis
2772 1208 3090 1271 instruen-

502 1289 649 1351 dos:
693 1289 950 1353 modum
995 1294 1338 1371 acquirunt
1381 1290 1737 1354 ditescendi
1767 1338 1783 1366 ,
1828 1300 1893 1353 at
1934 1291 2123 1353 simul
2168 1299 2370 1352 artem
2429 1289 2709 1351 animam
2762 1288 3088 1369 perdendi.

928 1567 1078 1634 Aa‘r.
1129 1567 1237 1634 111.
1285 1604 1372 1615 —
1417 1569 1505 1634 De
1554 1569 1808 1637 lectione
1855 1536 2159 1637 librossum
2200 1567 2675 1654 prohibitorum.

583 1792 803 1854 931).
848 1795 912 1859 Si
958 1813 1099 1876 quae
1163 1797 1320 1881 alias
1364 1800 1714 1863 necessitas
1759 1801 1881 1864 tuit
1924 1798 2246 1863 scribendi
2317 1796 2703 1875 legendique
2768 1795 3092 1858 licentiam

506 1875 873 1950 cohibendi,
921 1876 1110 1939 nodie
1153 1886 1252 1941 est
1293 1881 1607 1947 maxima,
1657 1882 2013 1959 praesertim
2059 1896 2137 1942 ex
2180 1895 2304 1959 quo
2351 1875 2587 1957 ubiq'ue
2637 1876 2770 1939 fere
2828 1875 3098 1938 invaluit

509 1953 1014 2019 funestissimum
1063 1959 1445 2037 principium
1495 1960 1573 2022 de
1622 1961 1917 2025 libertate
1962 1959 2440 2042 typographica,
2469 1957 2634 2036 quod
2685 1958 2748 2018 in
2797 1957 3093 2018 omuibus

508 2035 842 2112 guberniis
885 2041 1440 2118 reproesentativis,
1465 2050 1535 2103 ut
1578 2040 1825 2116 dicunt,
1868 2043 2135 2105 obtinet.
2178 2040 2256 2101 At
2306 2057 2384 2101 ue
2430 2039 2573 2101 ideo
2618 2054 2650 2099 a
2696 2037 2808 2101 Pio
2866 2036 2943 2098 lx
2990 2053 3097 2099 sua

509 2118 710 2192 prima
758 2116 1105 2198 Encyclyca
1155 2119 1276 2195 Qui
1307 2120 1598 2200 pluribus
1643 2123 1879 2202 (1846),
1941 2125 2114 2186 inter
2176 2057 2525 2203 hogiernas
2591 2119 3095 2180 machinationes

508 2196 937 2274 inimicorum,
982 2215 1121 2341 3⁰ae
1171 2210 1260 2263 tot
1305 2201 1684 2266 damnorum
1733 2215 1863 2267 tum
1896 2204 2295 2278 christianae,
2336 2212 2468 2263 tum
2507 2199 2679 2261 civili
2729 2198 3099 2277 reipublicae

509 2287 661 2338 sunt
703 2295 912 2356 causa,
947 2296 974 2342 a
1033 2292 1407 2346 numeratur
1452 2288 1779 2346 teterrima
1838 2291 1929 2346 tot
1987 2284 2259 2362 undique
2313 2281 2660 2344 volantium
2715 2287 2779 2341 et
2845 2295 3100 2358 peccare

509 2356 858 2422 docentium
916 2361 1296 2425 voluminum
1341 2380 1416 2424 ac
1461 2361 1818 2426 libellorum
1875 2364 2185 2445 contaqio,
2246 2365 2359 2443 qui
2411 2367 2555 2439 apte
2609 2360 2969 2439 compositi,
3029 2374 3100 2421 ac

510 2436 792 2516 fallaciae
836 2449 899 2503 et
939 2442 1206 2522 artificii
1246 2444 1456 2522 pleni,
1503 2446 1999 2525 immanibusque
2042 2442 2391 2524 sumptibus
2434 2458 2544 2520 per
2590 2442 2801 2504 omnia
2843 2440 2982 2502 loca
3039 2440 3101 2500 in

510 2517 879 2609 christianae
919 2522 1119 2600 plebis
1165 2525 1493 2587 interitum
1535 2526 1853 2603 dissipati,
1892 2525 2231 2605 pestiferas
2274 2523 2603 2586 doctrinas
2649 2518 2877 2600 ubique
2918 2520 3103 2583 disse·

510 2609 780 2673 minant,
829 2604 1230 2677 incautorum
1260 2607 1657 2682 potissimum
1686 2615 1913 2670 mentes
1945 2607 2303 2685 animosque
2332 2605 2701 2683 depravant,
2732 2609 2793 2665 et
2821 2604 3099 2663 maxima

516 2678 825 2759 Reliyioni
868 2682 1160 2762 inferunt
1200 2692 1586 2748 nocumenta.
2979 2758 2987 2769 ,

601 2813 806 2876 931·
854 2820 925 2899 Q.
949 2860 954 2865 -
980 2822 1034 2886 l.
1087 2821 1186 2887 An
1232 2822 1508 2888 Ecclesia
1553 2823 1772 2889 habeat
1812 2833 2171 2908 potestatem
2219 2821 2406 2886 libros
2453 2818 2680 2885 nomios
2708 2815 3101 2902 prohibendi,

510 2936 694 3008 atque
737 2922 869 2990 ideo
912 2926 1099 3011 qravi
1138 2942 1385 3013 peccato
1432 2942 1779 3011 teneantur,
1830 2930 1938 3016 qui
1984 2930 2148 2995 hanc
2197 2928 2387 3013 leqem
2434 2927 2719 2992 violant?

602 3034 674 3099 R.
720 3034 899 3100 Inter
945 3041 1043 3102 tot
1090 3054 1371 3107 erroreS.
1425 3038 1668 3122 quibus
1717 3045 1912 3111 aetate
1964 3042 2186 3104 nostra
2238 3041 2448 3121 portae
2525 3033 2716 3101 inferi
2755 3027 3102 3098 'dimicare

513 3147 769 3207 conatae
819 3151 973 3209 sunt
1021 3151 1250 3211 contra
1301 3163 1518 3241 veram
1567 3145 1808 3213 Christi
1865 3144 2249 3225 Ecclesiam,
2302 3143 2427 3210 iste
2502 3141 2700 3209 etiam
2774 3140 2919 3220 fuit,
2973 3155 3101 3224 quo

517 3245 1006 3317 contendebant
1043 3252 1340 3319 nonnulli
1381 3252 1545 3320 hanc
1579 3251 1636 3320 ei
1675 3270 1805 3320 non
1848 3252 2203 3320 convenire
2244 3255 2664 3335 potestatem,
2705 3241 3101 3331 prohibendi

519 3370 757 3438 nempe
805 3353 1010 3424 libros
1062 3358 1331 3440 noxios;
1381 3358 1666 3445 ideoque
1716 3358 1925 3445 ipsius
1975 3359 2117 3443 lege
2169 3375 2297 3425 non
2351 3356 2662 3424 obstante
2709 3351 2940 3439 (modo
2978 3350 3108 3419 evi—

516 3457 680 3527 dens
729 3461 1177 3532 subversionis
1229 3466 1592 3551 periculum
1653 3484 1783 3534 non
1843 3465 2179 3552 appareat)
2231 3463 2436 3532 libros
2508 3478 2950 3547 quoscunque
3030 3457 3107 3525 ab

518 3566 832 3636 omnibus
883 3575 1019 3637 tuta
1069 3574 1475 3641 conscientia
1524 3573 1768 3659 perlegi
1823 3591 2040 3660 posse.
2074 3611 2165 3621 —
2196 3575 2354 3641 Haec
2386 3569 2686 3640 doctrina
2723 3567 2946 3653 potius
2981 3565 3111 3633 hae·

521 3675 882 3744 reticorum
932 3684 1075 3759 est3
1119 3679 1236 3748 sed
1283 3699 1414 3749 non
1466 3681 1734 3750 defuere
1783 3681 1981 3749 etiam
2016 3700 2095 3750 ex
2132 3680 2400 3763 nostris,
2438 3677 2551 3764 qui
2586 3693 2730 3746 eam
2764 3673 3111 3760 impuden-

522 3790 622 3849 ter
669 3783 812 3850 ausi
864 3793 1019 3851 sunt
1067 3787 1372 3873 evulgare
1407 3798 1554 3856 cum
1592 3788 1960 3858 incredibili
1998 3782 2363 3855 animarum
2413 3784 2726 3872 pernicie.
2763 3782 2939 3851 Talis
2988 3781 3111 3849 fuit

520 3889 844 3975 imprimis
894 3893 1197 3978 petulans
1237 3895 1345 3963 ille
1379 3897 1848 3964 haereticorum
1882 3896 2103 3964 fautor
2134 3895 2376 3963 Paulus
2411 3891 2705 3978 Sarpiu3‚
2745 3905 2946 3977 quem
2996 3906 3108 3957 co-

521 3998 903 4081 piosissime
936 4002 1244 4071 refutavit
1279 4004 1627 4073 cardinalis
1664 4006 2039 4077 Pallavicini
2060 4032 2076 4088 ;
2128 4005 2291 4074 tales
2325 4003 2508 4072 fuere
2542 4002 2648 4069 alii
2702 3999 2896 4069 Sedis
2931 4000 3103 4085 Apo·

518 4107 776 4175 stolicae
827 4109 1234 4180 detractores
1285 4112 1709 4182 infensissimi
1740 4168 1755 4197 ,
1807 4115 1900 4181 uti
1951 4115 2368 4198 Van-Espen‚
2399 4109 2658 4195 Fleury,
2701 4105 3107 4188 Tamburini‚

522 4215 847 4299 Dupinius
888 4225 952 4285 et
1002 4220 1362 4305 LaunojuS.
1410 4224 1656 4290 Verum
1707 4221 2152 4292 communiter
2198 4219 2441 4287 docent
2489 4216 2728 4302 dogma
2792 4232 2943 4283 esse
3001 4231 3110 4281 ca-

524 4320 864 4407 tholicum,
916 4325 1095 4410 quod
1143 4327 1456 4411 Ecclesia,
1493 4336 1557 4397 et
1592 4348 1713 4415 pro
1747 4329 1892 4415 ipsa
1924 4332 2258 4400 Romanus
2293 4325 2618 4407 Pontifex,
2654 4330 2888 4409 utpote
2928 4319 3113 4389 Chri-

588 4549 604 4588 ¹
646 4553 765 4603 Haec
797 4552 1071 4606 distinctio
1105 4568 1212 4619 prae
1248 4557 1417 4609 oculis
1449 4557 1697 4610 habenda.
1726 4561 1823 4622 est,
1840 4570 1952 4610 non
1974 4560 2181 4610 tantum
2216 4567 2286 4619 qu
2326 4554 2391 4606 ad
2423 4554 2753 4607 consectaria
2777 4561 2996 4612 eorum3
3026 4549 3113 4601 sed

520 4612 684 4664 etiam
718 4615 847 4677 quia
878 4617 1097 4678 quando
1133 4618 1313 4671 Romae
1348 4620 1541 4684 petitur
1571 4621 1796 4673 facultas
1828 4622 2117 4685 generatim
2169 4620 2241 4670 ho
2302 4629 2330 4669 e
2380 4614 2715 4675 absolvendi,
2773 4613 3115 4676 excipiuntur

518 4674 943 4739 dogmatizantes
974 4679 1026 4730 et
1057 4679 1429 4734 haereticorum
1465 4683 1648 4735 dueeS.
3004 4698 3015 4711 ⁸
