3292 5167
487 224 644 291 ³604
1213 239 1327 285 un.
1376 239 1439 285 n.
1486 241 1699 290 rnncr.
1747 239 1874 289 vm.
1920 239 2073 286 nisi».
2120 238 2162 284 1.
2210 238 2341 286 cn.
2388 237 2429 284 1.

694 348 752 411 i.
810 342 1016 411 Virtus
1069 341 1448 427 Theoloyira,
1500 360 1648 428 quae
1700 346 1913 413 Deum
1961 342 2210 410 directe
2258 336 2565 427 respicit:
2613 338 2696 408 ad
2741 337 3099 410 discrimen

509 452 847 521 Virtutum
898 448 1266 529 moralium,
1304 466 1453 534 quae
1502 451 1584 518 ad
1628 453 1842 519 Deum
1893 449 2155 518 nonnisi
2194 447 2517 517 indirecte
2562 448 2965 517 referuntur.

687 561 746 626 2.
797 557 1113 627 Divinitas
1157 554 1417 640 intusa:
1465 558 1618 642 quia
1668 558 1831 627 fides
1882 564 2108 626 nostra
2155 573 2307 625 cum
2355 556 2441 624 sit
2474 555 2721 624 donum
2772 572 3095 641 superna·

507 666 721 734 turale
766 664 1061 733 divinum
1110 662 1442 730 naturales
1483 665 1683 732 animi
1744 665 1914 734 vires
1964 663 2224 734 excedit
2241 690 2261 745 ;
2310 663 2459 731 ideo
2522 662 2603 730 ad
2653 663 2831 731 illam
2881 663 3093 748 requi-

507 774 676 840 ritur
723 772 948 858 gratiae
999 769 1235 837 divinae
1286 770 1621 838 auxilium.
1659 772 1824 840 Hinc
1875 771 2270 858 Apostolus:
2319 772 2487 838 vobis
2519 770 2819 837 donatum
2862 783 2950 837 est
2980 790 3101 857 pro

509 881 772 961 Christe,
819 899 946 945 non
990 879 1211 959 solum,
1258 888 1328 944 ut
1372 878 1440 943 in
1486 898 1624 944 eum
1671 879 1957 963 credatis,
2005 886 2130 948 etc.
2178 876 2228 946 ¹.

687 988 747 1053 3.
800 988 937 1067 Qua
986 986 1171 1053 libero
1218 1003 1293 1051 ac
1347 985 1457 1071 pio
1503 986 1841 1053 voluntatis
1909 988 2162 1074 affeetu:
2210 986 2306 1053 sic
2375 983 2538 1053 fides
2589 990 2818 1052 nostra
2865 983 3095 1052 distin-

507 1094 732 1181 guitur
778 1111 812 1159 a
861 1092 1239 1160 daemonum
1288 1090 1445 1170 fide,
1494 1093 1604 1177 qui
1657 1093 1778 1160 etsi
1832 1093 2100 1161 credant
2149 1099 2215 1162 et
2263 1092 2798 1173 contremiscant,
2835 1109 2965 1159 non
3001 1100 3087 1159 ta·

505 1219 658 1270 men
711 1201 915 1269 libere
963 1219 1036 1268 ac
1085 1199 1192 1287 pie
1239 1199 1623 1293 veritatibus
1659 1201 2139 1269 assentiuntur.
2174 1198 2358 1270 Unde
2397 1217 2630 1268 eorum
2673 1198 2837 1267 fides
2877 1216 3087 1284 neque

507 1309 721 1377 divina
771 1317 891 1390 est,
946 1326 1161 1394 neque
1204 1315 1305 1376 est
1352 1307 1608 1390 infusa3
1657 1307 1775 1375 sed
1822 1314 2070 1376 coacta.

685 1418 745 1483 li.
793 1415 1089 1481 Firmiter
1131 1416 1546 1493 assentimur;
1596 1414 1748 1498 quia
1795 1431 2111 1483 assensus
2151 1414 2300 1482 fidei
2337 1413 2534 1483 debet
2583 1433 2732 1482 esse
2766 1415 2912 1483 sine
2958 1413 3087 1481 ulla

508 1521 763 1591 errandi
815 1518 1204 1589 formidine:
1254 1519 1548 1605 alioquin
1597 1522 1930 1590 haesitatio
1980 1529 2176 1603 esset,
2229 1540 2361 1589 non
2409 1521 2595 1590 fides,

685 1630 746 1695 5.
792 1627 883 1692 Iis
930 1626 1212 1693 omnibus
1253 1644 1392 1709 quoe
1436 1630 1600 1694 Deus
1645 1629 1958 1710 revelavit,
2008 1646 2157 1714 quae
2208 1626 2477 1712 quidem
2510 1629 2931 1697 constituunt
2967 1629 3077 1696 oh-

501 1734 754 1820 jectum
818 1732 966 1799 fidei
1039 1731 1398 1799 materiale.
1471 1731 1764 1799 Dicimus
1833 1735 2134 1816 omnibus,
2182 1739 2256 1801 ut
2325 1734 2664 1802 refellatur
2734 1734 3087 1817 arbitraria,

508 1842 668 1910 falsa
720 1848 785 1909 et
833 1838 1114 1906 absurda
1165 1837 1634 1906 haereticorum
1691 1837 2010 1922 doctrina,
2060 1840 2172 1925 qui
2245 1838 2728 1925 distinguentes
2779 1841 2952 1908 inter
2995 1859 3085 1908 ar·

511 1948 755 2017 ticulos
821 1944 1363 2026 fundamentaleS,
1414 1954 1481 2011 et
1547 1962 1675 2012 non
1749 1945 2272 2013 fundamentales
2344 1946 2517 2029 fidei,
2566 1947 2795 2014 dicunt
2846 1948 3085 2033 primos

509 2050 884 2123 necessario
935 2069 1082 2119 esse
1130 2049 1521 2133 credendoS‚
1561 2070 1693 2118 non
1746 2050 2095 2119 secundos.
2131 2051 2402 2137 Singula
2435 2072 2593 2121 sane
2628 2053 2779 2121 fidei
2813 2055 3107 2149 object&

509 2175 927 2247 quaecunque
975 2158 1106 2225 sint
1142 2210 1159 2240 ‚
1205 2157 1450 2226 hahent
1498 2156 1775 2225 eandem
1826 2159 2262 2241 veracitatem,
2315 2166 2385 2227 ut
2433 2159 2807 2243 credantur,
2859 2178 3084 2246 nempe

506 2268 965 2336 auctoritatem
1013 2264 1295 2333 divinam
1343 2264 1474 2332 falli
1522 2283 1597 2332 ac
1643 2265 1871 2333 fallere
1918 2267 2208 2334 nesciam
2257 2267 2307 2335 ².

682 2378 742 2442 6.
789 2377 870 2441 Et
913 2391 1049 2457 qaoe
1095 2372 1370 2439 Ecclesia
1406 2372 1708 2439 credenda
1748 2376 2092 2460 proposuit,
2143 2374 2294 2460 quia
2342 2372 2561 2441 divina
2610 2375 2925 2443 revelatio
2975 2393 3080 2443 no-

501 2482 606 2551 his
653 2500 785 2549 non
835 2479 1304 2562 manifestatur,
1340 2478 1462 2547 nisi
1513 2498 1631 2566 per
1674 2481 1990 2550 Ecclesiae
2023 2480 2571 2569 propositionem,
2622 2481 2884 2550 dicente
2945 2480 3084 2551 divo

503 2589 905 2675 Augustino:
953 2587 1295 2673 Evangelio
1341 2607 1464 2654 non
1537 2587 1865 2672 crederem,
1916 2591 2042 2657 nisi
2088 2610 2183 2656 me
2228 2590 2520 2656 Ecclesiae
2566 2591 2886 2658 catholica
2931 2612 3084 2659 com·

502 2708 767 2764 moveret
812 2695 1154 2760 auctoritas
1204 2697 1253 2760 ⁸.

683 2806 742 2870 7.
792 2803 877 2870 Ob
925 2802 1042 2867 Dei
1087 2802 1283 2886 ipsius
1350 2803 1825 2882 auctoritatem,·
1874 2802 2025 2889 quia
2073 2801 2432 2871 auctoritas
2500 2803 2884 2887 infallibilis,
2937 2822 3077 2891 quas

506 2917 608 2979 est
657 2912 796 2995 ipse
844 2911 1044 2990 DenS,
1095 2907 1442 2975 constituit
1515 2910 1850 2995 objectum
1914 2910 2065 2977 fidei
2132 2910 2428 2993 formale,
2477 2909 2543 2977 id
2614 2917 2716 2979 est
2766 2911 3083 2981 rationem

505 3016 844 3085 formalem
894 3016 980 3082 ob
1031 3031 1224 3099 quam
1300 3014 1654 3082 credimus,
1708 3018 1868 3084 Hinc
1914 3016 2311 3101 Apostolus:
2359 3017 2507 3102 tides
2553 3036 2636 3083 ea·
2681 3017 2927 3100 auditu,
2974 3037 3081 3084 au-

505 3125 670 3191 ditus
714 3134 918 3189 autem
965 3122 1114 3208 (seu
1163 3124 1504 3208 assensus)
1545 3143 1663 3209 per
1709 3124 1958 3191 verbum
2007 3124 2239 3190 Christi
2290 3121 2342 3190 ⁴.

586 3264 674 3327 Ex
723 3265 1032 3326 hactenus
1078 3262 1421 3341 disputatis
1468 3272 1642 3342 patet
1688 3264 1872 3326 fidem
1922 3274 2203 3327 nostram
2249 3280 2390 3345 quae
2416 3264 2727 3343 justificat
2767 3272 2900 3327 toto
2931 3264 3087 3327 coeIo

513 3344 878 3422 discrepare
923 3360 952 3405 a
1005 3346 1495 3422 protestantium
1535 3343 1693 3418 fide3
1741 3344 1896 3407 fides
1925 3346 2100 3406 enim
2131 3345 2439 3408 catholica
2473 3360 2545 3406 ea
2584 3354 2832 3425 estque
2867 3346 3087 3416 divina

508 3426 715 3504 gratia
760 3424 961 3503 adjuti
1008 3424 1330 3488 credimus
1392 3425 1699 3485 veritates
1742 3441 1772 3486 a
1822 3425 1946 3486 Deo
1993 3424 2348 3498 revelataS‚
2397 3433 2462 3486 et
2506 3426 2870 3504 praecipue‚
2917 3427 3079 3504 quod

507 3505 675 3567 Deus
719 3515 815 3565 est
855 3514 919 3565 et
964 3511 1410 3567 remunerator
1438 3504 1523 3565 sit
1558 3503 1605 3564 ⁵.
1652 3504 1700 3565 E
1745 3514 1965 3567 contra
2000 3505 2155 3567 fides
2189 3507 2686 3585 protestantium
2716 3521 2860 3585 quae
2894 3506 3076 3585 Juxta

510 3585 656 3649 iilos
695 3585 1019 3663 justificat,
1062 3600 1133 3647 ea
1180 3595 1276 3647 est
1319 3602 1439 3664 qua
1487 3583 1812 3648 credimus
1858 3593 2110 3664 peccata
2156 3591 2371 3648 nostra
2404 3585 2593 3647 nobis
2624 3602 2764 3649 esse
2807 3588 3081 3651 remissa

504 3682 621 3746 per
659 3664 974 3807 {ustitlijartn
1006 3661 1290 3805 tChristi:
1334 3664 1500 3745 quod
1548 3665 1809 3744 quidem
1856 3668 1921 3726 in
1966 3662 2292 3745 Scriptura
2338 3674 2515 3727 certo
2554 3665 2803 3731 nullum
2849 3668 3075 3732 funda·

502 3762 652 3810 men
691 3761 794 3808 um
884 3759 914 3805 a
966 3760 1048 3805 e.

591 3885 810 3950 896.
866 3881 938 3960 Q.
989 3882 1051 3947 2.
1105 3878 1416 3960 Quomodo
1461 3880 1610 3967 sides
1656 3880 2000 3979 dividitur?

593 3992 664 4058 R.
716 3986 1137 4073 Quadruplici
1188 3987 1387 4056 modo
1436 3987 1599 4056 fides
1651 3988 1994 4056 dividitur:

683 4098 742 4164 1.
790 4097 865 4164 In
915 4096 1332 4174 habitualem,·
1379 4103 1443 4164 et
1482 4102 1584 4165 est
1631 4096 1876 4163 habitus
1906 4092 2468 4182 supernaturaliter
2505 4092 2775 4179 infusus,
2806 4093 3091 4161 animum

561 4288 583 4330 ¹
620 4290 755 4342 Phil.
791 4301 829 4341 1.
861 4315 926 4327 -
969 4289 1023 4338 V.
1057 4288 1303 4351 Biiiuart,
1329 4291 1577 4341 Perrone.

560 4351 587 4393 ²
627 4353 683 4403 V.
720 4352 938 4414 mercia,
973 4354 1040 4401 De
1075 4352 1260 4402 Eccles.
1298 4351 1504 4403 Christi.
1537 4377 1599 4389 —
1628 4351 1804 4403 Arciv.
1836 4352 2093 4413 Charvaz,
2147 4350 2319 4403 (ἔπειτα
2369 4349 2450 4401 det
2497 4352 2817 4400 catecumeno
2870 4349 3091 4413 vatdese,

497 4415 645 4467 ossia
677 4413 845 4476 Disesa
873 4414 954 4465 det
989 4414 1350 4474 Cattoticismo,
1386 4413 1498 4464 vol.
1532 4427 1571 4476 1,
1645 4417 1744 4465 art.
1777 4415 1851 4474 3³,
1891 4426 1950 4465 ra
2005 4425 2092 4466 on.
2130 4416 2180 4466 3.

563 4476 588 4518 ⁸
623 4477 679 4528 L.
712 4481 896 4528 contra
926 4478 1086 4541 Epist.
1116 4474 1286 4540 fund„
1320 4487 1365 4527 c.
1395 4486 1451 4526 v.
1483 4499 1548 4513 —
1630 4514 1640 4525 .
1675 4477 1906 4538 nomem,
1988 4476 2293 4528 ’Economia
2324 4475 2463 4526 detta
2488 4471 2600 4538 [ede
2630 4476 2899 4526 cristiana.

561 4537 587 4580 ⁴
621 4540 771 4591 Rom.
804 4550 857 4589 x.
890 4563 956 4577 --
996 4539 1050 4589 V.
1085 4539 1334 4599 Perrone,
1369 4538 1439 4589 De
1471 4539 1661 4589 virtute
1690 4538 1822 4599 fidei.
2075 4578 2085 4586 .

560 4600 586 4644 ⁸
618 4605 702 4654 An
734 4603 913 4652 autem
946 4601 1109 4652 etiam
1142 4598 1416 4653 Trinitatis
1448 4603 1501 4653 et
1532 4599 1923 4652 incarnationis
1957 4600 2207 4675 mysteria
2238 4597 2409 4652 adulti
2457 4602 2702 4667 explicite
2738 4596 2953 4652 credere
3005 4597 3092 4649 de·

494 4664 663 4718 beant
692 4661 1007 4727 necessitate
1040 4660 1220 4724 medii,
1253 4661 1557 4727 disputant;
1596 4661 1717 4714 vide
1752 4661 1910 4713 infra.
