3292 5167
531 177 672 245 5¹8
1201 191 1316 240 mn.
1367 191 1429 238 n.
1480 192 1693 238 rnacr.
1740 190 1844 236 vn.
1896 190 2048 237 urst».
2098 191 2161 237 u.
2204 191 2334 238 car.
2384 192 2449 238 ιι.

627 299 827 369 2⁴8.
878 301 949 380 Q.
1006 298 1113 365 13.
1157 297 1257 364 An
1301 297 1413 364 sub
1457 297 1642 383 provi
1684 293 1977 381 socienda
2020 294 2103 361 sit
2146 295 2451 362 restitutio
2494 295 2736 381 famen?

626 411 699 476 R.
749 406 885 474 Sub
934 404 1108 492 gravi
1148 404 1313 472 fama
1349 403 1757 472 restituenda
1791 410 1912 478 est,
1960 402 2014 471 si
2065 403 2350 488 graviter
2384 401 2577 471 laesa:
2613 402 2667 471 si
2702 402 2879 472 enim
2914 405 3137 489 gravis

540 522 642 584 est
691 514 1009 600 obligatio
1059 512 1404 599 reparandi
1453 511 1765 580 damnum
1816 523 2008 597 grave
2058 511 2122 578 in
2174 509 2442 594 divitiis,
2474 529 2510 578 a
2552 509 2815 579 fortiori
2866 511 3137 598 urgebit

538 619 686 688 baec
735 620 1073 704 obligatio,
1124 618 1387 705 quando
1438 619 1655 703 agitur
1702 617 1783 685 de
1831 617 2280 702 recuperanda
2330 617 2539 700 fama;
2588 635 2741 686 nam
2775 619 3003 686 metim
3044 631 3138 687 ecc

542 727 767 796 bonum
829 746 1092 809 nornen,
1155 744 1344 812 quam
1408 724 1642 792 divitica
1684 725 1899 792 multoe
1948 730 1994 792 ¹.
2059 721 2228 793 Hinc
2274 723 2356 791 ad
2403 741 2543 793 rem
2592 724 2955 810 Gregorius
3000 727 3135 794 IX:

544 833 610 901 Si
640 834 827 920 culpa
871 845 982 901 tua
1027 833 1241 901 dotum
1287 843 1373 899 est
1417 832 1741 914 damnum,
1792 832 1889 899 vel
1933 831 2175 919 injuria
2220 832 2569 918 irroqata...
2606 834 2757 920 jure
2798 853 2992 920 super
3035 833 3143 901 his

537 942 897 1028 satisfacere
927 951 982 1007 te
1005 951 1257 1029 oportet.
1297 942 1429 1009 Nec
1456 940 1639 1025 iuvat
1666 939 1885 1008 dicere
1909 939 2088 1007 bono
2115 938 2385 1026 publico
2420 939 2754 1025 expedire,
2790 947 2865 1007 ut
2889 939 3135 1009 delicta

542 1048 974 1135 detegantur:
1025 1047 1089 1117 id
1145 1065 1372 1117 verum
1421 1054 1545 1132 est,
1595 1048 1651 1115 si
1701 1047 1950 1116 directe
1999 1047 2062 1115 in
2113 1047 2424 1116 damnum
2494 1054 2764 1134 vergant
2835 1065 3139 1117 commu·

542 1157 786 1225 nitatis,
830 1160 1036 1225 Secus
1087 1176 1265 1239 n0n3
1337 1155 1429 1224 sic
1480 1156 1659 1224 enim
1708 1163 1771 1223 et
1808 1174 1931 1241 pax
1965 1163 2030 1223 et
2065 1155 2508 1243 tranquillitas
2544 1157 2947 1239 turbaretur,
2986 1156 3143 1225 frte·

548 1281 709 1332 num
756 1265 1108 1333 tolleretur
1153 1262 1235 1330 ad
1283 1262 1405 1330 alia
1439 1262 1711 1331 crimina
1752 1261 2029 1345 vitanda,
2066 1280 2139 1331 ac
2173 1261 2390 1331 caedes
2426 1264 2897 1331 inveherentur
2929 1281 3137 1350 saepe.

546 1370 688 1438 lmo
740 1370 1182 1440 confessarius
1230 1376 1436 1453 curet,
1488 1378 1560 1438 ut
1609 1369 1987 1456 hujusmodi
2041 1370 2374 1438 restitutio
2426 1377 2575 1438 ante
2638 1369 3138 1439 absolutionem

549 1477 702 1559 fiat3
763 1478 912 1564 quia
984 1478 1373 1563 ceteroquin
1445 1476 1800 1547 difficulter
1845 1484 2074 1563 postea
2124 1476 2550 1563 implebitur,
2614 1477 2915 1564 quamvis
2987 1478 3137 1546 haec

546 1584 877 1653 ordinarie
924 1586 1010 1653 sit
1059 1585 1332 1654 minoris
1384 1585 1814 1667 difficultatiS,
1864 1599 2060 1671 quam
2102 1584 2437 1653 restitutio
2490 1584 2812 1670 pecuniae.

634 1693 752 1761 Hic
802 1700 1023 1760 tamen
1074 1691 1544 1760 advertendum
1597 1698 1699 1760 est
1747 1691 1936 1760 facile
1970 1691 2255 1773 evenire,
2292 1691 2469 1777 quod
2507 1690 2851 1759 audientes
2884 1689 3137 1758 nullam

545 1799 743 1869 fidem
795 1800 1079 1870 habeant
1128 1799 1505 1883 detractori,
1556 1798 1708 1886 quia
1760 1799 2056 1885 loquitur
2103 1818 2184 1868 ex
2235 1798 2328 1865 ira
2363 1797 2463 1867 vel
2495 1798 2618 1866 alia
2654 1798 3139 1883 passionenon

542 1906 885 1993 probando
935 1907 1289 1989 delictum3
1339 1913 1496 1974 tunc
1547 1905 1721 1973 nulia
1773 1905 2039 1993 proprie
2086 1911 2263 1974 esset
2301 1904 2510 1974 laesio

628 2013 824 2077 244·
876 2015 946 2093 Q.
1001 2015 1100 2081 14.
1154 2011 1468 2094 Quomodo
1511 2012 1651 2099 fieri
1695 2012 1860 2078 debet
1904 2011 2207 2080 restitutio
2251 2013 2490 2098 famoe?

632 2121 703 2187 R.
752 2119 866 2188 Vel
919 2120 1248 2192 restitutio
1331 2119 1519 2188 famae
1592 2118 1884 2187 facienda
1957 2125 2058 2188 est
2128 2120 2214 2187 ob
2287 2117 2756 2187 revelationem
2834 2113 3141 2185 criminis

546 2224 703 2309 veri,
754 2227 870 2296 sed
917 2228 1198 2310 occulti3
1246 2227 1344 2296 vei
1396 2229 1481 2297 ob
1533 2227 2036 2314 imputationem
2085 2226 2381 2297 criminis
2430 2224 2607 2294 falsi:

725 2336 791 2402 Si
845 2338 901 2417 1,
950 2335 1147 2404 debet
1196 2336 1539 2418 infamans,
1590 2335 1808 2422 quoad
1857 2343 2098 2423 potest,
2150 2335 2534 2421 opinionem
2582 2332 2663 2400 de
2722 2349 2801 2399 eo
2857 2330 2941 2399 ab
3015 2347 3135 2399 au-

468 2497 472 2506 .
546 2439 879 2532 dientibus
929 2451 1317 2529 conceptam
1366 2443 1651 2525 abolere,
1701 2442 2002 2526 dicende,
2052 2462 2110 2510 ν.
2158 2460 2247 2528 g.:
2289 2462 2352 2507 se
2400 2440 2561 2507 male
2604 2438 2859 2520 dixisse,
2910 2437 3143 2523 injuste

547 2549 919 2638 diffamasse.
972 2549 1130 2633 Quia
1183 2559 1400 2620 tamen
1449 2550 1555 2620 hic
1602 2551 1841 2619 modus
1890 2551 1994 2618 vix
2042 2548 2240 2618 hodie
2287 2548 2625 2616 sufficiens
2665 2553 2768 2614 est
2806 2543 2987 2632 apud
3018 2562 3140 2612 ru-

549 2658 756 2726 sticos
804 2667 869 2728 et
917 2659 1273 2746 simpliceS,
1310 2658 1421 2745 qui
1462 2659 1677 2727 adhuc
1724 2657 2073 2728 crederent
2112 2673 2260 2725 vera
2311 2674 2459 2724 esse
2495 2673 2643 2741 quae
2688 2671 2721 2720 a
2758 2652 3145 2721 detractore

548 2763 723 2833 dicta
771 2766 1069 2850 fuerunt3
1121 2768 1266 2836 ideo
1317 2768 1815 2836 convenientius
1863 2766 1989 2835 erit
2036 2765 2286 2834 dicere:
2344 2786 2407 2831 se
2452 2764 2690 2849 falsum
2734 2761 2995 2844 dimisse,
3035 2779 3143 2825 er-

544 2892 739 2957 rasse,
788 2895 852 2941 se
897 2875 1207 2962 deceptum
1251 2878 1349 2944 vel
1391 2876 1717 2944 mentitum
1760 2874 1970 2961 fuisse.
2019 2875 2247 2960 Neque
2311 2872 2455 2939 haec
2528 2870 2721 2938 verba
2797 2866 3143 2936 mendacia

546 2991 702 3049 sunt
745 2982 868 3066 (uti
918 3001 1067 3050 cum
1115 2984 1285 3053 bene
1334 2982 1559 3051 multis
1607 2981 1804 3051 docet
1874 2981 2111 3068 Lago),
2183 2980 2302 3049 sed
2370 2997 2521 3048 vere
2570 2973 3143 3064 amphibologica;

544 3107 699 3157 nam
746 3090 885 3177 ipsa
921 3102 1195 3177 peccata,
1251 3091 1463 3179 inquit
1510 3089 1884 3176 AngeliouS,
1945 3089 2253 3176 falsitates
2321 3086 2616 3155 dicuntur
2688 3085 2758 3151 in
2804 3083 3141 3171 Scriptura

545 3196 883 3263 secundum
929 3199 1281 3265 Psalmum:
1330 3205 1402 3266 ut
1452 3197 1609 3285 quid
1658 3196 1930 3283 diligitis
1978 3194 2331 3263 vanitatem
2381 3201 2446 3263 et
2496 3190 2797 3279 quaeritis
2864 3185 3143 3258 menda-

551 3300 726 3372 cium
775 3299 852 3370 2‘?
897 3308 1027 3391 Epo
1074 3307 1233 3373 soleo
1280 3308 1393 3374 hoc
1437 3307 1768 3374 consilium
1812 3304 1982 3387 dare,
2031 3302 2121 3370 ait
2168 3320 2219 3370 s.
2292 3302 2702 3388 Alphonsus,
2748 3308 2814 3365 ut
2891 3296 3145 3364 dicam:

551 3429 636 3476 eoe
678 3410 876 3497 capite
917 3431 1049 3478 meo
1096 3413 1208 3479 hoc
1251 3415 1389 3482 erui
1436 3414 1686 3499 (vulqo.·
1719 3429 1826 3480 me
1860 3410 1901 3477 l’
1930 3411 2015 3479 ho
2050 3416 2276 3479 cavato
2319 3409 2421 3476 dai
2455 3406 2650 3493 capo)
2699 3402 3143 3491 aequivocando

549 3527 802 3603 nevnpcn
846 3520 995 3605 quia
1039 3522 1253 3587 omnia
1296 3522 1483 3589 verba
1528 3541 1567 3586 α
1615 3530 1833 3602 mente,
1872 3533 1995 3606 pro
2034 3535 2160 3603 qua
2190 3517 2501 3605 accipitur
2543 3524 2746 3602 caput,
2772 3511 3140 3599 precedunt.

549 3625 794 3695 Verum
843 3627 894 3695 si
947 3627 1304 3712 prudenter
1343 3628 1682 3715 iudicetur
1732 3612 2229 3695 restitutionem
2274 3622 2373 3692 sic
2421 3623 2657 3690 factam
2724 3620 2953 3708 potius
3002 3618 3147 3687 fore

552 3733 840 3818 noxiam,
890 3753 1086 3821 quam
1137 3736 1385 3819 utilem,
1434 3736 1718 3804 maxime
1780 3732 1955 3820 apud
2033 3739 2308 3800 nasutos
2358 3738 2422 3798 et
2490 3727 2956 3814 intelligenteS,
3030 3724 3137 3811 qui

555 3842 754 3911 talem
805 3843 1073 3913 modum
1116 3845 1250 3930 Jam
1299 3845 1535 3925 sciunt,
1584 3841 1825 3911 melius
1874 3842 1998 3910 erit
2040 3849 2114 3909 ut
2184 3857 2329 3908 eam
2376 3837 2809 3917 detractores,
2860 3832 3141 3902 tacendo

557 3949 639 4021 de
689 3951 901 4038 primo
950 3950 1215 4034 delicto,
1268 3948 1588 4019 indirecte
1653 3957 1718 4018 et
1779 3946 2103 4017 industrie
2173 3952 2386 4032 agant,
2441 3943 2742 4012 videlicet
2813 3941 3141 4012 offensum

555 4058 803 4145 pluries
851 4059 1025 4127 serio
1075 4066 1139 4126 et
1186 4056 1334 4125 data
1368 4057 1718 4126 occasione
1751 4053 2160 4136 honorando,
2196 4052 2295 4121 vel
2342 4050 2423 4120 de
2456 4069 2535 4120 eo
2574 4050 2746 4118 bene
2780 4044 3139 4133 loquendo.

589 4343 639 4417 ,¹
677 4347 831 4417 prov.
865 4358 992 4396 xxn.
1027 4346 1079 4396 Si
1115 4346 1256 4398 tama
1289 4345 1476 4397 leviter
1511 4346 1715 4396 tantum
1750 4345 1819 4396 sit
1850 4345 1991 4404 laesa,
2028 4341 2128 4394 sub
2163 4336 2597 4411 levi-reparanda
2630 4334 2743 4407 est3
2781 4344 2909 4384 nam
2936 4331 3151 4393 justitia,

557 4418 670 4458 sive
702 4418 756 4457 nn
791 4408 993 4470 magnis
1027 4410 1140 4459 sive
1176 4409 1226 4460 in
1264 4408 1444 4471 parvis
1479 4408 1593 4459 vult
1624 4407 2003 4471 aequalitatem.
2041 4406 2099 4456 ln
2134 4414 2283 4467 praxl
2316 4403 2493 4471 tamen
2529 4397 2740 4449 difficile
2775 4397 2855 4447 est
2877 4393 3149 4453 obtinere,

555 4471 618 4520 ut
649 4470 911 4520 restitutio
943 4471 1112 4532 famae,
1147 4472 1190 4521 si
1227 4471 1413 4521 leviter
1444 4470 1514 4520 sit
1545 4469 1690 4529 laesa,
1724 4469 1817 4521 flat
1848 4467 2045 4519 directe
2079 4478 2171 4529 per
2220 4465 2684 4516 retractationem:
2744 4456 2889 4509 unde
2942 4454 3151 4507 sufficit

529 4531 604 4582 nsi
637 4531 901 4604 restitutio
932 4533 1024 4583 flat
1056 4533 1323 4593 indirecte,
1359 4531 1608 4586 videlicet
1641 4531 1772 4582 bene
1806 4530 2074 4594 loquendo
2109 4528 2175 4579 de
2208 4537 2437 4591 persona
2470 4524 2614 4584 laesa,
2670 4524 2773 4573 etc.
2825 4543 2890 4556 -
2948 4518 3009 4568 V.
3062 4516 3151 4568 Li·

553 4605 731 4718 guy-¹1,
761 4592 2205 4720 ἓρὶβῗῆἐἷ’«φὶ-’1’νφέιέυἶῗῖἶωοῖρῖῗῖὶ,ηιῗῦξίιῗᾶἶ
2229 4591 2473 4713 ἓρεἷθὶῑο.
2496 4649 2691 4712 Apum,
2710 4642 2863 4696 tract.
2884 4654 2962 4705 xi,
2984 4651 3042 4693 n.
3067 4643 3147 4694 te
