3292 5167
470 249 558 315 40
1164 267 1276 312 un.
1325 266 1388 311 ιι.
1437 241 1648 313 inae-r.
1696 268 1752 310 v.
1799 265 1953 313 nisi».
2002 265 2044 310 1.
2092 264 2221 311 cn.
2269 266 2332 311 ιι.

558 368 705 431 56.
761 372 833 450 Q.
882 371 948 436 5.
1000 371 1300 450 Quoenam
1349 369 1595 437 libertas
1637 370 1982 454 requiritur
2025 366 2109 434 ad
2150 377 2359 434 votum
2375 373 2408 433 5³

560 480 634 546 R.
685 476 1068 562 Requiritur
1114 475 1386 560 libertas
1434 476 1745 563 perfecta,
1812 475 1964 542 talis
2023 492 2281 559 nempe,
2330 480 2404 541 ut
2450 473 2514 542 iu
2566 478 2791 542 nostra
2861 477 3056 558 potc-

472 589 643 651 state
691 583 777 650 sit
824 588 1051 648 votum
1101 582 1363 664 elicere,
1406 581 1507 649 vel
1557 600 1732 663 non;
1781 599 1933 650 nam
1979 590 2208 651 votum
2255 586 2357 649 est
2390 586 2574 648 actus
2623 579 2950 647 humanus
2978 571 3055 647 'ac

475 689 899 776 gravissimus
949 689 1031 757 ab
1070 688 1371 757 bominis
1414 688 1687 757 arbitrio
1736 690 2007 758 omnino
2055 687 2455 776 dependens.
2509 690 2674 757 Cum
2723 686 2872 754 ideo
2929 685 3058 754 for·

474 798 556 864 tis
608 797 753 865 haec
802 796 1118 882 obligatio
1168 797 1253 863 sit
1302 797 1573 865 omnino
1624 798 1926 882 gratuita,
1991 798 2245 883 absque
2292 796 2483 883 plena
2544 780 2847 864 libertate
2915 794 3055 880 ipsa

473 903 773 973 contrahi
815 904 1063 989 nequit.

563 1012 726 1093 Quid
768 1031 911 1098 erqo
957 1011 1281 1078 dicendum
1326 1012 1398 1078 de
1440 1012 1598 1079 votis
1640 1012 1828 1096 factis
1872 1032 1954 1078 ea:
1998 1021 2165 1078 metu
2188 1016 2221 1077 ?

562 1122 632 1188 R.
683 1118 748 1186 Si
800 1110 1014 1204 agitur
1062 1117 1143 1187 de
1191 1125 1370 1185 metu
1420 1117 1567 1202 levi,
1614 1119 2027 1204 probabilius
2074 1116 2362 1184 validum
2411 1122 2514 1186 est
2562 1123 2833 1197 votum;
2904 1113 3058 1200 quia

473 1235 691 1294 metus
739 1225 901 1293 levis
941 1243 1075 1292 non
1125 1231 1348 1311 potest
1396 1225 1652 1293 censeri
1701 1242 1896 1293 causa
1945 1225 2039 1292 rei
2091 1230 2223 1292 tam
2272 1224 2504 1310 gravis,
2554 1223 2749 1309 quale
2798 1227 2900 1290 est
2942 1237 3059 1307 per

476 1352 550 1403 se
597 1341 845 1402 votum.
894 1334 1061 1399 Item
1107 1331 1297 1414 valet,
1348 1332 1433 1399 sit
1479 1340 1698 1402 metus
1746 1333 1832 1400 sit
1881 1333 2110 1420 gravis,
2159 1332 2276 1400 sed
2304 1333 2484 1419 juste
2521 1331 2869 1411 incussus3
2900 1335 3058 1396 tunc

475 1458 719 1509 vovens
769 1457 899 1507 non
951 1447 1051 1506 est
1117 1439 1596 1507 rationabiliter
1642 1438 1905 1507 invitus,
1955 1442 2120 1507 Item
2168 1440 2357 1521 valet,
2432 1438 2485 1506 si
2554 1445 2773 1505 metus
2846 1434 3058 1521 gravis

479 1567 612 1616 non
646 1547 731 1615 sit
781 1546 859 1615 ad
893 1546 1426 1633 extorquendum
1463 1554 1691 1616 votum
1722 1548 2063 1616 incussus:
2114 1547 2208 1615 uti
2245 1546 2299 1614 si
2330 1546 2477 1632 quis
2512 1545 2756 1613 timens
2785 1543 3058 1612 latronis

475 1656 686 1723 minas
735 1662 1017 1723 mortem
1089 1654 1420 1737 minantis,
1466 1661 1712 1724 ¹votum
1760 1656 1900 1723 Deo
1950 1655 2140 1723 saciat
2213 1672 2369 1724 cum.
2432 1652 2788 1723 sufficienti
2837 1650 3062 1719 adver-

476 1761 701 1845 tentia,
748 1769 822 1829 ut
870 1761 1209 1829 liberetur.
1258 1761 1441 1830 Idem
1490 1767 1610 1844 est,
1639 1760 1693 1829 si
1743 1768 1963 1832 metus
2013 1763 2223 1847 gravis
2274 1761 2616 1849 proveniat
2648 1778 2682 1827 a
2732 1758 3059 1846 principio

473 1868 869 1936 intrinseco:
947 1867 1098 1935 hinc
1147 1867 1355 1937 valide
1404 1874 1594 1936 vovet
1642 1867 1756 1953 qui
1795 1867 1876 1934 ad
1922 1868 2291 1936 evitandam
2338 1874 2643 1950 mortem,
2717 1881 2868 1952 quae
2933 1865 3059 1934 sibi

476 1976 778 2044 imminet
826 1993 904 2044 ex
953 1975 1211 2057 morbo,
1260 1976 1619 2061 naufragi0‚
1671 1982 1878 2061 peste,
1915 1983 2144 2045 votum
2183 1975 2543 2045 deliberate
2595 1974 2867 2060 emittit3
2902 1981 3062 2043 tunc

473 2083 783 2152 voluntas
833 2101 965 2150 non
1037 2084 1413 2152 necessario
1457 2083 1938 2152 determinatur
2008 2084 2088 2152 ad
2134 2091 2390 2169 votum,
2436 2084 2554 2153 sed
2622 2085 2827 2153 libere
2900 2082 3064 2150 illud

477 2188 658 2273 eligit
707 2189 803 2257 uti
853 2188 1144 2256 medium
1193 2188 1274 2256 ad
1322 2189 1691 2275 periculum
1741 2191 2210 2278 superandum.

567 2299 726 2364 Tota
777 2314 933 2381 ergo
1006 2296 1290 2381 quaestio
1341 2303 1443 2364 est
1490 2296 1572 2364 de
1618 2303 1802 2365 metu
1851 2297 2024 2382 gravi
2076 2316 2156 2365 ex
2205 2315 2401 2365 causa
2479 2296 2850 2365 extrinseca
2897 2294 3064 2382 inju-

477 2410 598 2473 sta.
647 2404 768 2473 Alii
819 2410 994 2472 stant
1044 2422 1162 2490 pro
1211 2404 1348 2473 voti
1396 2404 1658 2485 valore;
1730 2405 1879 2491 quia
1930 2413 2032 2473 est
2078 2404 2290 2473 adbuc
2362 2406 2520 2474 satis
2587 2404 3061 2485 voluntarium

478 2510 586 2579 alii
635 2517 887 2579 certant
927 2510 1337 2596 probabilius
1389 2529 1509 2596 pro
1559 2510 1735 2579 illius
1806 2511 2127 2594 nullitate,
2192 2529 2343 2580 cum
2414 2519 2551 2582 tota
2600 2511 2766 2608 ratio
2815 2510 2948 2579 voti
2997 2510 3061 2577 in

478 2617 856 2685 omnimoda
890 2617 1191 2686 libertate
1240 2618 1362 2686 sita
1412 2619 1518 2686 sit.
1568 2621 1878 2686 Ceterum
1927 2625 2179 2687 certum
2220 2626 2347 2702 est,
2380 2625 2531 2686 vota
2578 2619 2899 2687 solemnia
2949 2636 3066 2705 per

479 2731 730 2790 metum
777 2740 1036 2807 gravem
1084 2724 1330 2809 injuste
1376 2724 1721 2793 incussum
1768 2743 1918 2793 esse
1968 2723 2244 2792 invalida
2289 2728 2447 2793 Jure
2494 2725 2724 2793 saltem
2776 2724 3061 2810 positivo

481 2830 978 2912 ecclesiastico;
1027 2847 1178 2899 cum
1226 2830 1350 2899 ista
1400 2831 1737 2917 indigeant
1784 2833 2066 2900 maxima
2116 2832 2420 2900 libertate
2455 2834 2503 2900 ¹.
2731 2867 2764 2904 ιι

568 2935 701 2998 5⁷·
755 2939 825 3017 Q.
876 2938 936 3004 6.
989 2938 1151 3017 Quid
1196 2939 1655 3025 requiriturgad
1697 2951 1906 3006 votum
1950 2959 2032 3006 ex
2071 2952 2254 3026 parte
2297 2941 2392 3007 rei
2430 2941 2804 3034 promissae?

572 3044 642 3108 R.
688 3040 785 3109 Ad
831 3049 1056 3111 votum
1104 3062 1187 3111 ex
1235 3053 1421 3131 parte
1468 3045 1559 3113 rei
1611 3047 1961 3131 promissae
1999 3046 2122 3113 tria
2159 3046 2606 3132 requiruntur,
2660 3053 2734 3113 ut
2769 3063 2877 3114 res
2910 3050 3064 3114 voto

487 3147 813 3235 promissa
864 3150 950 3216 sit
995 3150 1066 3216 de
1111 3151 1284 3234 bonu,
1333 3152 1406 3218 de
1452 3154 1604 3220 bono
1650 3153 1894 3219 meliori
1940 3159 2004 3220 et
2042 3153 2113 3219 de
2153 3154 2305 3221 bono
2340 3154 2637 3241 possibili.

660 3257 717 3322 1.
767 3258 859 3323 De
889 3255 1067 3342 bono,
1110 3276 1303 3325 secus
1351 3266 1579 3325 votum
1627 3257 2001 3327 detraheret
2051 3261 2241 3327 Deo:
2291 3278 2372 3328 ex
2420 3260 2522 3328 bis
2596 3267 2775 3346 patet
2839 3267 3066 3328 votum

484 3360 568 3430 de
619 3380 691 3429 re
739 3363 1117 3450 indifferenti
1163 3383 1308 3434 esse
1356 3365 1732 3448 invalidum,
1782 3366 1907 3434 nisi
1957 3385 2062 3435 res
2112 3367 2220 3434 illa
2268 3386 2350 3436 ex
2400 3368 2911 3436 circumstantiis
2966 3366 3066 3436 vel

484 3468 617 3536 fine
663 3469 891 3538 evadat
938 3472 1137 3553 bona3
1187 3461 1338 3557 i'Juia
1388 3472 1514 3540 tale
1561 3479 1787 3540 votum
1821 3490 1950 3540 nou
2003 3480 2225 3558 potest
2262 3491 2296 3541 a
2330 3476 2469 3543 Deo
2518 3474 2865 3561 acceptari,
2913 3490 3066 3542 cum

487 3575 546 3644 ei
594 3575 938 3661 displiceat
984 3578 1174 3644 stulta
1215 3580 1568 3664 promissio.
1616 3581 1862 3649 Votum
1907 3586 2128 3647 autem
2199 3579 2281 3649 de
2338 3599 2409 3649 re
2454 3583 2626 3649 mala
2667 3601 2800 3650 nou
2849 3582 3068 3650 solum

489 3689 591 3751 est
633 3681 916 3767 irritum,
966 3684 1084 3752 sed
1131 3684 1329 3753 etiam
1398 3694 1741 3773 peccatum
1784 3686 2098 3768 mortale;
2163 3693 2227 3755 et
2298 3687 2565 3773 quidem
2637 3690 3064 3775 probabilius,

489 3790 744 3860 etiamsi
795 3810 901 3860 res
949 3792 1056 3860 illa
1101 3792 1187 3859 sit
1236 3801 1489 3861 tantum
1536 3793 1880 3862 venialiter
1923 3794 2116 3876 mala,
2172 3801 2241 3863 ut
2278 3796 2332 3864 si
2383 3796 2531 3881 quis
2572 3804 2800 3866 voveat
2847 3798 3067 3869 dicere

404 3979 409 3984 ,
487 3897 904 3967 mendacium
946 3900 1298 3986 jocosum3
1368 3900 1698 3985 irrogatur
1762 3900 1935 3968 enim
1986 3900 2223 3987 iniuria
2271 3904 2412 3971 Deo
2486 3905 2717 3990 gravis,
2782 3923 2934 3974 cum
2981 3905 3068 3973 sit

486 4004 673 4088 velle,
719 4012 794 4073 ut
842 4006 1084 4073 malum
1134 4006 1321 4073 cedat
1372 4005 1435 4073 in
1486 4007 1810 4075 honorem
1855 4006 2013 4074 Dei:
2065 4008 2296 4095 excipe
2344 4010 2467 4079 nisi
2502 4009 2569 4077 id
2603 4010 2942 4097 contingat
2979 4011 3065 4112 ob

488 4111 925 4195 ignorantiam
974 4113 1270 4181 voventis
1302 4115 1353 4181 ².

491 4338 683 4390 titatiu-
712 4339 928 4410 votum,
957 4341 1018 4390 ut
1050 4339 1093 4389 si
1127 4340 1225 4392 iter
1257 4339 1888 4414 peregrinationis-quam
1920 4342 2040 4405 quis
2093 4344 2258 4402 vovit,
2308 4344 2377 4394 sit
2428 4345 2589 4407 paulo
2645 4347 2854 4410 longius
2903 4359 3068 4412 quam

490 4399 807 4512 pu¹tab7at¹uf3
842 4410 968 4471 quia
973 4412 1208 4513 diarum*
1224 4405 1499 4463 reputatur
1531 4414 1625 4465 pro
1661 4402 1843 4487 nihilo:
1873 4428 1938 4440 —
1971 4405 2198 4468 Liguori,
2308 4443 2321 4456 .
2356 4406 2512 4468 Hor„
2545 4408 2695 4472 l.‚iii,
2730 4422 2787 4461 n.
2823 4413 2933 4463 198.

551 4524 576 4565 2
607 4500 747 4575 Eccl.
769 4472 1179 4585 gvlfoffieru‘t’nmci'ie
1209 4466 1544 4601 gggssgaffiffiss·
1568 4466 1940 4592 ixi'ag'eszai’liffe
1955 4467 2420 4589 Qvfflrssedniffi
2441 4473 2644 4583 garing}
2668 4531 2761 4584 filii
2811 4535 3068 4588 continuo

493 4587 808 4659 aegrotautes
838 4597 905 4636 ex
938 4586 1038 4658 liac
1067 4597 1100 4635 v
1125 4588 1180 4638 ta
1210 4591 1556 4661 commigrent
1586 4593 1641 4640 et
1666 4600 1849 4662 secum
1880 4592 2021 4642 Deus
2053 4603 2143 4642 eos
2178 4592 2233 4641 in
2279 4593 2470 4644 coelum
2521 4595 2803 4668 suscipiat:
2854 4608 2980 4648 cum
3012 4598 3069 4649 id

490 4652 651 4710 agant
684 4649 858 4711 potius
889 4658 958 4699 ex
994 4649 1333 4721 simplicitate
1364 4654 1414 4702 et
1449 4662 1566 4702 com
1609 4653 1850 4726 assionis·
1865 4653 2117 4714 impulsu,
2152 4665 2314 4717 quam
2362 4665 2433 4706 ex
2484 4667 2664 4708 animo
2705 4657 2970 4711 malevolo
3019 4661 3070 4712 et

497 4713 684 4789 mortis
716 4709 947 4762 filiorum
982 4710 1266 4765 desiderio.
1297 4738 1363 4750 —
1400 4714 1458 4764 V.
1494 4714 1566 4764 Va
1588 4715 1752 4773 entia,
1787 4715 1983 4776 Doeput.
2018 4725 2090 4776 vi,
2124 4727 2177 4779 q.
2210 4720 2260 4779 6,
2293 4728 2422 4781 pun.
2462 4720 2538 4769 u.
