3292 5167
490 306 626 374 138
1512 323 1627 369 un.
1676 321 1742 369 n.
1789 321 2003 370 ruer.
2048 323 2105 367 v.

566 428 692 492 Alii
738 442 879 491 cum
923 422 1268 508 Ronca'glia
1309 432 1392 487 et·
1419 423 1959 504 Scbmalzgrdber
1998 424 2227 488 volunt
2267 423 2478 488 adbuc
2506 420 2933 505 vigere'onils
2962 422 3086 489 “re-

486 509 853 580 citationis3
896 508 1045 586 quia
1088 523 1138 567 s.
1178 504 1326 568 Pius
1370 504 1420 567 V
1463 504 1715 569 nullum
1760 505 2214 568 beneficiatum
2257 504 2592 569 excludit:
2662 505 2927 570 aliunde
2971 507 3093 587 qui

486 588 754 668 suscipit
796 586 1062 667 aliquid,
1106 584 1703 663 intelligiturillud
1748 593 2083 664 acceptare
2127 600 2271 647 cum
2313 602 2512 650 onere
2575 587 2637 649 ei
2681 587 2974 650 adnexo:
3018 595 3099 651 et

487 667 635 732 talis
681 667 904 730 revera
976 667 1233 731 videtur
1299 666 1742 749 timoratorum
1814 667 2047 744 praxis,
2107 665 2232 727 Alii
2296 682 2441 730 cum
2504 664 2790 730 Sancbez
2852 666 3095 731 volunt

487 748 649 813 illud
694 748 967 827 amplius
1012 763 1138 810 non
1170 749 1422 826 vigere:
1452 748 1598 826 quia
1631 746 2043 823 Beneficium,
2064 752 2232 826 quod
2263 763 2393 829 ⁴non
2430 747 2674 826 praebet
2709 751 3090 812 natet-tiam

486 830 744 910 quidem
786 839 1030 908 partem
1095 828 1609 900 sustentationis,
1679 828 1747 889 in
1810 827 1963 893 Jure
2025 828 2337 890 canonico
2401 843 2529 889 non
2575 836 2911 908 reputatur
2967 844 3105 908 pro

487 927 641 974 vero
688 910 1006 973 Beneficio
1051 908 1130 987 (c.
1175 909 1229 969 is
1261 908 1367 968 cui
1407 923 1451 968 x
1491 908 1563 969 de
1602 905 1818 986 proeb.,
1863 908 1928 970 in
1972 907 2079 988 6);
2120 916 2187 970 et
2229 909 2321 970 sic
2350 908 2770 971 beneficiatus
2808 907 3095 972 habetur

491 999 793 1070 tanquam
839 1006 967 1051 non
1022 987 1457 1051 beneficiatus.
1502 987 1626 1050 Alii
1674 1004 1818 1050 cum
1865 988 2079 1051 Lessio
2123 987 2358 1051 docent
2424 1002 2588 1053 onus
2644 987 2815 1051 istud
2863 990 3105 1070 vigere

489 1071 717 1135 saltem
765 1087 878 1149 pro
924 1069 1153 1131 diebus
1197 1068 1537 1131 dominicis
1581 1077 1646 1130 et
1693 1067 1974 1142 festivis3
2018 1070 2309 1147 quamvis
2353 1070 2527 1131 enim
2563 1068 2683 1148 (ait
2713 1069 2912 1147 Dens)
2944 1070 3097 1133 nul·

495 1151 591 1214 los
638 1153 886 1214 fructus
930 1151 1263 1229 percipiat,
1306 1148 1542 1227 gaudet
1589 1158 1801 1212 tamen
1865 1148 2285 1212 beneficiatus
2348 1148 2494 1211 aliis
2557 1151 2932 1226 commodiS,
2991 1150 3085 1215 fa·

490 1232 760 1297 veribus
807 1248 877 1293 ac
927 1230 1304 1309 privilegiiS,
1351 1228 1708 1292 honoribus
1772 1228 1872 1291 vel
1910 1230 2186 1307 juribus,
2231 1246 2311 1291 ex
2353 1246 2428 1292 eo
2472 1229 2637 1308 quod
2707 1233 2794 1293 sit
2835 1233 2903 1293 in
2950 1247 3107 1311 pos-

492 1315 784 1377 sessione
831 1311 1010 1373 illius
1054 1310 1394 1385 Beneficii,-
1437 1309 1725 1389 alioquin
1786 1310 2174 1373 Beneficium
2221 1309 2505 1372 totaliter
2553 1311 2926 1389 interiisset,
2970 1326 3099 1376 nec

490 1393 766 1472 amplius
810 1391 1232 1454 subsisteret:
1268 1389 1435 1469 quod
1479 1397 1580 1453 est
1622 1399 1843 1453 contra
1892 1392 2311 1470 suppositum.

573 1473 701 1535 Nos
749 1473 1255 1534 controversiam
1299 1471 1683 1533 melioribus
1747 1471 2214 1549 relinquimu33
2270 1469 2429 1533 illud
2466 1469 2655 1533 Tullii
2703 1481 3106 1551 usurpantes

493 1555 561 1616 in
608 1554 727 1616 hac
775 1570 885 1614 re:
936 1552 1012 1614 In
1055 1560 1386 1631 utramque
1427 1561 1675 1631 partem
1717 1552 2083 1614 disserimus
2108 1572 2133 1623 ;
2197 1552 2268 1613 de
2310 1552 2492 1613 nulla
2532 1568 2605 1613 re
2643 1552 3095 1629 dijudicamus.

493 1634 713 1715 (Acad.
759 1640 981 1713 quaest.
1014 1649 1098 1709 w,
1164 1632 1423 1713 xxxm.)
1461 1665 1541 1678 —
1582 1631 1642 1694 V.
1672 1630 1952 1711 Liguori,
1992 1631 2156 1712 Opus
2185 1632 2368 1721 Mor„
2408 1634 2449 1692 l.
2488 1648 2586 1708 111,
2627 1647 2685 1694 n.
2710 1632 2857 1696 674.-

1557 1868 1687 1948 (H)
1730 1868 1884 1950 paq.
1928 1870 2025 1933 32.

573 2094 772 2157 193.
817 2094 1189 2174 Tempus
1232 2091 1646 2154 recitandi
1688 2093 2105 2156 Officium.

656 2177 707 2238 1.
751 2174 938 2237 Juxta
984 2177 1353 2251 primaevam
1421 2176 1891 2239 institutionem
1949 2182 2110 2251 erat,
2176 2184 2247 2238 ut
2311 2174 2692 2239 Matutinum
2755 2175 3097 2239 diceretur

493 2256 662 2319 circa
706 2254 983 2317 mediam
1043 2263 1316 2328 noctem,
1388 2252 1636 2317 Laudes
1680 2256 1797 2317 sub
1840 2271 2158 2330 auroram,
2223 2254 2430 2318 Prima
2499 2256 2579 2318 ad
2651 2263 2867 2318 ortum
2911 2255 3100 2333 soliS,

411 2398 422 2402 ,
493 2336 708 2400 Tertia
757 2346 1037 2414 tempore
1072 2335 1286 2398 medio
1331 2334 1503 2396 inter
1545 2343 1757 2397 ortum
1794 2334 1949 2397 solis
1992 2345 2058 2398 et
2101 2336 2464 2411 meridiem,
2514 2334 2704 2399 Sexta
2742 2339 2914 2399 circa
2961 2351 3100 2400 me-

492 2417 750 2490 ridiem,
792 2414 965 2477 Nona
1016 2425 1302 2495 tempore
1362 2415 1575 2477 medio
1639 2416 1812 2478 inter
1853 2415 2195 2478 meridiem
2259 2425 2325 2478 et
2385 2416 2539 2479 solis
2609 2431 2926 2493 occasum,
2970 2415 3099 2481 Ve-

495 2515 525 2559 s
571 2512 701 2560 erae
745 2496 823 2559 ad
870 2494 1023 2558 solis
1086 2511 1399 2570 occasum,
1441 2494 1943 2574 Completorium
1989 2495 2107 2559 sub
2165 2495 2613 2576 crepusculum
2679 2506 3098 2562 nocturnum.

548 2579 740 2641 ostris
787 2573 1180 2655 temporibus
1227 2578 1290 2639 in
1335 2593 1455 2653 usu
1498 2591 1629 2637 non
1659 2584 1758 2638 est
1792 2576 1931 2639 haec
1978 2576 2285 2641 Horarum
2331 2577 2687 2641 distinctio.
2723 2611 2796 2623 —
2854 2576 2913 2640 V.
2943 2579 3105 2642 Fer·

497 2661 696 2731 raris;
743 2655 810 2718 V.
862 2655 1159 2737 Officium,
1202 2669 1320 2721 art.
1355 2655 1393 2718 3
1436 2664 1502 2718 et
1542 2657 1598 2718 4.
1642 2689 1722 2701 —
1764 2655 2221 2733 Bellarminus‚
2264 2654 2350 2720 De
2383 2658 2576 2721 Horis
2632 2660 2979 2722 canonicis.

655 2738 710 2800 2.
756 2736 824 2799 In
862 2735 1381 2816 Quadragesima,
1422 2738 1708 2816 exceptis
1780 2738 2006 2816 primis
2053 2738 2258 2801 tribus
2303 2739 2530 2803 diebus
2594 2746 2660 2804 et
2721 2739 3098 2815 dominicis,

495 2818 795 2899 Vesperae
838 2817 1143 2879 dicuntur
1185 2825 1335 2880 ante
1378 2819 1911 2881 commextionem
1937 2837 1952 2877 :
1983 2818 2152 2896 quod
2189 2819 2448 2897 quidem
2493 2828 2591 2881 est
2634 2820 2715 2884 de
2762 2830 3098 2901 praecepto

539 2899 700 2963 uoad
746 2898 1012 2960 cborum
1057 2912 1137 2959 ex
1180 2896 1462 2959 Concilio
1505 2896 1932 2961 cabilonense
1974 2896 2080 2976 (de
2113 2916 2406 2976 consecr„
2446 2900 2593 2963 dist.
2652 2918 2696 2977 1,
2739 2917 2801 2962 c..
2834 2901 3100 2980 solent).

550 2996 586 3042 e
631 2977 905 3042 consilio
971 2986 1218 3041 tantum
1266 2993 1378 3053 pro
1441 2974 1864 3041 recitantibus
1927 2987 2109 3042 extra
2157 2981 2466 3043 chorum:
2528 2981 2640 3044 sed
2700 2980 3107 3045 laudabilius

495 3070 639 3135 est3
691 3075 835 3121 cum
892 3062 977 3120 sit
1039 3074 1107 3121 se
1152 3058 1554 3121 conformare
1619 3062 1824 3122 veteri
1892 3057 2296 3138 disciplinae:
2358 3060 2526 3140 quod
2586 3061 2934 3125 dicendum
2996 3073 3113 3126 est

497 3141 692 3202 etiam
738 3139 818 3201 de
883 3139 960 3200 iis
1025 3141 1133 3218 qui
1200 3139 1475 3202 recitant
1516 3154 1782 3217 parvum
1847 3138 2140 3203 Officium
2183 3140 2251 3202 Β.
2293 3140 2601 3220 Virginis.
2667 3143 2866 3205 Porro
2927 3141 3095 3207 illud

495 3226 644 3284 ante
683 3218 1001 3282 meridiem
1042 3220 1376 3282 moraliter
1418 3219 1857 3298 accipiendum
1885 3227 2003 3295 est,
2040 3236 2271 3300 nempe
2302 3239 2416 3301 pro
2449 3222 2664 3302 paullo
2693 3233 2881 3286 ante:
2929 3222 3101 3288 Con·

498 3302 640 3363 cina
686 3300 970 3363 admittit
1011 3298 1420 3363 latitudinem
1448 3300 1641 3361 unius
1676 3300 1878 3363 horae.
1923 3333 2001 3346 ——
2056 3301 2118 3362 V.
2161 3302 2547 3366 Benedictus
2588 3303 2748 3381 XlV,
2789 3304 3095 3383 Notifica·

500 3383 665 3444 tione
709 3397 825 3455 xv3
879 3382 1029 3441 item
1077 3378 1635 3443 salmanticenses.

657 3461 714 3522 3.
757 3459 974 3541 Neque
1017 3460 1241 3535 refert,
1284 3459 1450 3539 quod
1516 3458 1929 3539 anticipando
1994 3460 2098 3524 vel
2162 3463 2627 3542 posticipando‚
2715 3463 2963 3528 uaedam
3008 3463 3107 3528 de

497 3536 719 3604 Officio
765 3556 894 3601 non
930 3539 1274 3604 videantur
1316 3538 1590 3619 amplius
1634 3543 2012 3617 convenire3
2054 3557 2203 3604 nam
2264 3544 2498 3607 similia
2563 3560 2677 3607 ver
2724 3561 2757 3607 a
2805 3544 3103 3608 referun-

498 3627 604 3687 tur
646 3620 724 3682 ad
773 3627 1021 3702 tempus
1068 3621 1422 3699 legitimum
1469 3625 2014 3699 repraesentative,
2060 3634 2248 3702 prout
2299 3625 2391 3685 ait
2434 3624 2622 3686 Dens.
2664 3626 2939 3704 Tempus
2981 3640 3093 3689 au·

499 3708 629 3764 tem
666 3700 1137 3765 determinatur
1180 3718 1213 3763 a
1263 3700 1498 3764 tabella
1563 3701 1931 3763 Dioecesana
1980 3703 2046 3764 in
2091 3701 2479 3767 Kalendario
2524 3706 2770 3783 posita:
2839 3722 2961 3786 qua
3026 3708 3097 3769 in

500 3797 573 3845 re
619 3790 850 3844 notant
892 3783 1324 3846 communiter
1368 3779 1533 3861 quod
1580 3781 1658 3842 ad
1704 3780 1994 3844 Matutini
2031 3786 2474 3847 recitationem
2499 3783 2666 3849 bene
2700 3787 3097 3849 conformari

499 3878 839 3942 possumus
884 3864 1153 3942 tempori
1201 3860 1416 3924 medio
1460 3861 1657 3923 etiam
1704 3860 1867 3939 quod
1915 3860 2133 3925 Romae
2178 3866 2369 3943 viget,
2412 3866 2464 3927 si
2512 3866 2579 3928 in
2618 3866 2754 3930 loco
2800 3866 3109 3943 invaluit,

501 3959 643 4006 cum
690 3942 880 4005 hodie
924 3944 1206 4005 evaserit
1247 3942 1615 4004 ordinarius
1660 3940 1886 4004 modus
1919 3945 2331 4023 computandi
2380 3950 2604 4021 boras:
2650 3945 2841 4028 idque
2882 3948 3105 4027 quoad

502 4040 701 4103 usque
745 4026 1037 4104 superior
1080 4022 1554 4085 ecclesiasticus
1594 4022 1916 4085 diversam
1958 4038 2032 4085 ac
2085 4024 2332 4088 firmam
2379 4026 2671 4105 regulam
2729 4044 2858 4090 non
2904 4027 3102 4091 indu·

503 4113 645 4179 cat3
688 4104 739 4166 si
786 4120 967 4167 secus
1011 4100 1443 4166 anxietatibus
1487 4117 1559 4163 ac
1605 4100 1904 4180 implexis
1948 4103 2213 4167 calculis
2275 4105 2454 4169 locus
2497 4112 2899 4186 aperiretur,
2945 4122 3103 4172 cum-

502 4183 899 4247 dissonantia
947 4200 1075 4245 non
1123 4185 1207 4245 ita
1254 4184 1339 4244 sit
1380 4191 1776 4244 momentosa
1820 4190 1887 4244 et
1931 4181 2067 4246 fere
2112 4201 2364 4265 semper
2394 4186 2745 4253 mutabilis.
2781 4187 2945 4251 Hinc
2976 4187 3095 4252 Be·

504 4263 800 4326 nedictus
839 4262 998 4340 xlv,
1036 4263 1477 4344 Notificatione
1518 4278 1664 4334 xin.
1712 4261 1918 4339 docet,
1961 4267 2115 4326 satis
2159 4282 2301 4330 esse
2347 4276 2596 4346 tempus
2660 4267 2738 4330 ad
2783 4266 3105 4333 Ecclesiae

503 4354 820 4423 praecepta
867 4343 1263 4407 observanda
1307 4343 1523 4407 metiri
1567 4342 1902 4405 moraliter
1939 4343 2119 4421 juxta
2159 4347 2501 4423 proborum
2534 4348 2931 4427 opinionem,
2960 4363 3099 4412 non

502 4440 663 4489 vero
698 4424 877 4503 J'uxta
925 4426 1389 4497 minutissimas
1434 4423 1738 4485 horarum
1785 4433 2016 4503 partes.

586 4503 714 4569 Hoc
761 4520 949 4583 porro
996 4505 1164 4567 valet
1206 4521 1334 4566 non
1382 4512 1625 4566 tantum
1674 4504 1881 4584 quoad
1913 4503 2225 4579 Officium,
2267 4505 2377 4568 sed
2420 4507 2614 4570 etiam
2657 4507 2862 4586 quoad
2909 4506 3107 4585 Com-

506 4586 835 4648 munionis
877 4586 1369 4662 susceptionem,
1411 4592 1532 4646 etc.
1593 4583 1724 4646 Hac
1764 4584 1847 4646 de
1889 4600 1960 4646 re
2005 4587 2399 4664 interrogata
2471 4585 2533 4649 S.
2598 4586 3095 4655 Poenitentiaria

395 4728 404 4733 ,
506 4679 680 4726 onno
725 4661 901 4737 1859,
942 4662 1307 4741 respondit:
1376 4659 1685 4725 Comatae
1719 4661 2018 4743 probatos
2059 4671 2390 4738 auctam,-
2456 4668 2525 4731 bi
2590 4683 2783 4747 porro
2826 4685 2863 4731 a
2904 4670 3113 4735 nobis

505 4742 782 4808 consulti
817 4742 1158 4807 unanimes
1199 4758 1577 4822 responsum
1622 4742 1965 4822 dederunt,
2007 4755 2197 4824 prout
2238 4763 2428 4827 supra
2466 4747 2963 4814 declaravimus.
