3292 5167
1147 387 1910 472 mspuwss'lo
1966 389 2474 477 ALTERA

1430 577 1539 645 DE
1592 558 2240 649 sERvffuTmus‘

605 805 813 876 498.
864 811 937 890 Q.
989 809 1152 891 Quid
1194 823 1282 878 est
1323 812 1588 878 servitus
1624 824 1816 898 prout
1844 813 1987 897 fons
2007 812 2201 899 juris,
2249 823 2305 878 et
2347 811 2732 898 quotuplex?

606 919 677 985 R.
728 914 824 984 Ad
874 919 945 984 i:
997 917 1316 1000 Servitus,
1368 926 1565 1005 prout
1613 926 1716 986 est
1763 919 1911 987 fons
1951 917 2144 1003 iuris,
2194 916 2450 987 definiri
2499 925 2757 1004 potest:
2794 920 2907 1007 jus
2972 931 3114 988 ter-

512 1024 601 1092 tio
647 1036 989 1112 competens
1036 1024 1103 1091 in
1147 1045 1215 1091 re
1283 1026 1543 1109 aliena,·
1587 1026 1651 1093 oi
1694 1028 1873 1114 cujus
1919 1025 2207 1095 dominus
2253 1027 2347 1093 rei
2393 1027 2462 1093 in
2516 1046 2588 1094 ea
2651 1026 2892 1113 aliquid
2944 1027 3118 1115 pati,

514 1131 614 1197 vel
657 1150 784 1197 non
828 1132 1035 1216 facere
1079 1128 1322 1216 copitar
1367 1131 1435 1198 in
1478 1133 1650 1199 tertii
1692 1118 2047 1200 atililatem.

610 1236 898 1305 Dicitur:
950 1236 1017 1323 ί)
1052 1238 1165 1327 jus
1211 1237 1278 1304 in
1323 1257 1412 1320 re,
1464 1256 1596 1305 non
1646 1238 1712 1306 in
1765 1256 2079 1324 persona;
2131 1237 2184 1306 si
2238 1236 2417 1308 enim
2481 1256 2766 1324 persona
2837 1244 3098 1307 tantum

516 1341 923 1445 obligaretur
960 1341 1040 1409 ad
1073 1342 1341 1428 aliquid,
1381 1351 1559 1413 esset
1592 1346 1903 1431 catenatio,
1941 1364 2072 1413 non
2110 1346 2396 1429 servitus,
2432 1346 2620 1432 cujus
2657 1352 2912 1413 naturae
2950 1364 3114 1432 pro·

513 1450 733 1536 prium
769 1458 870 1519 est
903 1450 997 1519 rei
1032 1450 1404 1519 adhaerere:
1442 1470 1590 1538 quae
1631 1451 1780 1520 ideo
1816 1453 1881 1521 in
1917 1471 2380 1539 possessorem
2429 1472 2894 1542 quemcunque
2941 1470 3099 1521 cum

511 1574 583 1625 re
630 1556 774 1642 ipsa
823 1558 1086 1635 transit;
1138 1559 1207 1643 2)
1254 1559 1505 1637 alierum
1554 1577 1704 1626 nam
1754 1560 2122 1644 commoda,
2174 1540 2322 1646 qu'ae
2376 1559 2685 1629 dominus
2733 1559 3021 1646 percipit
3069 1578 3116 1630 e

510 1681 582 1732 re
630 1683 748 1733 sua
789 1665 939 1752 jure
987 1665 1261 1733 dominii
1306 1666 1604 1752 percipit,
1650 1685 1783 1734 non
1819 1668 1968 1753 jure
2003 1667 2374 1748 servitutis;
2409 1668 2476 1751 3)
2511 1669 2576 1735 vi
2606 1668 2783 1753 cajus
2814 1666 3106 1734 dominas

507 1769 577 1837 in
624 1791 697 1837 ea
740 1791 808 1838 re
853 1771 1097 1859 aliquid
1128 1772 1288 1859 pati,
1336 1773 1431 1838 vel
1475 1792 1603 1839 non
1631 1774 1840 1859 facere
1871 1773 2162 1859 capitum
2200 1775 2358 1861 pati,
2407 1793 2464 1840 v.
2517 1793 2598 1858 g.,
2648 1781 2719 1840 ut
2769 1772 2945 1840 sinat
2983 1771 3108 1839 ali-

511 1895 711 1965 quem
759 1896 997 1965 aquam
1045 1898 1081 1948 e
1129 1899 1251 1948 suo
1302 1879 1506 1947 fundo
1557 1879 1828 1949 ducere:
1862 1884 2242 1968 nonfacere,
2281 1902 2337 1950 v.
2367 1876 2456 1968 'g.,
2491 1857 2794 1950 ut‘altius
2826 1880 3105 1959 domum

510 2002 698 2054 suam
745 2004 878 2054 non
929 1985 1233 2056 aedificet.
1282 1987 1467 2056 Unde
1515 1989 1800 2056 servitus
1850 1998 1949 2057 est
1998 1990 2349 2059 diminutio
2385 1990 2681 2071 dominii,
2725 1989 2915 2075 cujus
2949 2004 3112 2075 pars

508 2091 767 2159 tollitur
813 2093 893 2161 ab
944 2112 1045 2176 e0‚
1095 2095 1209 2180 qui
1274 2094 1662 2164 servitutem
1732 2096 1949 2174 debet,
2000 2103 2064 2165 et
2112 2096 2365 2165 accedit
2413 2097 2493 2165 ad
2542 2114 2714 2179 eum,
2779 2095 2885 2171 cui
2946 2094 3093 2182 ipsa

509 2196 822 2283 debetur;
871 2208 936 2269 et
984 2201 1132 2271 ideo
1183 2201 1445 2270 additur
1488 2205 1556 2269 in
1599 2204 1772 2271 tertii
1814 2204 2163 2273 utilitatem.
2403 2196 2408 2205 ’

599 2308 670 2375 R.
717 2307 817 2375 Ad
864 2310 930 2375 2:
981 2309 1278 2379 Servitus
1326 2308 1597 2395 duplex:
1667 2310 1877 2392 realis,
1947 2328 2098 2397 quae
2147 2329 2182 2378 a
2231 2330 2302 2380 re
2350 2311 2633 2381 debetur
2696 2310 2882 2380 alteri
2952 2309 3087 2393 rei,

506 2431 564 2480 v.
614 2432 698 2501 g.,
736 2416 817 2484 ab
853 2435 985 2484 uno
1022 2416 1276 2503 praedio
1312 2418 1499 2487 alteri
1534 2419 1810 2504 praedio,
1846 2426 1910 2487 et
1945 2418 2185 2488 dicitur
2218 2418 2414 2488 etiam
2446 2420 2712 2486 servitus
2741 2417 3090 2506 praedialis.

505 2523 881 2607 Personalis,
930 2542 1079 2610 quae
1114 2524 1395 2595 debetur
1426 2545 1733 2613 personae
1769 2526 1834 2594 in
1870 2527 2057 2613 cujus
2091 2526 2445 2596 utilitatem
2483 2524 2861 2594 immediate
2895 2522 3094 2607 cedit,

505 2636 579 2697 ut
626 2638 727 2699 est
773 2651 943 2713 usus,
991 2636 1406 2721 ususfructus,
1456 2637 1757 2703 habitatio
1808 2643 1872 2703 et
1910 2636 2238 2722 possessio,

582 2773 801 2842 Nou:
836 2774 1125 2841 Servitus
1171 2779 1235 2840 in
1281 2778 1470 2841 rebus
1503 2778 1808 2841 Ecclesiae
1839 2779 2010 2841 cadit
2044 2778 2162 2841 sub
2193 2779 2672 2859 Extravagante
2699 2776 3092 2853 Ambitiosa,

512 2855 603 2925 De
644 2855 832 2924 rebus
862 2858 1158 2921 Ecclesia»
1199 2876 1321 2922 non
1363 2860 1737 2923 alienandis.
1783 2859 1893 2922 Est
1934 2859 2107 2922 enim
2152 2859 2495 2923 diminutio
2539 2876 2609 2922 ac
2640 2861 2839 2921 cessio
2880 2857 3083 2937 juris3

519 2942 806 3019 adeoque
850 2955 922 3002 ea
960 2939 1505 3032 sine-Apostolico
1550 2940 1953 3019 beneplacito
1997 2939 2300 3003 Ecclesiae
2347 2943 2584 3033 imponi
2639 2956 2764 3033 non
2831 2946 3080 3017 potest:

516 3023 682 3101 qnod
728 3017 788 3080 S.
833 3018 894 3080 C.
939 3019 1229 3095 concilii,
1275 3019 1599 3082 referente
1641 3020 2000 3094 Monacelli,
2044 3020 2395 3084 declaravit
2422 3022 2494 3084 21
2526 3020 2695 3101 junii
2735 3019 2892 3082 1698
2934 3032 3080 3081 cum

506 3088 807 3182 ageretur
853 3099 931 3161 de
977 3101 1386 3180 impositione
1430 3103 1766 3163 servitutis
1811 3100 2204 3166 immittendi
2249 3105 2426 3182 tigna
2468 3113 2534 3165 et
2575 3099 2942 3182 apponendi
2984 3115 3084 3164 su·

506 3199 622 3264 per
664 3196 884 3246 muros
928 3180 1262 3260 cuiusdam
1311 3181 1683 3245 Conventus
1726 3181 1776 3244 ¹.

1387 3472 1432 3541 C
1457 3473 1502 3540 Α
1522 3472 1575 3541 Ρ
1595 3472 1647 3540 U
1673 3472 1722 3539 Τ
1789 3472 1842 3541 Ρ
1863 3471 1916 3539 Β
1938 3472 1953 3539 Ι
1977 3473 2040 3540 Μ
2060 3472 2112 3540 U
2134 3474 2197 3541 Μ

1191 3645 1286 3701 DE
1324 3642 1846 3704 SERVITUTIBUS
1886 3642 2406 3704 PRAEDIALIBUS.

588 3863 801 3926 4⁹9.
851 3864 922 3944 Q.
975 3864 1032 3929 1.
1085 3863 1251 3944 Quid
1292 3877 1349 3931 et
1391 3865 1728 3951 quotuplex
1767 3863 2035 3931 servitus
2080 3860 2290 3942 realis,
2337 3878 2445 3927 seu
2483 3858 2810 3945 praedialis
2829 3865 2862 3925 ?

591 3969 662 4036 R.
713 3968 1009 4036 Servitus
1059 3969 1390 4055 praediaiis
1440 3976 1540 4038 est
1586 3991 1746 4038 onus
1788 3968 2023 4056 proedio
2070 3967 2426 4054 impositum
2471 3965 2554 4031 ad
2597 3984 2779 4032 asam
2824 3977 2881 4031 et
2910 3966 3086 4033 utili·

503 4087 690 4145 tatem
727 4078 958 4165 proedii
980 4080 1348 4166 pertinentis
1378 4079 1463 4146 ad
1500 4080 1700 4147 alium
1725 4079 2238 4168 proprietarium.
2275 4077 2639 4144 Servitutes
2675 4094 2874 4161 porro
2909 4094 3083 4162 prae·

502 4183 708 4251 diales
756 4184 1254 4271 distinguuntur
1300 4185 1365 4252 in
1411 4187 1692 4274 rusticas
1742 4194 1805 4255 et
1857 4188 2160 4266 ιιι-Μῦες,
2210 4183 2275 4252 in
2323 4182 2741 4251 affirmativas
2791 4189 2856 4250 et
2893 4199 3085 4268 nega-

506 4290 705 4372 tivas3
757 4291 821 4360 in
870 4294 1218 4363 continuas
1259 4299 1323 4360 et
1357 4292 1834 4377 discontinuas,
1872 4294 1935 4361 in
1973 4295 2365 4379 apparentes
2401 4296 2465 4357 et
2501 4308 2630 4358 non
2669 4298 3081 4376 apparentes,

510 4401 995 4471 conventiones
1042 4420 1192 4489 quae
1242 4404 1656 4472 constituunt
1704 4403 2054 4473 servitutes
2089 4399 2436 4487 praediales
2485 4400 2586 4469 vel
2637 4397 3083 4480 moderantur,

561 4628 586 4669 ¹
627 4630 689 4680 V.
734 4630 983 4692 Ferraria
1017 4632 1078 4683 V.
1113 4632 1353 4684 Servitus.
1386 4657 1451 4671 -
1480 4634 1733 4695 Debuca,
1769 4632 1839 4684 De
1869 4628 2216 4697 servitutibus,
2245 4628 2373 4681 diso.
2405 4639 2536 4682 xvu.
