3292 5167
518 215 651 284 688
1204 234 1320 282 un.
1371 235 1435 281 n.
1485 236 1698 282 raac‘r.
1731 232 1879 282 viu.
1927 237 2080 283 mse.
2135 229 2226 282 ur.
2274 237 2404 283 car.
2455 238 2494 282 ι.

605 336 805 406 925.
857 339 931 421 Q.
980 339 1083 406 10.
1129 339 1231 406 An
1279 337 1457 408 liceat
1499 349 1715 426 optare
1758 337 2012 405 inimico
2057 339 2346 432 malam?

607 448 678 517 R.
729 445 912 515 Licet
961 433 1315 532 aliquando
1368 453 1598 532 optare
1650 443 1918 516 inimido
1967 447 2216 515 malum
2265 442 2537 532 aliquod
2583 453 3113 531 temporaneum,

520 559 853 638 quatenus
919 550 1013 619 illi
1075 552 1327 621 bouum
1366 559 1488 636 est,
1540 552 1636 620 vel
1689 552 1774 621 ob
1816 553 2070 620 bonum
2119 552 2389 621 alterius
2437 550 2828 638 spirituale,
2885 549 2992 618 vel
3038 549 3120 619 ob

515 659 769 728 bonum
816 677 1169 728 commune
1204 660 1404 745 Regni
1441 665 1553 728 aut
1584 659 1929 728 Ecclesiae.
1968 659 2078 729 Sic
2124 659 2277 729 licet
2317 665 2600 728 mortem
2633 665 2878 745 optare
2912 657 3122 727 haere-

514 767 792 835 siarchae
818 767 917 835 vel
948 767 1228 854 publicae
1259 767 1437 853 pacis
1471 766 1936 853 perturbatori·
1956 767 2136 853 juxta
2165 766 2324 835 illud
2357 790 2371 834 ε
2408 767 2652 834 atinam
2675 765 3127 836 abscindantur

516 875 625 962 qui
666 895 784 943 nos
837 877 1208 943 conturbant
1257 877 1523 946 ¹!Item
1569 876 1725 945 licet
1774 873 2018 944 tristari
2059 873 2240 961 quod
2278 873 2634 961 dignitates
2686 874 3124 942 conserantur

519 982 834 1069 indignis;
898 983 1054 1052 item
1103 990 1512 1070 aegestatem,
1556 983 1866 1052 morbum
1908 989 2019 1050 aut
2065 990 2350 1051 mortem
2399 982 2676 1071 alicujus
2724 981 3125 1064 desiderare,

519 1098 595 1162 ut
629 1096 843 1160 cesset
895 1109 930 1158 a
978 1091 1311 1177 peccatiS,
1364 1109 1398 1158 a
1456 1091 1965 1172 vexationibus,
2017 1098 2145 1160 etc.
2195 1090 2269 1160 Id
2317 1091 2494 1159 euim
2543 1090 2706 1159 nihil
2756 1087 2944 1158 aliud
2995 1096 3123 1170 est,

522 1217 719 1287 quam
752 1200 1002 1268 honum
1037 1198 1379 1286 spirituale
1415 1198 1727 1302 praeferre
1764 1199 2129 1285 temporali,
2161 1206 2226 1268 et
2259 1199 2510 1268 bonum
2549 1216 2914 1267 commune
2951 1198 3125 1266 hono

521 1306 796 1393 privato.
867 1305 1427 1374 salmanticenses
1497 1304 1854 1374 admittunt
1902 1306 2105 1375 etiam
2151 1305 2410 1375 licitum
2458 1323 2606 1374 esse
2666 1306 2834 1391 patri
2892 1311 3122 1391 optare

521 1421 805 1482 mortem
877 1414 1012 1496 filii,
1087 1414 1141 1481 si
1217 1413 1442 1481 timeat
1503 1431 1588 1481 ex
1650 1413 1792 1499 ejns
1840 1414 2110 1500 flagitiis
2158 1413 2471 1482 familiam
2521 1411 3125 1495 dehonestandam

525 1537 673 1587 nam
722 1521 810 1588 ait
860 1519 1212 1606 Angelicus
1260 1518 1325 1587 in
1378 1538 1449 1587 re
1497 1520 1742 1601 simili,
1792 1522 2034 1588 malam
2081 1532 2334 1608 optatur
2371 1531 2526 1589 'non
2574 1521 2639 1586 in
2685 1521 3001 1606 Quantum
3052 1532 3128 1586 est

522 1628 760 1695 malam
806 1628 997 1711 illius,
1043 1628 1149 1694 sed
1183 1627 1251 1694 in
1287 1639 1590 1713 quantum
1636 1639 1723 1695 est
1755 1628 2184 1714 impedicivum
2234 1629 2549 1695 malorum
2580 1627 2842 1694 alterius
2877 1631 2909 1676 ²
2929 1652 2950 1708 ,-
2985 1643 3126 1712 quae

523 1752 727 1823 porro
775 1733 942 1825 mala
990 1733 1096 1802 hic
1147 1732 1662 1820 praeponderare
1710 1733 2146 1803 contendunt.
2211 1733 2220 1746 ⁶

613 1839 947 1927 Quidquid
991 1841 1097 1922 sit,
1133 1859 1265 1911 non
1300 1841 1498 1910 licere
1538 1841 1639 1928 (ut
1674 1848 1904 1909 contra
1936 1840 2247 1908 Azorium
2282 1846 2462 1909 recte
2496 1838 2696 1908 docet
2730 1838 3125 1924 Roncalglia)

526 1949 719 2018 matri
768 1955 999 2034 optare
1044 1955 1329 2017 mortem
1377 1948 1561 2031 filiae,
1610 1948 1667 2016 si
1717 1949 1802 2017 ob
1851 1948 2145 2034 inopiam
2196 1947 2292 2015 vel
2347 1947 2839 2016 deformitatem
2895 1946 3123 2033 nequit

529 2056 802 2138 nubere,
850 2055 949 2122 vel
996 2054 1051 2122 si
1100 2054 1251 2122 inde
1299 2062 1510 2125 mater
1545 2074 1581 2122 a
1628 2055 1767 2123 viro
1804 2056 1974 2123 male
2014 2061 2365 2136 tractetur3
2426 2053 2580 2140 quia
2613 2053 2865 2121 malum
2904 2053 3126 2121 matris

527 2181 662 2231 non
711 2160 1178 2248 praeponderat
1222 2163 1395 2230 malo
1444 2160 1598 2232 filiae
1648 2168 1901 2248 optato.
1952 2163 2267 2230 Ceterum
2307 2160 2514 2246 (addit
2547 2160 2896 2246 Ballerini)
2937 2159 3124 2228 etiam

529 2271 610 2340 ad
679 2270 980 2358 proprias
1026 2289 1277 2356 *graves
1349 2270 1689 2339 molestias
1760 2269 2058 2340 vitandas
2117 2271 2314 2339 matri
2370 2271 2665 2357 profecto
2717 2270 2978 2352 licebit,
3028 2270 3118 2338 sin

526 2380 745 2449 minus
815 2386 1028 2448 morte
1073 2386 1186 2446 aut
1250 2379 1466 2447 mariti
1514 2386 1626 2447 aut
1674 2378 1827 2447 filiae
1901 2381 2173 2466 optare,
2221 2379 2459 2470 saltem
2504 2377 2888 2447 desiderare
2972 2384 3038 2446 et
3089 2395 3122 2444 a

526 2489 668 2556 Deo
717 2504 987 2574 quoque
1061 2495 1308 2573 petere,
1359 2493 1429 2553 ut
1477 2486 2083 2572 quomodocunque
2146 2487 2205 2556 ei
2256 2486 2527 2572 placeat,
2577 2494 2790 2558 semet
2847 2486 2942 2554 ab
3006 2484 3122 2552 illis

528 2594 847 2681 angustiis
893 2592 1147 2681 eripiat.
2123 2663 2130 2670 ,

608 2719 877 2782 Praestat
921 2719 1023 2781 bic
1068 2727 1198 2781 tres
1242 2707 1709 2797 propositiones
1755 2717 2002 2780 referre
2046 2717 2123 2779 ab
2153 2717 2531 2782 Innocentio
2578 2716 2682 2791 xl,
2710 2717 2831 2780 sub
2873 2733 2987 2779 nn.
3031 2714 3118 2790 13,

530 2799 607 2862 14
649 2807 714 2861 et
758 2800 835 2862 15
876 2798 1247 2888 damnatas:
1284 2799 1355 2861 .1“ι
1402 2796 1473 2859 Si
1512 2814 1654 2888 curn
1697 2797 1907 2862 debita
1950 2800 2371 2863 moderatione
2414 2797 2642 2878 facias,
2674 2805 2846 2877 potes
2887 2795 3121 2888 absque

522 2885 776 2961 peccato
829 2879 1088 2942 mortali
1128 2879 1202 2941 de
1251 2880 1386 2942 vita
1426 2878 1709 2954 alicujus
1762 2879 2064 2955 tristari,
2121 2886 2183 2942 et
2225 2880 2296 2941 de
2339 2879 2530 2942 ‘illius
2585 2885 2783 2941 morte
2824 2877 3118 2940 naturali

526 2961 799 3042 paudere
822 2981 849 3033 ‚·
907 2961 1085 3023 illam
1127 2959 1433 3040 inefficaci
1504 2958 1739 3038 affectu
1777 2967 1978 3038 petere
2021 2968 2084 3023 et
2121 2960 2514 3034 desiderare,
2551 2976 2677 3021 non
2739 2959 2993 3039 quidem
3046 2974 3124 3022 ew

529 3040 931 3119 displicentia
970 3038 1269 3120 perscha,
1310 3039 1413 3101 sed
1458 3037 1531 3101 ob
1574 3039 1829 3119 aliquod
1873 3041 2211 3120 temporale
2255 3040 2754 3103 emolumentum.
2799 3070 2882 3085 -
2915 3039 2982 3101 2³
3027 3038 3116 3100 Li·

531 3122 725 3184 citum
767 3129 863 3184 est
897 3120 1194 3185 absoluto
1220 3119 1528 3184 desiderio
1557 3135 1780 3197 capere
1803 3128 2057 3184 mortem
2086 3122 2320 3201 patris,
2341 3138 2465 3184 non
2495 3121 2740 3200 quidem
2773 3125 2851 3182 ut
2894 3118 3120 3182 malum

532 3203 775 3344 {gna-⁹
816 3203 921 3265 sed
963 3209 1037 3264 ut
1080 3200 1303 3294 bonurn
1345 3200 1679 3291 cupientis,
1717 3201 1875 3280 quia
1917 3202 2219 3264 nimirum
2259 3199 2707 3293 cio-boantum
2748 3208 2845 3292 est
2864 3198 3116 3288 pinquis

627 3281 1071 3374 reditas—3⁸
1115 3281 1388 3344 Leo-itum
1428 3287 1531 3375 est
1563 3279 1693 3358 filio
1734 3281 2005 3374 paudere
2046 3282 2510 3426 ᾷῗιιᾶαννιοιάιο
2538 3287 2826 3373 parentis
2870 3298 2914 3344 a
2957 3297 3020 3343 se
3060 3296 3119 3341 m

531 3362 834 3426 ebrietate
861 3370 1115 3442 patrato
1136 3369 1396 3442 propter
1428 3369 1708 3441 inqentes
1752 3361 2019 3425 divitias
2058 3382 2079 3424 ι
2223 3362 2306 3428 ab
2343 3361 2713 3425 hoeredttate
2745 3367 3119 3424 consecutas.

533 3443 684 3518 Quae
731 3445 1204 3523 propositiones
1271 3443 1500 3504 merito
1563 3442 1941 3521 proscriptae
1984 3452 2172 3521 sunt,
2225 3444 2370 3523 quia
2425 3442 2573 3505 vitae
2630 3441 2905 3522 proximi
2971 3440 3117 3504 indi·

534 3526 960 3588 scriminatiru
1004 3531 1296 3585 nostrum
1354 3521 1709 3601 temporale
1783 3522 2019 3586 bonum
2080 3523 2469 3603 praeferunt3
2542 3522 2709 3602 quod
2755 3532 2858 3585 est
2900 3529 3117 3584 contra

534 3605 833 3667 ordinem
878 3603 1232 3665 charitatis.
1275 3602 1411 3666 Non
1459 3610 1675 3666 tamen
1721 3603 2124 3667 damnandus
2166 3606 2274 3684 qui
2339 3603 2652 3684 gauderet
2709 3602 2790 3665 de
2845 3603 3117 3674 effectu,

533 3701 593 3747 V.
635 3703 692 3765 g.
739 3685 818 3747 de
863 3684 1242 3747 haereditate
1286 3683 1545 3746 obtenta
1593 3699 1672 3747 ex
1719 3694 1924 3747 morte
1968 3684 2275 3760 alterius,
2318 3684 2508 3747 modo
2557 3700 2682 3746 non
2724 3682 3002 3764 gaudeat
3045 3681 3118 3744 de

538 3781 724 3829 causa
769 3781 883 3828 seu
928 3764 1007 3828 de
1050 3773 1257 3828 morte
1301 3764 1435 3843 ipsa
1460 3783 1480 3839 ;
1524 3762 1679 3827 licet
1721 3766 1987 3827 materia
2034 3766 2118 3829 sit
2151 3763 2509 3845 periculosa
2555 3762 2615 3826 ⁸.

968 3991 1120 4060 Anr.
1164 3987 1273 4056 ΙΙΙ.
1321 4023 1409 4035 —-
1454 3989 1545 4054 De
1590 3987 1919 4054 charitatis
1967 3988 2182 4075 officiis
2229 3987 2297 4054 in
2335 3986 2726 4075 promimum.

625 4169 832 4240 976.
883 4174 955 4254 Q.
1008 4169 1171 4252 Quid
1213 4169 1285 4237 de
1329 4170 1660 4238 charitatis
1701 4167 1913 4258 officiis
1958 4167 2027 4234 in
2064 4164 2435 4252 proximum
2451 4168 2483 4230 9
2575 4175 2582 4188 ’

635 4278 705 4345 R.
765 4280 911 4364 Ipsa
962 4277 1106 4363 lege
1155 4276 1495 4358 charitatis
1542 4283 1849 4344 tenemur
1895 4290 2027 4341 non
2075 4271 2296 4341 solum
2334 4275 2608 4356 optare‘,
2637 4277 2732 4344 ,ut
2784 4267 3118 4355 proximus

539 4385 729 4455 bene·
758 4387 863 4470 sit,
911 4385 1030 4456 sed
1078 4385 1277 4455 etiam
1324 4403 1555 4455 curare
1603 4390 1927 4472 quantum
1974 4382 2041 4450 in
2089 4379 2282 4450 nobis
2332 4386 2454 4462 est,
2505 4384 2577 4447 ut
2632 4394 2898 4464 semper
2955 4375 3114 4443 bene

601 4559 625 4600 ¹
660 4559 772 4612 Gal.
806 4571 857 4612 v.
885 4586 948 4599 —
988 4562 1045 4612 V.
1079 4560 1313 4623 tagum-i,
1349 4559 1438 4625 Op.
1474 4560 1631 4622 Mor„
1670 4559 1706 4611 l.
1742 4571 1806 4620 m
1835 4570 1888 4610 n.
1918 4558 2002 4609 30.

600 4622 626 4664 ²
658 4623 718 4673 ln
749 4624 780 4674 3
810 4623 945 4675 sent.
979 4620 1032 4673 d.
1067 4624 1115 4684 3,
1150 4634 1203 4686 q.
1240 4626 1284 4676 1.
1318 4648 1382 4660 -
1425 4623 1477 4674 V.
1512 4619 1746 4685 Lignorl,
1780 4621 1869 4684 Op.
1908 4619 2064 4682 Mon,
2097 4618 2132 4670 1.
2167 4630 2225 4679 u,
2259 4628 2314 4668 n.
2348 4619 2452 4679 30;
2483 4615 2534 4670 et
2567 4615 2602 4665 ι.
2636 4625 2696 4677 v,
2732 4625 2783 4665 u.
2815 4616 2891 4666 2¹.

605 4687 627 4726 ⁸
666 4686 723 4736 V.
759 4684 871 4736 Lib.
906 4695 924 4736 1
958 4695 1079 4748 quae
1111 4684 1502 4770 disputavimus
1534 4696 1588 4736 n.
1622 4686 1739 4738 ¹752.
1771 4707 1838 4724 --
1865 4682 2099 4744 Lignorl,
2134 4680 2271 4745 opus
2302 4680 2460 4741 Mor„
2495 4679 2528 4730 l.
2561 4688 2615 4740 v,
2649 4688 2704 4728 n.
2740 4680 2820 4730 21.
