3292 5167
473 222 607 288 450
1167 242 1282 286 me.
1329 242 1394 286 ιι.
1443 226 1658 288 ruric-r.
1705 236 1810 286 vu.
1858 242 2015 288 nise.
2064 242 2107 287 ι.
2155 241 2289 287 ω.
2338 242 2380 286 ι.

841 528 916 593 N.
964 526 1013 593 Ι.
1065 561 1141 573 --
1183 528 1285 598 De
1327 523 1667 591 mandante
1709 544 1818 591 seu
1852 524 2122 610 jubente,
2177 524 2253 590 ai:
2296 483 2663 591 consulente.

547 814 763 877 m.
814 815 887 893 Q.
941 814 999 880 1.
1052 814 1205 894 Quis
1250 812 1621 899 intelligitur
1662 813 1913 880 nomine
1956 812 2318 879 mandantis
2360 833 2468 880 seu
2499 814 2822 900 jubentis?

545 921 618 988 R.
667 918 1034 986 Mandantis
1080 915 1537 1003 seu’J‘ubentis
1586 920 1855 987 nomine
1902 937 2055 987 eum
2104 919 2534 1006 intelligimus
2563 973 2579 1000 ‚
2628 920 2737 1006 qai
2780 921 3063 987 alterum

456 1027 738 1109 inducit,
805 1039 873 1092 ut
938 1046 1050 1093 sao
1117 1027 1366 1093 nomine
1418 1026 1722 1093 dammam
1768 1024 1999 1113 inserat
2039 1028 2378 1113 prooeimo:
2427 1027 2781 1113 dupliciter
2826 1035 3060 1113 potest

457 1133 791 1214 inducere,
840 1151 1153 1218 expresse
1201 1133 1300 1201 vel
1352 1132 1566 1202 tacite.
1600 1137 1931 1220 Expresse,
1984 1132 2154 1201 idest
2186 1135 2412 1215 verba,
2464 1134 2735 1219 scripto,
2775 1134 3065 1215 nunti03

456 1242 672 1322 tacite,
721 1240 891 1307 idest
939 1248 1123 1322 nutu,
1172 1239 1362 1324 signo
1412 1239 1511 1307 vel
1561 1239 1785 1327 aliquo
1833 1240 2043 1308 facto:
2095 1240 2187 1306 uti
2239 1241 2291 1307 si
2346 1248 2535 1326 pater
2584 1241 2683 1308 vel
2735 1241 3054 1308 dominus

457 1346 595 1416 filio
645 1348 739 1416 vel
790 1346 979 1415 serv'o
1027 1347 1352 1433 significet
1394 1347 1518 1416 sibi
1571 1356 1821 1434 gratam
1888 1348 2027 1418 sore
2068 1348 2244 1416 illius
2282 1367 2584 1435 personae
2620 1348 3054 1433 occisionem,

460 1463 572 1521 aut
620 1471 773 1522 cum
821 1453 1054 1522 iisdem
1102 1463 1569 1540 conqueratur,
1623 1455 1804 1540 quod
1855 1473 2049 1523 nemo
2098 1455 2405 1542 injuriam
2453 1455 2577 1524 sibi
2616 1456 2849 1524 factam
2883 1456 3049 1525 ulci-

457 1570 700 1629 scatur.
751 1562 859 1629 Sic
908 1561 1105 1630 refert
1153 1561 1434 1629 historia
1483 1561 1843 1647 contigisse
1891 1569 2174 1631 mortem
2215 1581 2264 1629 s.
2304 1562 2574 1632 Thomae
2611 1565 3050 1632 cantuarien-

457 1669 550 1736 sis
598 1669 724 1737 sub
775 1669 1058 1738 Henrico
1107 1669 1164 1735 ΙΙ
1211 1668 1463 1754 Angliae
1506 1687 1681 1753 rege,
1723 1653 1834 1755 qu'i
1870 1687 2022 1737 cum
2062 1669 2200 1737 suis
2234 1669 2482 1756 saepius
2517 1672 3055 1755 conquerebatur

457 1794 532 1845 se
603 1795 756 1844 cum
810 1796 943 1844 uno
993 1773 1177 1861 regni
1225 1777 1327 1845 sui
1376 1772 1725 1845 sacerdote
1775 1793 2003 1861 pacem
2046 1776 2289 1845 habere
2337 1795 2472 1845 non
2522 1795 2722 1862 posse
2772 1780 2819 1845 ¹.
2874 1780 3043 1847 Item

452 1884 508 1953 si
543 1885 691 1970 quis
741 1893 1004 1969 paratus
1053 1886 1143 1952 sit
1170 1891 1285 1952 tuo
1325 1884 1591 1953 nomine
1623 1885 1937 1952 damnum
1970 1883 2234 1965 inferre,
2283 1893 2348 1952 et
2383 1893 2452 1952 tu
2494 1903 2650 1954 cum
2693 1886 3043 1955 commode

453 1992 679 2079 possis
725 1990 1065 2074 impedire,
1117 2011 1247 2060 non
1304 1990 1623 2076 impedis‚·
1671 1991 1959 2060 censeris
2009 1990 2211 2059 tacite
2256 1990 2585 2059 mandare.

540 2096 873 2181 Mandan8‚
923 2116 1034 2164 seu
1077 2098 1202 2180 ille,
1249 2099 1357 2183 qai
1390 2100 1591 2184 jabet,
1637 2109 1724 2165 est
1766 2096 2204 2183 principaliter
2246 2117 2516 2181 macene,
2564 2096 2783 2183 inquit
2825 2100 3037 2181 Ange-

448 2205 638 2288 licuS‚
677 2205 840 2289 ande
882 2207 1013 2292 ipse
1048 2205 1487 2292 principaliter
1536 2216 1776 2273 tenetur
1808 2205 1894 2270 ad
1936 2205 2381 2272 restituendum
2428 2202 2495 2287 ’ς
2552 2206 2664 2292 qui
2713 2206 2893 2274 euim
2944 2205 3044 2273 sa-

451 2310 541 2380 cit
595 2330 713 2397 per
758 2310 980 2394 alium,
1018 2330 1137 2397 per
1185 2330 1257 2380 se
1289 2311 1503 2380 facere
1536 2313 2197 2381 censetur.-Tenetur
2241 2312 2440 2379 etiam
2471 2328 2777 2398 reparare
2823 2312 3045 2381 omnia

449 2418 705 2500 damna,
784 2434 934 2504 quae
990 2438 1071 2487 ex
1141 2418 1428 2487 mandati
1498 2418 1604 2487 sui
1670 2418 2062 2487 executione
2131 2428 2524 2504 sequuntur,
2614 2419 2668 2487 si
2718 2420 2891 2487 actio
2925 2420 3046 2489 im·

451 2534 675 2611 perata
706 2525 789 2594 de
836 2545 908 2594 se
942 2525 1313 2612 periculosa
1347 2524 1466 2606 sit;
1502 2543 1634 2611 quo
1684 2543 1887 2593 sensu
1920 2524 2243 2612 accipitur
2286 2524 2451 2592 illud
2496 2526 2794 2595 canonici
2827 2529 3041 2596 Juris:

447 2637 514 2701 Is
542 2636 651 2719 qai
693 2633 952 2701 mandat
980 2635 1252 2719 aliquem
1281 2634 1615 2716 verberari,
1650 2634 1787 2700 licet
1816 2653 2105 2720 expresse
2137 2634 2429 2715 inhibeat,
2460 2654 2538 2701 ne
2582 2635 2903 2702 occidatur
2945 2638 3046 2702 ul-

449 2741 710 2824 lamne,
743 2741 839 2808 vel
867 2742 1137 2808 membro
1168 2741 1381 2826 aliquo
1426 2734 1763 2824 hmtiletar,
1797 2741 2173 2825 irregularis
2203 2742 2485 2828 efficitar‚·
2517 2742 2574 2809 si
2602 2742 3046 2810 mndatarius

445 2849 600 2934 fines
656 2848 943 2916 mandati
986 2849 1316 2929 excedens,
1378 2849 1613 2915 mutilet
1662 2849 1759 2914 vel
1810 2847 2088 2939 occidam
2136 2868 2277 2915 cum
2324 2849 2684 2916 mandando
2744 2850 2813 2917 in
2856 2852 3046 2936 culpa

444 2956 676 3040 fuerin·
718 2966 776 3022 et
819 2957 930 3023 hoc
976 2956 1218 3023 evenire
1258 2976 1437 3042 posse
1473 2955 1747 3022 debuerit
1792 2958 2067 3041 coqitare
2114 2954 2169 3023 ⁸.
2219 2957 2541 3025 Similiter
2574 2958 2629 3026 si
2681 2959 2831 3042 quis
2881 2958 3043 3043 cajo

367 3138 374 3143 ⁴
447 3062 887 3145 mandaveris,
935 3069 1009 3131 ut
1042 3070 1244 3132 noctu
1293 3061 1702 3147 ingrediatur
1733 3061 2006 3131 domum
2041 3062 2194 3132 Titii
2240 3063 2322 3131 ad
2355 3063 2725 3147 furandum,
2775 3065 2830 3132 si
2879 3063 3042 3132 dum

450 3169 645 3255 Cajus
691 3170 981 3251 furatur,
1030 3168 1278 3254 aliquid
1345 3169 1584 3253 frangit
1631 3168 1832 3236 etiam
1889 3169 2206 3252 fortuito,
2267 3176 2538 3240 tenetur
2593 3170 2910 3239 mandans
2955 3169 3042 3237 ad

450 3275 938 3344 restitutionem
998 3294 1269 3362 quoque
1317 3277 1496 3363 ejus;
1552 3277 1705 3362 quia
1753 3282 2015 3364 poterat
2063 3285 2128 3345 et
2188 3275 2475 3346 debebat
2545 3260 2911 3364 pr'aevidere
2968 3278 3037 3346 in

449 3383 749 3452 tenebris
799 3384 866 3451 id
912 3382 994 3452 de
1042 3383 1212 3452 facili
1263 3383 1670 3469 contingere.

535 3490 835 3559 Diximus
887 3500 1139 3559 tamen:
1187 3492 1244 3558 si
1286 3493 1450 3558 actio
1483 3493 1791 3577 imperata
1835 3489 1908 3556 de
1951 3511 2016 3557 se
2057 3491 2411 3577 periculosa
2461 3493 2578 3570 sit;
2622 3490 2814 3559 aliter
2857 3500 3039 3561 esset

397 3620 408 3627 -
447 3596 530 3667 de
578 3596 834 3666 damnis
884 3618 1033 3684 quae
1087 3600 1260 3668 ultro
1294 3598 1585 3667 causavit
1631 3604 1952 3665 executor
1989 3598 2278 3665 mandati
2326 3598 2569 3667 limites
2616 3598 3033 3668 excedendo:

446 3711 606 3773 tunc
653 3724 967 3775 excessus
1015 3707 1124 3774 ille
1173 3725 1304 3775 non
1352 3726 1434 3775 ex
1481 3703 1772 3774 efficacia
1822 3704 2148 3789 mandati,
2211 3704 2330 3773 sed
2377 3723 2457 3773 ex
2506 3707 2647 3773 sola
2694 3706 3035 3776 voluntate

447 3810 834 3880 mandatarii
883 3813 1064 3893 ssuit;
1112 3830 1186 3880 ac
1234 3811 1512 3898 proinde
1563 3811 1687 3897 ipsi
1739 3812 1933 3879 unice
1982 3810 2376 3880 tribuendus
2425 3820 2549 3881 est.

504 4057 528 4099 ¹
569 4081 588 4102 ·
624 4058 679 4110 L’
705 4059 1003 4122 impetuoso
1034 4058 1229 4111 Enrico
1263 4057 1403 4110 disse
1437 4059 1540 4109 alla
1573 4070 1826 4122 presenza
1868 4058 2008 4115 della
2048 4061 2222 4121 Corte,
2257 4063 2354 4113 cue
2388 4061 2659 4111 malediva
2690 4060 2811 4113 tutti
2845 4061 3033 4114 coloro

443 4122 541 4173 elie
571 4132 739 4172 aveva
770 4125 995 4173 onerato
1027 4120 1166 4173 della
1195 4134 1296 4173 sua
1330 4122 1572 4172 amicizia
1603 4132 1634 4172 e
1664 4122 1943 4173 ricotmato
1973 4122 2026 4173 dt
2063 4122 2206 4184 beni,
2255 4123 2538 4185 posciacue
2568 4135 2806 4174 nessuno
2838 4122 2892 4173 dl
2926 4128 3033 4176 essi

442 4194 611 4232 πονε
646 4184 682 4233 il
711 4194 836 4233 cora
872 4185 957 4254 gio
989 4183 1041 4234 di
1075 4183 1380 4234 vendicarlo
1412 4183 1480 4233 da
1509 4194 1579 4234 un
1612 4183 1886 4235 sacerdote
1919 4183 2017 4236 che
2049 4182 2361 4236 disturbavi,
2394 4185 2429 4236 il
2463 4198 2490 4236 r
2593 4199 2646 4246 o,
2680 4197 2711 4236 e
2742 4185 2812 4237 da
2840 4187 3035 4238 cuiri·

444 4255 640 4295 eeveva
670 4245 803 4295 tanti
875 4247 1078 4307 isgusti.
1113 4245 1261 4297 Udite
1332 4249 1480 4297 ueste
1513 4247 1712 4307 parole,
1745 4247 1959 4308 quattro
1989 4247 2379 4308 gentiluomlni‚
2416 4251 2530 4307 Gug
2553 4248 2714 4299 'elmo
2746 4248 2799 4299 di
2835 4247 3029 4311 Tracy,

445 4307 554 4367 ugo
587 4304 640 4355 di
671 4306 925 4366 morvilla,
961 4308 1219 4359 Riccardo
1255 4309 1289 4357 il
1362 4309 1544 4358 retone
1574 4319 1604 4357 e
1639 4306 1866 4359 Riualdo
1921 4310 2258 4368 Fitz-Ottone,
2294 4309 2604 4361 formai-ono
2653 4308 2872 4362 l’orribil
2903 4322 3032 4362 con-

441 4370 594 4431 giura
624 4367 677 4418 di
710 4369 947 4420 trucidar
975 4366 1388 4422 l'Arcivescovo.
1427 4390 1446 4413 ·
1484 4371 1562 4421 tta
1590 4370 1735 4420 Fasti
1767 4369 1902 4422 detta
1938 4370 2115 4423 chiesa
2146 4374 2286 4422 nella
2314 4374 2421 4423 vita
2450 4372 2531 4422 dei
2561 4372 2732 4435 Santi,
2771 4373 2808 4423 t.
2843 4384 2944 4432 ιιι,

504 4429 530 4470 ¹
561 4434 610 4490 2,
645 4433 693 4490 2,
724 4443 782 4542 Ἦ
810 4435 891 4491 62,
926 4443 974 4482 a.
1008 4435 1054 4484 7.
1087 4458 1152 4470 —
1191 4433 1246 4483 V.
1283 4432 1516 4496 Liguori‚
1551 4432 1641 4494 op.
1677 4432 1836 4495 Hor„
1871 4434 1903 4483 Ι.
1940 4445 2017 4496 ιιι,
2050 4444 2142 4484 nn.
2176 4437 2272 4486 ⁸58
2303 4436 2357 4486 et
2386 4445 2533 4498 seqq.
2806 4494 2817 4506 ·
2863 4494 2874 4506 ,

504 4493 528 4533 ⁸
562 4492 704 4543 Sext.
783 4505 908 4555 eor..
942 4494 978 4544 l.
1011 4505 1065 4553 v,
1100 4495 1134 4544 t.
1171 4506 1226 4545 iv
1280 4495 1340 4544 de
1371 4495 1573 4554 honio„
1606 4506 1655 4547 c.
1687 4494 1783 4546 ult„
1815 4520 1882 4534 -
1914 4494 1974 4544 V.
1994 4494 2132 4546 -Cod.
2159 4508 2319 4558 pam„
2360 4499 2460 4547 art.
2498 4498 2603 4549 102.
2645 4516 2663 4539 ι
2701 4497 2826 4548 Cosl
2860 4495 2896 4545 u
2934 4506 3031 4558 pa·

375 4582 406 4621 4
442 4555 611 4608 drone
640 4555 738 4605 che
771 4554 841 4605 ha
872 4554 1119 4607 ordinato
1152 4556 1202 4605 al
1233 4567 1334 4607 suo
1365 4559 1637 4617 servitore,
1681 4556 1832 4609 ch’el
1882 4568 2111 4608 conosce
2142 4571 2238 4621 per
2269 4570 2342 4609 un
2374 4568 2538 4608 uomo
2570 4558 2805 4610 violento
2836 4569 2869 4609 e
2898 4553 3031 4609 hru-

441 4619 566 4678 tale‚
601 4616 655 4667 di
690 4616 890 4669 battere
920 4616 1208 4680 qualcuno,
1258 4621 1287 4669 e
1324 4618 1507 4670 tenuta
1535 4630 1630 4682 per
1662 4620 1712 4668 la
1743 4621 1916 4671 morte
1946 4618 2087 4671 della
2140 4630 2369 4683 persona
2409 4631 2677 4683 porcessa,
2727 4631 2787 4672 ze
2836 4623 3033 4684 questo

441 4681 700 4733 servitore
732 4678 802 4742 gu
834 4678 903 4729 da
935 4691 1008 4731 un
1040 4682 1195 4743 colpo
1229 4682 1466 4732 mortale.
1499 4700 1520 4721 ·
1562 4681 1790 4733 Gom.
