3292 5167
1022 228 1101 278 ott
1148 226 1589 278 auerti-urtone
1637 229 1702 276 m
1749 228 1957 279 specle.
2673 213 2795 280 481

199 332 528 402 videatur.
578 337 717 403 Hoc
770 351 1009 421 nempe
1061 334 1493 404 homicidium
1543 343 1644 404 est
1695 352 1890 404 causa
1940 334 2378 404 occasionalis
2429 335 2806 423 imputatio·

203 441 357 523 nis;
408 461 539 512 non
588 459 744 512 vero
779 442 1073 512 efficiens
1109 461 1305 512 causa
1341 426 1685 526 damni,'in
1737 460 1870 530 quo
1906 442 2208 532 proxime
2257 452 2323 514 et
2370 443 2622 515 directe
2671 465 2806 515 non

202 548 444 617 influit.

297 655 489 736 Quod
536 655 719 724 siah
768 656 1097 724 homicida
1163 656 1310 724 talis
1382 674 1572 725 error
1642 677 1773 727 non
1855 658 2073 726 solum
2149 658 2611 745 praevideatur,
2688 657 2808 728 sed

202 763 402 831 etiam
454 762 850 845 intendatur,
924 770 1083 832 tunc
1133 764 1318 849 Lugo
1369 764 1648 832 affirmat
1698 765 1933 834 adesse
1981 765 2463 850 obligationem
2538 766 2808 835 restitu-

202 869 406 939 tionis
457 870 519 939 in
563 870 933 953 homicida3
981 870 1133 956 quia
1184 870 1338 940 licet
1386 872 1531 958 ejus
1580 872 1754 941 actio
1803 873 1892 941 sit
1960 890 2157 941 causa
2205 881 2458 942 remota
2509 874 2807 959 imputa-

203 976 429 1059 tionis,
474 977 617 1064 ejus
647 970 884 1045 'tamen
938 994 1132 1063 prava
1180 977 1467 1046 intentio
1522 978 1803 1046 nocendi
1859 979 2076 1063 efficit,
2129 985 2199 1047 ut
2261 978 2346 1047 sit
2422 998 2619 1048 causa
2669 982 2853 1048 mo-“

205 1084 381 1153 ralis.
460 1087 703 1155 Verum
746 1084 1158 1171 probabilius
1195 1091 1507 1171 putamus
1542 1104 1691 1154 cum
1733 1087 1951 1169 Croix,
1988 1086 2241 1167 Lessio,
2293 1087 2607 1168 Sanchez‚
2658 1094 2806 1169 etc„

201 1193 404 1261 etiam
451 1193 516 1260 in
564 1194 692 1262 hoc
735 1212 892 1261 casu
943 1192 1344 1261 homicidam
1396 1194 1571 1261 nulla
1621 1194 2075 1263 restitutionis
2111 1195 2520 1281 obligatione
2556 1194 2805 1276 teneri;

203 1319 354 1369 nam
405 1302 935 1387 quotiescunque
985 1302 1156 1370 actio
1207 1319 1286 1369 ex
1337 1320 1428 1384 se,
1480 1302 1577 1370 vel
1620 1322 1700 1370 ex
1740 1302 1878 1371 suis
1920 1300 2440 1371 circumstantiis
2495 1322 2625 1371 uon
2655 1319 2809 1371 cau-

201 1416 303 1475 sat
353 1409 653 1494 proxime
700 1415 766 1478 et
813 1406 1194 1476 immediate
1265 1406 1803 1492 imputationem,
1877 1410 2158 1476 intentio
2211 1427 2405 1495 prava
2446 1410 2634 1496 juxta
2683 1407 2807 1476 do-

201 1518 484 1586 ctrinam
530 1516 1057 1587 communiorem
1106 1534 1241 1584 non
1295 1516 1517 1597 efficit,
1572 1523 1645 1583 ut
1694 1516 1780 1584 sit
1818 1516 2142 1603 injustum
2190 1516 2351 1585 illud
2401 1536 2592 1603 opus,
2627 1516 2810 1604 quod

198 1624 280 1691 de
332 1642 405 1692 se
453 1632 727 1693 externe
776 1632 841 1693 et
891 1623 1178 1710 graviter
1228 1640 1358 1690 non
1413 1630 1517 1690 est
1567 1622 1891 1709 injustum
1927 1632 2253 1711 respectu
2306 1624 2503 1693 tertii.
2551 1628 2802 1710 Nempe

199 1733 551 1818 imputatio
611 1731 946 1801 homicidii
997 1732 1060 1798 in
1113 1731 1313 1801 talem
1387 1748 1739 1816 personam
1819 1749 1952 1799 non
2028 1733 2404 1802 necessario
2477 1734 2805 1820 sequitur.

198 1838 365 1907 adeo
415 1845 487 1906 ut
535 1837 864 1906 homicida
928 1855 1076 1908 esse
1113 1856 1244 1905 non
1297 1836 1508 1923 possit
1543 1856 1830 1924 persona
1882 1840 2039 1921 alia3
2091 1839 2199 1906 illa
2249 1857 2406 1925 ergo
2447 1840 2803 1926 imputatio

197 1964 354 2015 cum
401 1946 511 2015 tali
563 1945 921 2014 homicidio
975 1951 1232 2031 patrato
1286 1944 1549 2013 nonnisi
1602 1953 1861 2015 remote
1910 1955 1974 2015 et
2024 1966 2146 2035 per
2207 1946 2513 2017 accidens
2571 1949 2800 2035 jungi-

199 2058 328 2120 tur.
380 2056 549 2122 Sane
598 2060 736 2122 tota
785 2053 1136 2140 imputatio
1187 2051 1430 2138 pendet
1503 2070 1585 2121 ex
1629 2052 1885 2140 J'udicio
1935 2055 2217 2124 aliorum
2270 2056 2662 2142 putantium,
2713 2056 2804 2125 ob

200 2161 604 2230 extrinsecas
642 2179 717 2231 ac
764 2161 996 2229 labiles
1045 2160 1485 2246 conjecturas,
1530 2160 1750 2248 ipsum
1798 2163 2003 2232 fuisse
2033 2162 2433 2232 homicidam
2458 2163 2700 2244 3-unde
2749 2161 2804 2232 si

200 2267 516 2335 damnum
563 2267 798 2350 evenit,
850 2275 952 2336 est
1000 2274 1256 2334 remote
1305 2274 1372 2334 et
1423 2285 1540 2353 per
1567 2268 1898 2337 accidens.
1949 2270 2194 2357 Excipe
2240 2269 2294 2337 si
2340 2269 2488 2338 ideo
2528 2270 2805 2357 praecise

201 2375 451 2460 aliquid
498 2375 641 2462 ipse
681 2375 891 2457 faciat,
944 2372 1117 2442 unde
1167 2373 1275 2440 alii
1313 2374 1707 2443 naturaliter
1755 2375 1821 2443 id
1855 2376 2198 2462 colligant:
2247 2396 2302 2443 v.
2363 2395 2445 2463 g.,
2496 2377 2549 2445 si
2602 2378 2804 2445 vesti-

206 2482 332 2550 bus
386 2481 657 2550 alterius
707 2480 979 2549 indutus
1030 2478 1316 2549 occidas,

281 2624 507 2686 Dices:
553 2626 724 2687 sicut
762 2626 821 2686 ei
863 2624 1006 2703 quis
1050 2621 1331 2684 occidens
1375 2619 1701 2698 hominem,
1738 2629 1813 2685 ut
1853 2630 2077 2686 noceat
2114 2622 2456 2704 fratribus,
2490 2632 2609 2687 aut
2631 2626 2804 2702 aliia,

200 2703 434 2785 quibus
478 2703 651 2767 bomo
693 2704 798 2767 ille
845 2701 1305 2783 benefaciebat,
1347 2702 1493 2765 licet
1531 2720 1611 2767 ex
1656 2701 2066 2781 liberalitate,
2095 2708 2200 2770 sed
2241 2707 2373 2768 ideo
2416 2711 2490 2767 ut
2515 2722 2636 2767 non
2666 2724 2793 2769 am·

197 2785 374 2865 plina
422 2784 793 2865 benefaciat,
837 2791 1083 2848 tenetur
1127 2784 1214 2845 eis
1257 2782 1553 2845 damnum
1596 2785 1929 2848 restituere
1950 2806 1977 2858 ;
2021 2787 2114 2848 sic
2156 2788 2345 2849 etiam
2392 2792 2640 2849 tenetur
2676 2784 2789 2867 qui

211 2867 415 2929 alium
456 2866 699 2940 occidit,
744 2873 819 2927 nt
859 2865 1050 2929 alteri
1093 2861 1495 2926 homicidium
1537 2865 1621 2926 im
1666 2872 1906 2927 utetur.

282 2947 355 3009 R.
398 2946 591 3010 Casus
632 2945 890 3009 differt:
937 2961 1083 3008 nam
1129 2944 1215 3007 ibi
1262 2942 1562 3008 damnum
1639 2956 1881 3007 ratrum
1926 2954 2033 3008 aut
2077 2946 2349 3008 aliorum
2407 2961 2519 3024 per
2565 2962 2631 3007 se
2676 2962 2782 3008 ne-

200 3030 483 3090 cessario
525 3036 590 3090 et
634 3028 922 3106 proxime
965 3036 1061 3087 est
1105 3024 1519 3103 conjunctum
1563 3041 1706 3088 cum
1767 3034 1973 3088 morte
2042 3025 2489 3088 benefactoris.
2554 3026 2631 3087 At
2696 3027 2799 3088 hic

203 3107 512 3170 damnum
555 3107 696 3186 eJus
737 3111 838 3169 cui
886 3108 1238 3185 imputatur
1285 3104 1703 3168 homicidium
1732 3152 1749 3182 ,
1797 3121 1923 3171 non
1989 3115 2085 3167 est
2140 3108 2504 3170 necessario
2562 3116 2629 3167 et
2695 3108 2803 3168 im·

203 3188 483 3251 mediate
539 3188 953 3266 conjunctum
998 3202 1143 3249 cum
1189 3195 1395 3247 morte
1458 3190 1697 3261 occisi,
1742 3186 1848 3247 sed
1898 3196 2138 3248 remote
2184 3197 2248 3249 et
2334 3204 2404 3249 er
2451 3186 2793 3263 accidens;

200 3283 346 3331 cum
395 3269 650 3348 proprie
703 3266 977 3347 pendeat
1038 3282 1119 3328 ex
1177 3263 1423 3345 judicio
1487 3264 1761 3328 aliorum
1828 3268 2192 3359 putantium
2256 3285 2292 3328 o
2400 3268 2802 3331 extrinsecas

201 3350 610 3429 conjecturas
635 3395 652 3423 ,
691 3351 895 3428 ipsum
932 3347 1132 3410 luisse
1166 3345 1570 3408 homicidam.
1607 3344 1792 3409 Unde
1830 3362 1895 3408 in
1932 3347 2049 3409 hoc
2073 3362 2225 3411 casu
2256 3346 2672 3411 homicidium
2702 3357 2800 3411 est

204 3438 455 3571 tandum
485 3430 733 3549 occasio
769 3428 1253 3507 imputationis;
1288 3441 1414 3489 non
1446 3435 1661 3490 autem
1700 3442 1908 3504 eausa,
1932 3429 2077 3507 quia
2116 3445 2243 3491 non
2278 3428 2489 3491 influit
2513 3431 2803 3507 proxime

200 3519 269 3574 et
361 3513 562 3572 irecte
633 3556 646 3571 .

284 3588 495 3651 ¹20².
541 3587 607 3663 Q.
654 3588 710 3650 7.
754 3589 855 3652 An
903 3588 1095 3651 liceat
1134 3587 1408 3651 occidere
1451 3586 1842 3667 facinorosos
1888 3584 2039 3651 bono
2080 3587 2329 3668 publico
2370 3588 2645 3651 nomios?

283 3670 355 3732 R.
403 3670 558 3733 Erat
617 3667 1054 3731 Waldensium
1100 3666 1413 3745 doctrina,
1469 3667 1841 3747 reipublicae
1907 3685 2033 3732 non
2099 3672 2293 3734 licere
2353 3668 2800 3732 malefactores

200 3750 538 3813 occidere:
584 3749 752 3811 hanc
797 3748 1092 3812 moderni
1139 3748 1458 3823 nonnulli,
1501 3749 1663 3812 duce
1707 3747 2023 3826 Beccaria,
2067 3752 2264 3815 secuti
2312 3759 2483 3826 sunt,
2533 3752 2640 3830 qui
2678 3748 2794 3810 sub

201 3832 481 3894 mentito
527 3829 989 3911 philantropiae
1035 3837 1370 3907 praetextu,
1413 3828 1748 3892 clamitant
1790 3832 2016 3894 mortis
2062 3846 2313 3910 poenam
2370 3830 2541 3892 bono
2598 3831 2796 3891 socie·

201 3914 355 3976 tatis
402 3927 528 3973 non
566 3927 705 3973 esse
753 3909 1217 3984 necessariam,
1263 3910 1390 3972 imo
1438 3911 1720 3990 iniquam
1765 3926 1927 3972 esse.

282 3992 520 4054 Verum
574 3991 869 4053 homines
927 3989 1323 4051 facinorosos
1383 3989 1636 4068 publica
1702 3992 2081 4053 auctoritate
2141 3988 2438 4053 occidere
2504 3988 2600 4050 fas
2661 4001 2804 4049 esse

200 4072 762 4135 demonstramus:
803 4103 881 4116 —
928 4069 990 4151 1)
1034 4084 1114 4130 ex
1156 4071 1360 4132 veteri
1405 4069 1852 4133 Testamenta:
1900 4070 2207 4150 maleficos
2252 4087 2375 4133 non
2407 4067 2676 4148 patieris
2706 4065 2794 4130 vi·

198 4170 365 4225 vere,
413 4153 504 4215 ait
545 4150 897 4214 Dominus:
942 4151 1051 4230 qui
1095 4149 1377 4213 immolat
1419 4149 1576 4228 Diis,
1617 4150 1936 4213 occidetur
1963 4148 2132 4226 ²;.—
2155 4150 2215 4228 2)
2242 4166 2323 4211 ex
2354 4148 2684 4227 normani
2739 4148 2808 4211 in

201 4233 417 4315 qladio
458 4231 787 4310 acciderit,
832 4231 1106 4312 legimus
1152 4232 1219 4292 in
1265 4230 1689 4310 Apocalypsi,
1749 4236 1994 4309 oportet
2052 4248 2189 4293 eam
2249 4230 2460 4310 pladio
2502 4227 2803 4303 occ-idi33

200 4348 282 4360 —
325 4314 391 4392 3)
437 4329 516 4376 ex
556 4311 708 4377 Iure
752 4312 1062 4377 canonico
1090 4359 1109 4388 ,
1159 4309 1265 4375 ubi
1314 4310 1556 4374 dicitur
1602 4326 1730 4375 non
1779 4310 2224 4391 imputandum
2284 4304 2627 4378 fidelibus,
2694 4308 2802 4390 qui

203 4412 286 4457 ex
328 4394 522 4474 officio
563 4401 683 4457 aut
760 4400 1071 4456 tormenta
1123 4397 1458 4470 exercent,
1498 4397 1619 4454 aut
1679 4390 2013 4471 capitalem
2078 4391 2454 4455 sententiam
2514 4390 2735 4471 ferunt
2756 4387 2807 4452 ⁴.

267 4616 288 4656 1
333 4618 387 4665 V.
424 4616 653 4680 Lignorl,
690 4615 778 4679 Op.
814 4617 973 4677 Hor„
1006 4615 1043 4668 l.
1083 4628 1156 4679 m,
1190 4626 1247 4667 n.
1280 4616 1393 4667 636.
1897 4610 1924 4653 ²
1955 4610 2127 4664 Exod.
2160 4624 2289 4665 xxii.

266 4683 291 4720 ⁸
321 4678 453 4744 Cap.
485 4689 602 4731 xm.
1223 4674 1248 4718 ⁴
1281 4677 1449 4740 Decr„
1486 4687 1612 4741 pars
1645 4676 1723 4738 2⁸,
1759 4686 1926 4727 causa
1958 4677 2042 4737 33,
2074 4686 2130 4740 q.
2161 4676 2212 4736 ti,
2248 4687 2368 4728 can.
2402 4675 2482 4727 45.
