3292 5167
513 211 644 276 488
767 281 774 287 ,
1123 232 1238 277 un.
1286 231 1351 277 ιι.
1401 218 1612 279 walter.
1662 229 1767 277 vlt.
1817 233 1968 280 nise.
2016 234 2081 279 ιι.
2130 234 2265 281 cu».
2312 234 2352 278 ι.

514 335 747 397 animae
792 331 1238 409 redigendum,
1280 336 1572 414 quamvis
1615 349 1732 414 per
1775 334 2022 415 aliquos
2051 351 2252 398 annos
2297 335 2427 398 vita
2464 332 2723 400 brevior
2778 334 3119 410 efficiatur,

512 422 574 477 et
613 431 681 476 tn
725 412 836 474 hoc
879 428 1028 476 vera
1071 420 1165 476 est
1215 413 1658 496 Theoloqorum
1684 417 2033 486 sententia,
2076 433 2151 478 ac
2196 414 2448 497 (opera)
2495 415 2673 494 licite
2719 424 2781 477 et
2829 433 2969 478 cum
2998 432 3119 477 me-

512 495 643 556 rito
677 493 818 572 fieri
856 510 1048 572 posse,
1092 494 1489 574 u'ttloquitur
1537 494 1921 559 Benedictus
1968 495 2121 559 XIV.
2168 495 2234 558 Si
2281 498 2457 558 enim
2503 495 2550 557 li
2592 505 2657 557 et
2707 495 3121 559 fabrisferra-

514 578 604 638 ris
642 577 842 635 vitam
886 574 1007 635 sibi
1051 576 1348 638 minuere
1414 574 1764 638 laborando
1831 577 2119 655 quotidie
2180 593 2450 655 corpore
2511 592 2549 654 p
2590 591 2708 654 ope
2774 577 3032 657 ignem,
3080 593 3118 639 a

513 671 638 735 quo
683 671 812 716 non
873 662 1080 733 potest
1138 672 1264 717 non
1317 655 1690 720 notabiliter
1756 660 2119 722 consumari
2186 658 2520 722 humidum
2566 654 2727 719 illud
2788 658 3124 733 naturaie,

514 735 640 877 {luo
685 746 812 797 tam
858 735 1119 814 indiget
1165 739 1288 799 vita
1338 737 1656 798 hominis:
1700 739 1749 800 si
1798 736 1951 818 licet
1985 739 2296 820 studiosis
2341 739 2683 802 sanitatem
2750 737 2869 799 sibi
2946 736 3121 801 labe-

544 826 758 878 actare
803 815 880 877 ad
927 817 1230 879 scientias
1275 817 1743 894 addiscendas;
1789 820 1839 880 si
1872 818 2042 882 licet
2084 817 2399 881 militibus
2429 831 2753 896 exponere
2791 819 2986 880 vitam
3026 826 3124 880 tot

515 897 823 959 aerumnis
868 905 1057 974 atque
1100 898 1325 960 mortis
1367 900 1558 962 etiam
1607 898 1936 978 periculiS‚
1977 917 2093 963 cur
2138 915 2264 962 non
2328 899 2550 962 licebit
2611 898 2931 979 religiosae
2978 915 3122 978 pet·-

517 978 814 1040 l'ectionis
848 978 1693 1045 amatoribus.austeritates
1737 981 2103 1059 corporales
2135 979 2460 1060 amplecti,
2507 987 2577 1043 ut
2619 979 2934 1043 rebellem
2979 996 3117 1042 car·

516 1071 666 1120 nem
714 1059 777 1119 in
823 1059 1201 1135 servitutem
1249 1058 1544 1138 redigere
1589 1061 1904 1126 valeant?
2602 1111 2608 1118 .

561 1137 807 1216 dieque
855 1137 979 1199 dici
1027 1148 1257 1215 potest,
1304 1145 1411 1218 qui
1460 1142 1542 1203 ita
1588 1153 1809 1222 agunt,
1854 1137 2387 1220 seipsos·directe
2418 1139 2759 1202 occidere:
2804 1155 2951 1203 nam
2991 1155 3123 1202 car·

520 1221 622 1279 nis
669 1225 914 1280 tantum
963 1219 1384 1282 rebellionem
1431 1219 1678 1285 ditec‘te
1723 1230 2023 1286 coercent
2067 1229 2132 1283 et
2172 1222 2504 1283 effraenem
2556 1219 2749 1284 'illius
2814 1224 3120 1299 concupi·

518 1300 877 1374 scientiam,
920 1302 1369 1377 permittentes
1415 1302 1756 1369 indirecte.
1809 1314 1878 1366 ut
1920 1304 2005 1365 ob
2040 1303 2287 1382 justum
2330 1302 2523 1364 finem
2569 1301 2940 1388 hujusmpdi
2986 1302 3118 1363 vita

517 1395 627 1441 sua
674 1379 1139 1462 aliquantisper
1186 1382 1628 1446 imminuatur,
1674 1384 1864 1448 -Aliud
1936 1382 2225 1464 profecto
2294 1391 2393 1444 est
2465 1398 2809 1461 procurare
2873 1382 3125 1444 directe

515 1459 664 1522 vitae
713 1462 1254 1538 imminutionem,
1294 1461 1400 1523 vel
1444 1477 1716 1527 mortem
1763 1466 1883 1527 sibi
1932 1464 2206 1543 positive
2247 1462 2527 1538 inferre3
2574 1475 2637 1525 et
2698 1462 2874 1527 aliud
2941 1461 3123 1525 illam

517 1542 896 1618 permittere
941 1540 1043 1603 vel
1086 1542 1227 1621 ejus
1272 1543 1493 1606 subire
1539 1545 1901 1624 periculum
1939 1545 2019 1607 ob
2058 1544 2303 1623 J‘ustam
2349 1560 2608 1607 causam
2654 1543 2793 1623 (I).-

602 1677 777 1738 vn.
831 1676 902 1755 Q.
953 1678 1014 1743 5.
1069 1676 1366 1757 Quid-est
1409 1677 1733 1746 duellum?
1814 1666 1819 1670 ⁴
2466 1743 2467 1748 ,

605 1782 671 1847 R.
723 1781 1028 1851 Duellum
1062 1783 1307 1868 (graeca
1341 1802 1502 1851 voce
1534 1783 1969 1852 monomachia
2004 1783 2286 1870 dictum)
2327 1784 2676 1852 definitur:
2706 1803 2929 1872 pugna
2958 1786 3125 1850 inter

515 1889 667 1955 duos
713 1891 807 1955 vel
848 1910 1081 1977 paucos
1119 1892 1376 1977 privata
1421 1894 1790 1960 nicotoritate
1839 1906 1895 1959 et
1941 1913 2022 1959 ex
2069 1892 2345 1960 condicto
2410 1893 2605 1975 inita,
2656 1913 2795 1959 cum
2835 1880 3123 1979 periculo

518 1996 862 2079 occisionis,
915 1998 1349 2081 mutilationis,
1397 1999 1494 2065 vel
1537 2000 1834 2066 vulneris
1884 1999 2175 2068 Dicitur:
2231 1998 2295 2084 1)
2350 2018 2571 2085 puyna
2617 1999 2783 2065 inter
2825 1998 2983 2064 duos
3029 1998 3123 2063 rel

511 2123 788 2190 paucos,
863 2111 937 2172 ut
1012 2101 1457 2191 distinguatur
1529 2123 1564 2173 a
1626 2107 1824 2190 bello,
1876 2105 2055 2194 quod
2105 2109 2205 2175 e'st
2254 2107 2622 2175 multorum
2673 2112 2904 2173 contra
2954 2100 3125 2172 'mul-

520 2216 668 2292 tos3
718 2210 786 2296 Ξ)
835 2212 1088 2297 privata
1132 2215 1534 2294 auctoritate3
1581 2213 1873 2282 duelln‘m
1911 2213 2088 2282 enim
2125 2214 2364 2281 initum
2398 2213 2799 2282 auctoritate
2834 2212 3119 2297 publica,

521 2318 714 2403 quale
767 2319 885 2386 fuit
935 2319 1104 2387 illud
1159 2322 1600 2391 Horatiorum
1653 2341 1805 2390 cum
1871 2320 2177 2390 Curiatiis
2226 2321 2291 2389 in
2341 2322 2614 2389 historia
2686 2321 3008 2407 profana,
3060 2328 3122 2387 et

521 2425 682 2492 illud
728 2427 992 2495 Davidis
1049 2436 1199 2495 cum
1250 2431 1510 2515 gigante
1561 2429 1747 2499 Golia
1800 2432 1863 2497 in
1914 2429 2191 2498 historia
2241 2428 2446 2510 sacra,
2483 2428 2736 2495 licitum
2774 2434 2918 2510 est3
2970 2444 3121 2508 cum

521 2551 885 2618 paucorum
943 2553 1160 2621 pugna
1211 2555 1342 2604 non
1392 2527 1613 2606 minus
1665 2538 1841 2606 licita
1891 2537 1998 2619 sit,
2050 2553 2248 2622 quam
2295 2523 2699 2602 m'ultorum':
2756 2533 2890 2603 imo
2942 2534 3118 2603 desi-

521 2641 830 2722 deranda,
887 2644 1038 2729 quia
1090 2661 1456 2730 paucorum
1506 2645 1691 2713 caede
1736 2645 1970 2713 finitur
2013 2643 2261 2715 bellum
2277 2670 2297 2726 3
2348 2645 2416 2729 3)
2465 2663 2547 2710 ea,n
2591 2642 2886 2725 condit-te,
2941 2642 3119 2728 quod

520 2745 763 2816 indicat
813 2750 1034 2818 locum
1085 2769 1159 2818 ac
1209 2759 1495 2838 tempUS,
1545 2754 1774 2838 sicque
1824 2743 2267 2837 distinguitur
2308 2768 2342 2817 a
2392 2750 2550 2838 rixa,
2602 2768 2750 2836 quae
2790 2768 2923 2828 non
2957 2767 3117 2834 sup-

523 2872 562 2938 p
617 2854 708 2920 nit
759 2863 1027 2941 pactum
1077 2856 1286 2924 ullum
1335 2858 1761 2944 praeceden83
1812 2861 2065 2944 [ticum
2102 2857 2381 2946 periculo
2428 2856 2800 2938 occisionis,
2870 2855 3122 2922 mutila·

518 2972 565 3027 tt
606 2963 707 3028 nis
752 2963 848 3029 vel
892 2957 1190 3049 vulneris,
1237 2973 1310 3031 ut
1359 2960 1798 3034 excludantur
1830 2983 2092 3051 ,pugnae
2142 2963 2224 3031 ad
2270 2981 2533 3048 gravem
2568 2963 2913 3031 laesionem
2952 2962 3121 3031 infe-

521 3066 790 3135 rendam
839 3069 1104 3154 ineptae,
1172 3067 1264 3137 uti
1317 3091 1466 3158 quae
1517 3074 1685 3140 fiunt
1733 3071 1933 3156 virgis
1981 3071 2083 3139 vel
2134 3054 2505 3139 etiam‘levi
2554 3070 2817 3138 baculo.

610 3174 917 3244 Duellum
981 3177 1156 3245 aliud
1230 3183 1498 3248 solemne
1555 3190 1690 3264 est,
1755 3180 1930 3248 aliud
1995 3181 2284 3266 simplex.
2344 3182 2638 3246 Primum
2690 3179 2764 3245 fit
2822 3177 3115 3246 adhibita

527 3282 807 3367 quadam
844 3285 1114 3371 speciali
1156 3293 1220 3355 et
1254 3286 1590 3372 designata
1627 3287 1836 3356 forma
1885 3288 2055 3356 circa
2099 3296 2361 3372 tempus
2396 3292 2461 3353 et
2492 3285 2735 3366 locum,
2763 3284 3122 3370 assumptis

522 3388 723 3456 etiam
797 3392 1122 3473 testibus,
1204 3393 1339 3462 sive
1387 3401 1460 3461 ut
1505 3402 1777 3478 vocant,
1834 3395 2150 3488 petrinis,-
2201 3391 2575 3461 secundum
2626 3392 2881 3477 absque
2928 3392 3121 3461 dictis

529 3495 1066 3566 solemnitatibus
1106 3484 1483 3569 exercetur.
1531 3539 1620 3551 -—-
1667 3504 1877 3570 Porro
1929 3501 2224 3569 duellum
2272 3501 2410 3569 sive
2461 3499 2759 3569 solemne
2792 3499 2929 3567 sive
2966 3499 3123 3567 sim-

527 3602 698 3687 plex,
748 3610 849 3672 est
895 3623 1169 3692 prorsus
1219 3606 1541 3691 illicitum,
1590 3609 1948 3677 intrinsece
1995 3601 2242 3677 malum
2275 3617 2339 3676 et
2374 3608 2695 3688 mortale3
2752 3614 2855 3675 est
2888 3615 3123 3675 contra

530 3710 939 3780 Hobbesium
989 3713 1289 3800 aliosque
1338 3716 2100 3804 pseudo-philosophos.
2134 3717 2342 3792 Nemo
2378 3733 2536 3785 sane
2571 3721 2792 3801 potest
2821 3714 3123 3801 seipsum

523 3818 780 3903 privata
831 3821 1230 3889 auctoritate
1278 3839 1614 3909 exponere
1663 3815 1960 3910 periculo
2014 3823 2321 3891 bominis*
2352 3821 2698 3890 occidendi
2752 3821 2853 3890 vel
2917 3821 3121 3889 muti·

520 3925 697 3994 landi
734 3946 748 3988 τ
792 3927 901 4014 jus
950 3929 1358 3999 enim-necis
1409 3930 1672 3999 nonnisi
1716 3915 1987 3999 Domini
2034 3938 2158 4016 est,
2212 3949 2287 3998 ac
2351 3930 2527 4024 illius
2585 3928 2695 4016 qui
2759 3929 2879 3996 Dei
2943 3927 3124 3998 vices

524 4034 714 4119 gerit.
767 4035 1077 4104 Duellum
1120 4037 1230 4123 jus
1278 4037 1396 4105 Dei
1448 4045 1747 4124 usurpat,
1799 4038 2193 4107 societatem
2236 4037 2533 4119 offendit,
2560 4035 2887 4124 justitiam
2919 4033 3128 4119 laedit,

523 4142 849 4212 rationem
899 4139 1193 4228 insultat,
1246 4163 1468 4215 mores
1518 4146 1869 4232 subvertit,
1917 4146 2328 4216 ferocitatem
2388 4146 2585 4229 fovet,
2649 4145 2828 4230 leges
2889 4160 3128 4213 omnes

524 4251 929 4336 pessumdat,
980 4253 1398 4339 Religionem
1440 4254 1812 4338 conculcat,
1862 4255 2114 4327 animas
2164 4252 2403 4341 perdit.

614 4359 830 4437 Quare
879 4359 1336 4430 Tridentinum
1384 4362 1646 4430 fortiter
1694 4363 1820 4430 ait:
1869 4362 2257 4432 Detestabilis
2303 4359 2652 4428 duellorum
2694 4377 2865 4441 casem,
2921 4357 3131 4444 fabri-

518 4475 694 4531 cante
740 4465 980 4535 diabolo
1029 4469 1435 4553 introductus,
1481 4484 1550 4538 ut
1595 4483 1856 4538 cruenta
1899 4487 2228 4558 corporum
2274 4479 2468 4538 morte
2512 4468 2878 4536 animarum
2931 4466 3131 4534 etiam

435 4575 464 4642 ’,
512 4572 851 4659 perniciem
899 4576 1189 4659 lucretur,
1236 4597 1319 4645 ex
1363 4578 1706 4645 christiano
1753 4579 1894 4646 orbe
1930 4580 2185 4665 penitas
2232 4577 2687 4656 exterminetur
2736 4573 2782 4644 ¹.
2832 4576 2915 4643 Et
2942 4574 3130 4652 ,Ale-

581 4712 603 4752 ¹
640 4713 780 4767 Sese.
812 4725 944 4777 xxv,
979 4725 1025 4768 c.
1062 4720 1121 4769 19
1152 4718 1213 4769 de
1245 4720 1303 4770 R.
1338 4744 1401 4757 —
1441 4720 1495 4771 V.
1531 4719 1763 4802 Lignort,
1802 4720 1894 4784 ορ.
1928 4722 2089 4783 Mor„
2123 4720 2160 4774 l.
2196 4733 2271 4783 ιιι,
2304 4733 2357 4774 n.
2394 4711 2515 4773 399(
