3292 5167
455 226 592 292 1260
1163 241 1279 287 un.
1327 239 1391 286 n.
1445 240 1659 286 ‘rinc-r.
1706 238 1809 285 vn.
1858 234 2010 283 mse.
2065 240 2102 283 ι.
2153 239 2284 287 cn.
2333 236 2374 285 ι.

464 349 638 416 soris
685 338 1160 433 periclitentur,
1209 363 1267 411 v.
1319 362 1399 429 g.,
1449 343 1502 411 si
1553 342 1790 411 iisdem
1841 343 1927 411 sit
1975 344 2304 412 abusurus
2355 344 2418 411 in
2469 344 2572 413 sui
2622 353 2734 413 aut
2766 347 3099 415 aliorum--

457 452 846 540 perniciem,
895 450 1148 518 utiliter
1196 457 1380 535 geret
1445 450 1785 534 negotium
1845 449 2095 518 domini
2149 449 2281 533 ille,
2332 450 2442 537 qui
2496 450 2765 521 domino
2801 470 2875 521 ea
2920 472 3067 524 non

457 558 794 640 restituit3
846 557 969 625 nisi
1019 556 1195 625 aliud
1244 556 1466 624 obstet
1515 555 1563 624 ¹.

546 722 660 784 Hic
705 720 1012 784 nonnulla
1060 719 1337 781 notanda
1384 736 1465 781 ex
1513 720 1653 797 lege
1697 720 1919 783 civili:
1971 721 2021 782 l.
2073 719 2322 805 Solutio
2372 720 2535 784 bona
2569 720 2696 783 fide
2732 721 2893 786 lacta
2935 723 3099 801 illi„

461 806 572 882 qui
621 802 848 864 crediti
896 800 1151 863 titulum
1199 799 1498 878 possidet,
1542 798 1748 862 valida
1798 810 1918 875 est,
1965 805 2083 863 etsi
2131 811 2348 880 postea
2422 818 2751 880 possessor
2817 804 3051 866 crediti

463 886 850 946 evictionem
899 886 1174 960 patiatur
1218 879 1378 957 (art.
1429 880 1611 959 1242)
1659 878 1708 941 ².

624 964 679 1025 Ξ.
722 963 906 1026 Nulla
952 974 1048 1024 est
1090 961 1321 1023 solutio
1367 959 1530 1022 lacta
1561 960 1892 1034 creditori,
1928 962 2035 1041 qui
2071 960 2147 1022 ad
2191 977 2330 1022 eam
2372 963 2809 1041 recipiendam
2847 980 3049 1043 capax

466 1060 594 1107 non
642 1054 760 1120 est,
803 1054 871 1107 ut
914 1053 1010 1104 est
1055 1043 1285 1116 minor,
1337 1042 1745 1113 interdictus,
1786 1050 1901 1103 etc.
1951 1042 2185 1120 Excipe
2220 1043 2337 1104 nisi
2384 1043 2636 1105 debitor
2674 1045 3051 1122 probaverit

467 1140 604 1187 rem
651 1142 685 1187 a
728 1141 797 1186 se
841 1123 1112 1185 solutam
1160 1123 1221 1182 iu
1271 1121 1609 1184 creditoris
1657 1121 2001 1184 utilitatem
2049 1138 2297 1184 versam
2347 1122 2570 1196 fuisse,
2628 1134 2698 1187 ut
2740 1126 2793 1187 si
2838 1128 3041 1190 inser·

465 1205 662 1268 vierit
702 1205 778 1268 ad
825 1203 1219 1267 necessarias
1265 1203 1584 1279 impensas
1629 1219 1742 1281 pro
1789 1214 2278 1267 conservatione
2321 1204 2460 1282 ejus
2504 1204 2712 1266 fundi.

627 1286 683 1349 3.
728 1284 972 1346 Solutio
1020 1284 1179 1344 facta
1226 1299 1257 1344 a
1303 1281 1595 1344 debitore
1630 1281 1934 1345 creditori
1982 1299 2095 1345 suo
2142 1285 2206 1344 in
2253 1283 2559 1346 damnum
2599 1286 2791 1363 posi‘ti
2823 1302 3051 1365 seque-

469 1368 611 1439 stri,
643 1368 746 1428 vel
787 1367 966 1428 factae
1012 1365 1429 1442 exceptiouiS,
1473 1379 1599 1424 uon
1627 1362 1797 1425 valet
1839 1365 2043 1443 quoad
2079 1363 2224 1426 illos
2257 1366 2635 1436 creditores,
2677 1370 2741 1428 in
2772 1384 3045 1446 quorum

472 1445 814 1512 utilitatem
859 1455 1260 1524 sequestrum
1306 1443 1583 1521 positum
1632 1443 1752 1505 l’uit
1794 1444 1896 1505 vel
1946 1445 2110 1507 facta
2173 1448 2492 1524 exceptio.
2540 1445 2644 1508 Isti
2680 1450 2862 1509 *enim
2912 1464 3053 1527 pos·

469 1536 619 1591 suut
651 1527 1056 1604 adstringere
1100 1524 1459 1586 debitorem
1503 1524 1583 1585 ad
1631 1539 1862 1585 novam
1912 1524 2301 1586 solutionem
2350 1525 2557 1604 quoad
2603 1543 2825 1591 eorum
2864 1528 3008 1606 jura
3036 1548 3091 1598 ;.

357 1680 366 1693 ⁸
469 1609 646 1672 salvo
691 1608 967 1669 debitori
1016 1621 1311 1683 regressu
1356 1612 1578 1667 contra
1623 1605 2008 1667 creditorem
2058 1604 2221 1682 (art.
2288 1606 2466 1685 1246)
2513 1606 2562 1667 3.

630 1690 689 1751 4.
731 1687 994 1769 Debitor
1038 1686 1297 1763 adigere
1343 1687 1565 1764 nequit
1626 1685 2013 1748 creditorem
2061 1685 2139 1747 ad
2187 1688 2626 1765 recipiendam
2675 1703 2789 1766 per
2834 1697 3048 1769 partes

472 1769 878 1842 solutionem,
922 1767 1073 1829 licet
1115 1766 1404 1829 debitum
1448 1769 1533 1827 sit
1576 1765 1904 1829 divisibile
1948 1768 2112 1846 (art.
2156 1767 2338 1847 1237)
2371 1764 2416 1827 ⁴.

560 1920 768 1984 879.
818 1924 889 2002 Q.
939 1924 999 1986 2.
1053 1920 1437 2001 Quibusnam
1480 1932 1624 1987 sunt
1655 1919 2033 1987 restituenda
2071 1921 2228 1986 bona
2265 1922 2521 2003 incerta,
2555 1941 2819 2006 quorum
2848 1942 3069 2010 nempe

469 2029 759 2097 dominus
792 2040 936 2115 post
979 2028 1331 2113 diliyentem
1379 2028 1840 2113 inquisitionem
1883 2029 2167 2112 coqnosci
2213 2049 2339 2094 non
2376 2029 2620 2114 possit?

566 2140 632 2207 R.
681 2136 749 2202 Si
797 2136 1105 2203 dominus
1155 2135 1264 2203 ille
1312 2136 1604 2205 incertus
1656 2143 1756 2203 est
1802 2135 1867 2202 in
1922 2134 2330 2220 particulari,
2383 2135 2438 2201 si
2506 2155 2745 2222 nempe
2817 2136 3101 2204 sciatur·

474 2243 743 2330 quidem
794 2244 964 2311 bona
1018 2244 1124 2310 illa
1171 2251 1474 2329 spectare
1521 2242 1806 2326 adftres,
1855 2251 1966 2311 aut
2031 2250 2316 2328 quatuor
2389 2242 2689 2313 liomines
2742 2245 2805 2311 in
2857 2245 3066 2330 parti-

475 2352 702 2435 culari,
752 2353 872 2421 sed
918 2352 1261 2436 ignoretur
1307 2352 1384 2417 ad
1423 2368 1779 2437 quemnam
1814 2352 2090 2437 praecise
2126 2352 2518 2436 pertineant,
2554 2358 2713 2421 tunc
2748 2353 2855 2419 illa
2890 2353 3071 2421 inter

472 2468 612 2528 tres
659 2459 758 2527 vel
808 2466 1089 2544 quatuor
1133 2458 1293 2526 illos
1335 2459 1643 2526 homines
1692 2457 2034 2526 dividenda
2086 2465 2280 2526 erunt
2333 2477 2451 2544 pro
2502 2465 2637 2524 rata
2688 2458 2892 2540 dubii,
2943 2478 3070 2528 nec

476 2573 707 2654 posset
755 2573 912 2633 tunc
961 2566 1296 2633 restitutio
1346 2564 1486 2633 fieri
1539 2565 1977 2650 pauperibus:
2027 2567 2177 2651 quia
2222 2585 2331 2651 eqo
2382 2566 2702 2646 Dominus,
2749 2565 2839 2632 ait
2888 2569 3067 2635 Deus

2323 2667 2344 2695 Γ

438 2672 652 2760 'apud
701 2673 955 2753 Isaiam,
1003 2672 1141 2738 odio
1189 2673 1417 2738 habens
1460 2672 1759 2758 rapinam
1806 2671 1873 2737 in
1919 2673 2270 2765 holocausto
2320 2692 2367 2737 ν.

567 2783 648 2848 At
696 2780 747 2847 si
801 2799 906 2847 res
955 2780 1152 2846 etiam
1202 2779 1264 2845 in
1317 2779 1602 2863 generali
1655 2762 1904 2846 incerta
1953 2788 2076 2860 est,
2112 2778 2209 2845 vel
2246 2778 2354 2845 illa
2390 2777 2709 2863 acquisita
2746 2779 2865 2847 fuit
2897 2782 3075 2848 malo

477 2889 615 2976 fide,
668 2895 822 2973 puta
872 2906 953 2955 ex
1001 2886 1196 2967 furt0,
1246 2893 1357 2953 aut
1407 2886 1665 2966 usuris;
1715 2885 1814 2953 vel
1863 2885 2048 2952 dubia
2099 2886 2230 2971 tide,
2281 2894 2351 2952 ut
2400 2886 2453 2953 si
2506 2904 2644 2953 rem
2694 2888 3070 2957 obtinueris

479 2994 883 3082 suspensus?‚
935 3010 1015 3059 an
1067 3000 1175 3060 tua
1224 3010 1449 3060 revera
1496 2993 1601 3074 sit,
1653 3010 1898 3073 necne3
1946 2993 2045 3059 vel
2098 2994 2255 3058 bono
2299 2993 2434 3079 fide,
2486 3000 2557 3058 ut
2605 2993 2657 3060 si
2710 2995 2789 3061 ab
2839 2993 3073 3079 ignoto

481 3109 547 3170 et
595 3104 981 3169 transeunte
1024 3107 1391 3168 mercatore
1439 3098 1667 3167 decem
1719 3100 1907 3166 ulnas
1942 3099 2136 3186 panni
2174 3100 2621 3185 accipias-pro
2657 3101 2977 3187 quinque.
3044 3104 3055 3117 “

547 3400 568 3439 1
610 3400 664 3449 V.
699 3399 929 3462 Lignori,
966 3400 1053 3461 Op.
1088 3400 1243 3461 Mor„
1278 3400 1313 3449 l.
1350 3412 1424 3461 ni,
1460 3411 1514 3450 n.
1548 3401 1660 3450 596.
1695 3423 1758 3435 -
1788 3399 2053 3461 Ferraris3
2082 3400 2141 3451 V.
2174 3399 2461 3459 Restitutio,
2498 3401 2595 3451 art.
2630 3400 2676 3450 3.

547 3462 573 3502 ³
610 3480 629 3505 α
667 3464 929 3525 Esempio:
963 3463 996 3511 il
1036 3463 1140 3511 mio
1174 3461 1433 3513 creditore
1470 3473 1686 3522 muore;
1720 3471 1831 3511 uno
1863 3459 1948 3513 dei
1978 3462 2097 3512 suoi
2133 3463 2336 3524 parenti
2372 3462 2440 3523 gli
2478 3463 2729 3523 succede,
2766 3474 2795 3513 e
2832 3462 2879 3512 si
2913 3464 3077 3516 mette

485 3525 537 3576 al
571 3537 818 3588 possesso
850 3525 932 3575 dei
965 3525 1083 3574 suoi
1117 3524 1270 3576 beni:
1310 3536 1443 3588 pago
1476 3525 1509 3574 il
1562 3526 1671 3573 mio
1724 3522 1901 3573 debito
1951 3535 1979 3574 e
2033 3535 2168 3583 sopo
2221 3524 2570 3574 interamente
2617 3523 2858 3576 liberam.
2926 3528 3073 3577 Poco

483 3590 671 3638 monta
702 3588 798 3637 che
830 3597 902 3636 un
939 3588 1152 3648 parente
1184 3586 1365 3647 ignoto
1400 3586 1452 3637 di
1526 3585 1664 3636 uello
1696 3585 1786 3647 piu
1820 3584 2084 3647 prossimo
2117 3586 2161 3636 si
2201 3588 2429 3647 presenti
2461 3598 2490 3636 e
2523 3587 2755 3648 ottenga,
2791 3589 2845 3637 in
2890 3588 3081 3640 azione

489 3646 812 3721 d'evizione,
863 3648 895 3698 il
930 3660 1179 3711 possesso
1209 3599 1549 3708 den'erediss,
1584 3648 1771 3760 poicffie
1802 3647 1923 3709 ogni
1957 3659 2269 3710 possessore
2299 3650 2327 3700 e
2359 3649 2411 3721 di
2444 3647 2622 3698 diritto
2651 3650 2906 3721 presunto
2954 3662 3075 3712 pro·

484 3713 763 3775 prietario:
792 3724 1053 3773 possessor
1081 3725 1180 3773 pro
1212 3711 1418 3760 domino
1452 3712 1686 3761 habetur.
1798 3710 1952 3771 colpa
1985 3709 2067 3760 del
2137 3711 2452 3774 roprietario
2484 3721 2614 3760 vero
2649 3713 2701 3761 di
2736 3722 2848 3763 uon
2879 3713 3075 3764 essersi

483 3775 804 3837 presentato.
837 3764 879 3825 Ε
914 3773 1040 3835 pero
1072 3774 1374 3831 necessario
1406 3773 1503 3823 cbe
1536 3774 1586 3823 io
1619 3772 1747 3822 fossi
1782 3773 1836 3824 ln
1871 3772 2052 3823 huona
2085 3723 2221 3833 fgde,
2256 3776 2371 3824 cioe
2403 3772 2637 3823 credessi
2670 3772 2768 3823 cbe
2802 3773 2945 3824 colui
2986 3775 3101 3825 cui·

483 3837 661 3949 paggi,
685 3835 1020 3950 Ίςτεέἐὲθτῖᾱθ
1041 3846 1191 3887 vero.
1220 3855 1239 3878 ι
1265 3859 1328 3872 -
1353 3836 1407 3886 C.
1434 3836 1494 3888 G.
1521 3835 1670 3897 {2403
1705 3860 1768 3872 -
1792 3835 1846 3885 C.
1883 3836 1933 3886 S.
1970 3837 2092 3886 1195
2117 3872 2133 3898 ,
2162 3860 2226 3872 -
2260 3837 2312 3887 G.
2345 3837 2400 3885 P.
2437 3837 2591 3896 12173
2624 3861 2689 3872 —
2723 3837 2778 3886 tl.
2811 3836 2885 3886 Μ.
2921 3836 3080 3900 1ἳ94;

485 3924 549 3935 -
630 3938 641 3948 .
725 3938 735 3948 .
899 3910 926 3948 e
983 3910 1037 3948 se
1120 3937 1130 3947 .

548 3960 572 3999 ⁸
611 3978 630 4003 ι
667 3962 778 4011 Con
813 3962 982 4024 questi
1016 3909 1112 4011 affl
1142 3961 1184 4012 s’
1206 3960 1495 4022 impedisce
1526 3959 1622 4008 che
1654 3959 1691 4008 il
1728 3957 1965 4010 debitore
1997 3958 2078 4008 sia
2110 3957 2427 4010 soddistatto
2459 3958 2511 4009 di
2567 3961 2774 4023 quanto
2818 3959 2887 4021 gli
2940 3960 3076 4011 deve

485 4033 560 4072 un
596 4024 832 4073 terzo.—
864 4024 1127 4085 Esempio:
1151 4025 1232 4073 voi
1253 4024 1442 4073 dovete
1461 4022 1610 4082 6,000
1630 4020 1726 4070 lire
1742 4021 1837 4073 che
1855 4022 2084 4072 rieusate
2100 4022 2153 4072 di
2172 4032 2383 4085 pagare.
2410 4022 2574 4071 Paolo
2604 4033 2664 4071 ve
2683 4032 2750 4070 ne
2776 4021 2909 4073 deve
2928 4022 3085 4081 4,000

493 4083 592 4134 che
627 4084 657 4134 e
691 4082 885 4147 pronto
918 4098 950 4135 a
986 4085 1231 4147 pagarvi:
1269 4084 1437 4136 saccio
1469 4082 1815 4146 opposizione
1846 4095 1876 4134 e
1908 4084 2123 4146 cbleggo
2156 4085 2252 4134 obe
2284 4095 2315 4134 a
2351 4096 2433 4134 me
2468 4084 2622 4133 siano
2655 4086 2841 4146 pagate
2863 4094 2894 4132 a
2920 4087 3089 4134 conto

488 4145 541 4195 di
572 4151 778 4210 quanto
828 4150 896 4198 mi
934 4152 963 4200 e
995 4147 1218 4199 dovuto.
1252 4147 1317 4197 Se
1350 4158 1457 4197 non
1493 4147 1705 4196 ostante
1740 4146 1843 4196 tale
1877 4148 2221 4209 oppositione
2254 4146 2418 4196 Paolo
2451 4145 2507 4195 vi
2542 4156 2694 4218 paga,
2730 4145 2903 4208 potro,
2938 4145 3091 4208 dopo

488 4209 693 4258 accolta
725 4209 776 4259 la
814 4214 919 4261 mia
955 4209 1224 4261 domanda
1257 4209 1358 4267 dal,
1389 4206 1669 4267 tribunale,
1688 4206 1831 4258 obbli
1868 4209 1982 4258 arlo
2017 4219 2047 4257 a
2078 4208 2385 4259 rimettermi
2421 4209 2566 4269 4,000
2603 4208 2716 4267 lire,
2752 4218 2905 4259 come
2924 4218 2995 4258 ·se
3016 4218 3085 4258 ve

485 4268 537 4320 le
569 4269 792 4321 dovesse
827 4283 1045 4334 ancora,
1081 4272 1232 4323 salvo
1266 4284 1298 4322 a
1328 4272 1403 4322 lui
1438 4271 1474 4321 il
1511 4269 1690 4319 diritto
1723 4270 1775 4320 di
1809 4281 1837 4320 c
1880 4270 2073 4321 iedervl
2104 4271 2153 4320 le
2186 4272 2333 4332 1.,οω
2379 4271 2473 4321 lire
2502 4271 2598 4321 obe
2645 4271 2697 4320 vi
2748 4270 2817 4320 ba
2869 4270 3079 4333 pagate,

487 4331 681 4395 poiche
712 4333 793 4383 col
831 4347 1007 4385 mezzo
1042 4334 1279 4386 dell’atto
1314 4333 1365 4384 di
1401 4331 1747 4395 opposizione
1779 4344 1870 4383 era
1901 4343 2023 4383 reso
2058 4336 2319 4385 avvertito
2353 4333 2450 4383 cbe
2482 4336 2678 4395 poteva
2709 4342 2884 4383 essere
2918 4332 3085 4383 obbli-

485 4392 615 4455 gato
647 4403 680 4443 a
710 4407 903 4459 pagare
937 4409 970 4447 a
1005 4398 1107 4448 mie
1140 4400 1304 4457 mani,
1337 4396 1399 4447 ed
1435 4397 1489 4446 io
1520 4405 1613 4445 era
1641 4395 1797 4456 quasi
1833 4394 2104 4446 diventato
2135 4406 2237 4446 suo
2271 4394 2549 4447 creditore.
2588 4414 2607 4438 ι

557 4453 614 4504 G.
649 4455 712 4507 Α.
750 4461 910 4520 1424,
944 4460 1069 4519 234,
1105 4460 1196 4510 239
1221 4495 1234 4519 ‚
1267 4461 1393 4520 961;
1427 4484 1492 4497 -
1526 4458 1581 4509 C.
1619 4454 1678 4506 G.
1717 4459 1876 4520 12413
1906 4483 1971 4496 -
2004 4457 2059 4507 C.
2093 4456 2143 4507 S.
2181 4459 2329 4521 1194;
2377 4483 2442 4494 -
2494 4459 2547 4508 G.
2591 4458 2650 4507 P.
2702 4458 2856 4520 {2183
2910 4481 2976 4494 -
3026 4457 3093 4509 C.

484 4516 959 4693 53:133'.ng';
981 4522 1161 4634 [633
1186 4522 1247 4633 gt
1275 4532 1436 4643 fflffi
1469 4609 1529 4623 —
1566 4585 1618 4637 C.
1652 4583 1704 4635 S.
1741 4582 1894 4644 {¹943
1938 4607 2001 4619 -
2034 4578 2090 4631 C.
2126 4582 2184 4631 P.
2219 4583 2376 4643 1220}
2409 4605 2474 4619 -
2508 4582 2564 4633 C.
2615 4580 2689 4631 M.
2740 4581 2896 4644 1297;
2928 4606 2995 4620 --
3032 4580 3133 4632 Ὀ.-

556 4703 580 4743 ⁵
613 4704 673 4753 ls.
713 4716 821 4756 txi.
854 4731 919 4744 —-
958 4707 1014 4756 V.
1049 4706 1285 4768 Lignori,
1321 4708 1411 4769 Op.
1446 4707 1605 4769 Mor„
1642 4708 1678 4759 l.
1712 4688 1791 4766 ni,
1828 4717 1883 4756 n.
1917 4708 2029 4757 589.
