3292 5167
1088 323 1168 371 ns
1206 324 1642 371 aesna-unone
1689 325 1753 371 lx
1800 323 2007 372 sescla
2733 306 2879 375 507

241 435 481 500 sente:
535 429 734 498 honor
779 421 1131 508 exhibetur
1179 427 1493 515 praesenti
1542 426 1644 495 vei
1691 426 1759 494 in
1809 444 1881 494 se
1926 424 2029 494 vel
2075 425 2142 493 in
2193 426 2320 494 alio
2370 427 2481 513 qui
2534 427 2721 497 illum
2754 448 2863 499 re-

253 541 643 624 praesentat,
692 535 865 603 sicut
914 541 1031 604 rex
1080 535 1448 603 honoratur
1493 534 1557 603 in
1609 551 1732 603 suo
1783 533 1998 618 legato
2048 532 2148 601 vel
2195 539 2433 601 statua.
2480 537 2691 602 Fama
2729 536 2854 606 lae-

247 642 436 711 ditur
480 642 580 711 vel
623 640 911 710 interius
961 660 1084 729 per
1128 641 1633 724 dubitationem,
1685 639 2165 726 suspicionem,
2214 641 2601 725 opinionem
2652 650 2725 710 et
2764 644 2879 729 ju-

247 750 505 820 dicium
577 750 1039 831 temerarium3
1116 749 1217 818 vel
1289 749 1582 818 exterius
1654 765 1775 835 per
1819 746 2334 816 detractione-z
2379 750 2581 816 honor
2633 757 2861 820 autem

249 858 540 927 maxime
588 875 707 944 per
760 857 1240 927 contumeliam
1290 857 1575 925 laeditur.

347 965 699 1053 Oportebit
776 965 975 1051 igitur
1022 974 1379 1052 utrumque
1426 963 1491 1033 in
1544 963 1979 1032 confessione
2028 961 2374 1047 explicare,
2423 963 2577 1048 quia
2625 965 2846 1033 conti·-

247 1079 369 1143 net
417 1073 746 1141 diversam
794 1073 1015 1159 specie
1057 1073 1372 1140 malitiam
1422 1073 1604 1140 laesio
1660 1071 1847 1138 famae
1897 1070 1978 1138 ab
2027 1069 2171 1156 ipsa
2219 1070 2496 1139 laesione
2547 1071 2854 1141 honoris.

344 1182 556 1247 ⁷31).
611 1183 682 1262 Q.
732 1182 793 1247 2.
841 1182 942 1248 An
989 1181 1330 1248 committat
1384 1180 1632 1247 diversa
1693 1191 1950 1266 peccata
2018 1179 2128 1266 qui
2194 1178 2462 1246 detrahit
2521 1179 2716 1245 alicui
2780 1180 2853 1247 in

241 1287 540 1375 pluribus
581 1288 878 1370 materiia',
927 1290 1023 1355 vel
1067 1308 1207 1354 eum
1252 1287 1516 1354 diversis
1582 1285 1971 1353 contumeliis
2014 1285 2220 1372 afficit,
2309 1284 2463 1351 adeo
2532 1298 2600 1353 ut
2661 1287 2872 1373 debeat

159 1399 176 1407 “
251 1396 576 1483 «aplicare
621 1397 688 1462 in
728 1395 1112 1482 particulari
1154 1396 1346 1478 mata,
1397 1395 1469 1462 de
1513 1396 1737 1480 quibus
1781 1414 1847 1460 se
1892 1394 2266 1460 accusavit?

351 1507 421 1572 R.
476 1505 729 1589 Negant
760 1505 966 1589 Lugo,
996 1503 1237 1573 Melina
1265 1509 1329 1571 et
1356 1503 1485 1586 alii,
1512 1502 1664 1589 quia
1692 1500 2118 1569 materialiter
2149 1499 2413 1586 quidem
2447 1498 2876 1586 distinguun-

251 1618 370 1677 tur
413 1611 637 1695 speeie
695 1609 974 1679 diversae
1025 1610 1473 1680 detractiones
1524 1615 1588 1677 et
1637 1609 2085 1689 contumeliae,
2138 1615 2203 1674 at
2265 1626 2396 1676 non
2472 1608 2851 1691 moraliter3

249 1733 412 1786 oum
447 1734 713 1804 semper
743 1735 940 1787 unam
968 1718 1226 1799 famam,
1267 1735 1471 1786 unum
1499 1717 1825 1785 honorem
1859 1715 2121 1784 laedant.
2162 1715 2294 1784 Sed
2326 1715 2653 1783 affirmant
2715 1733 2872 1802 pro-

251 1821 539 1892 babilius
590 1825 879 1893 Concina
952 1831 1017 1892 et
1072 1825 1272 1894 Croix
1321 1842 1471 1893 cum
1521 1823 1763 1910 sylvio,
1814 1822 1966 1909 quia
2012 1820 2344 1891 laeduntur
2390 1820 2645 1892 diversa
2706 1822 2857 1908 J‘ura

251 1949 410 2019 quae
458 1933 645 2002 alteri
693 1939 1104 2020 competunt,
1156 1951 1305 2018 quae
1348 1931 1618 2018 quidem
1666 1932 1923 2000 diversa
1972 1938 2129 1999 sunt
2167 1931 2232 1998 in
2273 1947 2513 2015 genere
2547 1948 2813 1998 morum
2848 1957 2871 2015 ;

253 2058 381 2128 per
409 2040 538 2110 hoc
570 2042 743 2110 enim
778 2039 958 2128 quod
992 2041 1140 2127 quis
1175 2048 1276 2109 est
1307 2039 1680 2108 diffamatus
1730 2041 1796 2109 in
1846 2058 1979 2108 uno
2028 2038 2325 2122 crimine,
2366 2057 2498 2107 non
2548 2037 2697 2107 ideo
2769 2044 2872 2107 est

255 2147 633 2216 diffamatus
669 2148 734 2216 in
773 2148 922 2215 alio.
969 2148 1137 2215 Hinc
1171 2148 1226 2215 si
1262 2147 1411 2234 quis
1445 2147 1619 2215 furto
1656 2152 1759 2214 est
1807 2145 2202 2228 diffamatus,
2243 2163 2484 2212 novum
2522 2154 2873 2231 peccatum

257 2243 440 2307 esset
473 2255 624 2305 eum
658 2254 969 2306 accusare
1004 2236 1330 2305 libidinis:
1369 2238 1464 2305 sic
1497 2236 1773 2305 foemina
1806 2235 1889 2304 de
1918 2254 2050 2304 uno
2082 2241 2339 2301 tantum
2375 2234 2705 2303 adulterio
2741 2233 2865 2302 dif-

255 2343 518 2427 famata,
546 2344 775 2430 nequit
803 2344 951 2413 nine
985 2360 1155 2412 novo
1192 2348 1465 2430 peccato
1503 2342 1588 2411 de
1621 2342 1751 2412 alio
1785 2342 2049 2411 occulto
2078 2341 2430 2409 diffamari:
2460 2342 2613 2426 quia
2646 2358 2855 2412 unum

257 2465 399 2519 non
445 2448 602 2518 dicit
650 2449 1135 2518 connexionem
1185 2449 1264 2517 ad
1315 2450 1616 2531 alterum,
1667 2468 1788 2519 nec
1825 2466 2091 2535 pravam
2121 2448 2674 2516 consuetudinem
2727 2448 2850 2520 im-

257 2563 503 2644 portat.
528 2556 794 2641 Excipe,
824 2556 948 2625 nisi
981 2573 1206 2626 revera
1234 2555 1508 2630 crimina
1535 2556 1642 2625 illa
1671 2557 1805 2627 sint
1823 2575 2126 2630 connexa
2145 2563 2211 2622 et
2237 2573 2444 2623 unum
2464 2555 2850 2642 praeseferat

253 2664 646 2736 affinitatem
675 2683 828 2734 cum
853 2665 1013 2746 alio;
1042 2652 1192 2751 quia
1221 2672 1378 2734 tunc
1405 2683 1538 2734 non
1564 2672 1878 2735 censetur
1903 2682 2065 2734 nova
2092 2663 2356 2732 infamia
2384 2663 2598 2748 gravis
2625 2662 2861 2732 inferri

256 2772 364 2843 vel
396 2774 646 2857 augeri,
675 2780 748 2842 ut
780 2772 842 2842 si
871 2772 1051 2842 dicas
1086 2772 1169 2842 de
1204 2773 1391 2845 ebn’o
1427 2774 1621 2844 rixari
1660 2791 1811 2843 cum
1844 2790 2070 2842 uxore.
2105 2774 2270 2840 Item
2306 2778 2485 2844 recte
2521 2771 2861 2857 excipiunt

257 2879 690 2954 mulierculas
724 2889 789 2948 et
825 2881 1119 2968 plebe03,
1146 2881 1257 2968 qui
1288 2882 1485 2950 simul
1519 2882 1811 2952 rixantes
1840 2881 2075 2950 eodem
2102 2882 2359 2967 impetu
2387 2880 2661 2949 diversis
2696 2898 2859 2951 con.-

258 2987 555 3056 tumeliis
596 3005 668 3055 se
702 2984 1155 3068 dehonorant3
1205 3005 1355 3058 nam
1390 2986 1455 3056 in
1497 2989 1837 3058 communi
1877 2988 2318 3056 aestimatione
2367 2988 2510 3056 haec
2557 2986 2856 3056 convicia

261 3112 398 3164 non
449 3094 779 3164 habentur
825 3094 921 3163 uti
973 3096 1209 3181 gravia,
1245 3101 1312 3164 et
1360 3096 1704 3166 audientes
1756 3096 2000 3166 nullam
2050 3095 2210 3182 ipsis
2258 3101 2580 3180 praestant
2627 3094 2850 3176 fidem,

259 3208 574 3288 putantes
614 3201 722 3268 illa
774 3202 995 3288 potius
1046 3203 1379 3289 proficisci
1429 3222 1509 3273 ex
1558 3204 1811 3289 impetu
1860 3202 2001 3286 irae,
2055 3220 2247 3288 quam
2282 3221 2363 3270 ex
2398 3201 2618 3270 animo
2659 3207 2726 3270 et
2760 3201 2856 3271 rei

259 3307 573 3393 veritate,
640 3316 706 3378 et
754 3308 904 3379 ideo
953 3317 1025 3379 ut
1075 3310 1433 3396 plurimum
1499 3310 1793 3382 rixantes
1865 3316 2268 3378 excusantur
2314 3327 2347 3376 a
2396 3308 2680 3391 mortali,
2733 3307 2862 3380 nisi

260 3418 437 3487 forte
485 3418 568 3486 de
615 3417 838 3504 aliquo
886 3417 1265 3505 particulari
1318 3418 1489 3488 facto
1541 3418 1993 3487 adversarium
2044 3418 2498 3504 improperent
2550 3424 2603 3481 ¹.

327 3698 350 3739 1
396 3697 449 3748 V.
486 3699 716 3760 Lignori,
755 3697 844 3760 Op.
882 3699 1038 3760 Mor„
1075 3699 1111 3750 Ι.
1145 3711 1198 3760 v,
1236 3712 1328 3752 nn.
1364 3700 1426 3753 48
1458 3703 1511 3753 et
1540 3702 1619 3762 49.
1673 3701 1824 3762 Quod
1880 3700 1946 3752 de
1995 3701 2322 3753 detractione
2371 3701 2552 3765 (atque
2606 3698 2672 3749 de
2720 3697 2871 3748 illam

255 3757 603 3824 culpabiliter
635 3760 921 3821 audiente),
958 3761 1100 3813 idom
1136 3761 1320 3814 dicunt
1353 3762 1417 3814 de
1444 3763 1647 3827 judicio
1684 3766 1997 3817 temerario:
2057 3766 2143 3816 alii
2198 3763 2386 3818 volunt
2436 3774 2553 3813 esse
2599 3760 2871 3822 explican-

259 3823 391 3874 dam
426 3823 723 3882 materiam,
760 3824 812 3873 in
835 3833 956 3895 'qua
983 3822 1270 3886 judicatur,
1313 3817 1439 3875 curii
1473 3826 1613 3878 bona
1647 3827 1974 3878 existimatio
2002 3827 2143 3877 circa
2178 3838 2340 3876 unam
2374 3826 2623 3876 virtutem
2675 3823 2744 3871 sit
2790 3821 2868 3872 dl·

257 3896 424 3938 versa
455 3896 487 3934 a
520 3885 662 3936 bona
694 3886 1090 3936 existimatione
1123 3891 1273 3937 eirca
1305 3889 1558 3939 virtutem
1594 3889 1776 3940 aliam.
1811 3889 1909 3940 Sed
1946 3889 2035 3939 alii
2071 3887 2402 3940 contendunt
2432 3888 2565 3936 satis
2598 3883 2869 3943 sufficere,

255 3950 309 4000 si
347 3948 582 3999 dicatur:
619 3952 805 3998 temere
829 3947 1061 4011 judicavi
1095 3950 1149 3997 in
1183 3952 1406 4000 materia
1437 3952 1585 4011 pravi
1615 3954 1674 4002 tte
1714 3952 1863 4013 Titio,
1899 3963 2023 4002 cum
2058 3950 2201 4002 bona
2242 3947 2575 4002 existimatio
2601 3945 2665 3996 de
2690 3945 2874 4010 aliquo

267 4020 381 4061 una
415 4010 485 4060 sit
513 4008 749 4069 ejusdem
793 4021 859 4060 ue
893 4010 1088 4070 speciei
1125 4011 1179 4059 in
1220 4021 1407 4072 genere
1443 4014 1628 4063 moris.

391 4072 578 4124 Utrum
611 4072 680 4122 sit
710 4074 762 4122 in
806 4072 995 4123 icanda
1020 4073 1251 4135 qualitas
1281 4084 1538 4135 personae,
1567 4086 1661 4136 per
1684 4074 2065 4126 detractionem
2099 4075 2179 4124 vel
2210 4071 2469 4135 judicium
2492 4067 2864 4128 temerarium,

261 4134 426 4194 laesae,
463 4132 638 4185 adbuc
670 4133 974 4197 disputant:
1013 4134 1173 4197 aliqui
1209 4139 1422 4195 negant,
1458 4138 1586 4200 quia
1621 4138 1722 4186 boc
1753 4139 1894 4187 esset
1924 4137 2081 4186 nimis
2114 4145 2429 4192 onerosum,
2466 4141 2640 4194 neque
2675 4128 2755 4181 est
2804 4128 2864 4179 ln

259 4207 387 4250 usu.
423 4197 596 4259 Aliqui
633 4206 760 4246 vero
793 4195 1082 4258 affirmant,
1117 4196 1162 4246 si
1195 4206 1226 4245 a
1262 4199 1384 4248 atur
1415 4197 1479 4248 de
1515 4209 1745 4261 persona
1781 4199 2080 4251 arctissimo
2127 4196 2342 4248 vinculo
2398 4192 2686 4254 conjuncta
2738 4201 2864 4240 cum

261 4253 512 4317 laedente,
551 4259 606 4308 ut
638 4259 682 4307 si
718 4257 876 4308 laesus
908 4260 977 4308 sit
1010 4259 1188 4320 pater;
1249 4269 1351 4309 unc
1383 4260 1523 4310 enim
1559 4259 1770 4311 laeditur
1800 4263 1851 4313 et
1885 4259 2071 4330 pietas.
2108 4260 2216 4308 Hoc
2268 4258 2445 4307 tamen
2499 4266 2607 4304 non
2664 4252 2868 4304 valeret

255 4320 333 4372 de
360 4318 661 4378 coniunctis
695 4320 1099 4382 remotioribus;
1137 4330 1307 4385 neque
1339 4320 1404 4372 de
1436 4320 1789 4383 confessario,
1819 4331 1949 4385 quia
1981 4323 2137 4371 extra
2172 4318 2575 4371 confessionem
2598 4316 2738 4366 inter
2764 4325 2875 4378 ρω-

263 4382 526 4433 nitentem
562 4383 612 4432 et
644 4381 1036 4436 confessarium
1066 4384 1212 4435 tanta
1244 4383 1430 4436 relatio
1463 4394 1573 4436 non
1607 4383 1851 4444 babetur,
1882 4383 1940 4432 ut
1983 4381 2241 4433 detractio
2294 4391 2494 4431 novam
2544 4377 2738 4430 addere
2787 4375 2875 4428 de-

261 4443 391 4497 beat
426 4442 683 4496 malitiam
720 4444 1021 4506 mortalem;
1063 4444 1118 4496 et
1147 4456 1276 4498 sane
1309 4445 1665 4497 communiter
1699 4456 1807 4497 non
1844 4443 2135 4496 attenditur
2170 4448 2228 4496 ut
2270 4443 2447 4504 gravis
2482 4441 2598 4492 talis
2633 4439 2809 4504 culpa.

245 4561 250 4566 ,
393 4506 643 4562 Attamen
672 4508 842 4558 etiam
868 4506 1012 4564 dato,
1045 4507 1189 4569 quod
1225 4507 1432 4558 ratione
1465 4507 1547 4558 sui
1582 4519 1688 4559 non
1724 4509 1793 4558 sit
1824 4505 2144 4572 explicanda
2194 4505 2426 4570 qualitas
2479 4512 2721 4566 personas
2817 4511 2878 4551 er

257 4567 659 4622 deuactionem
693 4568 860 4622 toesae:
898 4570 1207 4633 plerumque
1241 4569 1331 4622 itta
1361 4568 1574 4624 videtur
1605 4569 1909 4622 necessario
1941 4566 2233 4620 indicanda
2262 4568 2470 4619 ratione
2503 4564 2784 4616 consectar-
2808 4573 2865 4613 o·

261 4641 413 4691 rum,
446 4629 513 4680 ad
548 4642 668 4694 quae
701 4630 882 4682 forsan
918 4631 1095 4703 plures
1131 4642 1237 4681 non
1274 4630 1741 4683 animadvertunt:
1777 4633 2008 4697 quoties,
2044 4642 2095 4681 v.
2129 4642 2199 4705 37
2251 4626 2580 4683 detrahendo
2636 4623 2881 4688 superio·

245 4690 452 4754 ,aihum
478 4694 714 4748 maxime
745 4692 1134 4754 ecclesiasticis,
1169 4687 1442 4746 auditores
1477 4694 1794 4750 avertuntur
1827 4694 1896 4746 ab
1929 4692 2250 4757 obedientia,
2286 4704 2321 4744 a
2352 4691 2626 4754 religione,
2677 4697 2742 4742 ac
2791 4695 2879 4736 re·

261 4754 437 4808 {uelles
470 4754 624 4818 ῌιιω,
662 4757 717 4812 et
751 4754 818 4808 ad
855 4756 1092 4810 extrema
1129 4754 1451 4810 deveniunt!
