3292 5167
1022 221 1102 268 nt:
1149 218 1325 267 vrrus
1373 184 1673 268 ammom
1713 222 2016 271 opposms
2244 199 2260 231 '
2732 205 2817 273 93

1027 440 1360 510 οΑΡυτ
1433 392 2006 511 secunaum

1142 591 1238 647 DE
1273 582 1919 648 IRRELIGIOSITATE.

311 820 498 886 ¹28.
547 822 1013 907 Irreligiositas
1064 830 1164 891 est
1211 823 1464 906 vitium,
1528 824 1693 910 quod
1758 824 2099 909 Reliqionis
2165 825 2386 891 virtuti
2444 806 2853 895 adventatur‘
2912 808 2923 813 ’

231 948 328 1014 per
363 928 687 1012 defectum,
736 930 1018 1016 quodque
1061 931 1252 998 tendit
1297 931 1383 998 ad
1426 932 1905 999 irreverentiam
1950 935 2078 999 Deo
2124 931 2350 998 directe
2401 933 2812 1019 inferendam,

234 1036 314 1101 vei
348 1035 642 1103 indirecte
686 1039 757 1103 in
801 1039 986 1105 rebus
1030 1050 1142 1105 aut
1179 1040 1469 1125 personis
1513 1039 1733 1105 sacris.
1784 1038 1851 1105 Si
1906 1038 1968 1104 1⁰
2018 1036 2237 1120 modo,
2267 1038 2594 1123 accipitur
2644 1040 2821 1108 irre-·

237 1142 562 1225 ligiositaS,
613 1144 758 1230 eJ‘us
808 1146 1067 1230 species
1116 1152 1272 1214 sunt
1321 1146 1597 1213 tentatio
1646 1146 1787 1228 Dei,
1841 1146 2204 1231 perJ'urium
2254 1153 2320 1214 et
2366 1146 2811 1234 blasphemia;

229 1249 275 1316 si
318 1249 379 1315 2⁰
424 1249 652 1333 modo,
706 1252 849 1338 einis
899 1254 1156 1339 species
1203 1261 1361 1322 sunt
1408 1254 1827 1339 sacrilegium
1876 1260 1941 1322 et
1989 1253 2291 1321 simonia.

497 1538 649 1605 Aar.
702 1538 748 1605 1.
797 1575 886 1584 —
936 1541 1022 1605 De
1061 1540 1395 1606 tentatione
1441 1539 1574 1622 Dei,
1626 1539 2009 1626 blasphemia
2054 1552 2109 1606 et
2153 1538 2505 1624 sacrileqio.

302 1770 479 1833 122.
534 1773 608 1851 Q.
663 1773 722 1837 1.
776 1770 941 1851 Quid
982 1783 1069 1837 est
1109 1772 1363 1837 tentatio
1397 1771 1533 1851 Dei,
1570 1771 1914 1857 quotuplea:
1960 1783 2015 1837 et
2060 1771 2242 1855 quale
2303 1779 2675 1857 peccatum?
2874 1856 2883 1866 Ι

304 1880 367 1944 R.
416 1877 723 1944 Tentatio
777 1876 893 1944 Dei
943 1883 1045 1944 est
1091 1877 1325 1945 dictum
1395 1877 1494 1945 vel
1539 1878 1817 1962 factum,
1868 1896 1987 1961 quo
2033 1878 2172 1961 quis
2216 1879 2351 1944 sine
2385 1880 2562 1964 justa
2610 1899 2805 1947 causa

227 1986 514 2070 explorat,
565 2005 721 2051 num
766 1988 934 2053 Deus
980 1985 1058 2051 sit
1101 1997 1336 2071 potem,
1385 1985 1652 2071 sapiens,
1702 1984 2076 2066 misericors,
2110 1984 2206 2050 vel
2249 1985 2443 2051 aliam
2484 1986 2810 2072 perfectio-

229 2111 349 2156 nem
390 2091 611 2157 habeat
626 2115 653 2170 ,·
701 2091 979 2159 tentatio
1029 2092 1204 2158 enim
1252 2091 1317 2159 in
1368 2110 1609 2177 genere
1658 2091 1829 2158 idem
1881 2099 1981 2157 est
2020 2109 2093 2158 ac
2143 2090 2389 2176 aliquid
2432 2092 2800 2177 explorare,

228 2198 310 2263 vel
353 2198 430 2265 de
477 2216 561 2265 eo
612 2200 1143 2283 experimentum
1193 2215 1456 2266 sumere
1492 2205 1540 2265 ¹.
1597 2198 1858 2284 Duplex
1922 2207 2056 2265 est:
2134 2215 2260 2264 una
2322 2199 2620 2285 explicita
2668 2199 2804 2267 sive

229 2305 532 2387 [omialis;
580 2305 785 2372 altera
831 2305 1139 2391 implicita
1192 2305 1329 2373 sive
1375 2306 1864 2391 interpretativa.

310 2412 608 2479 Tentatio
658 2411 777 2479 Dei
826 2412 1124 2497 eoeplicita
1171 2418 1272 2479 est
1321 2411 1584 2497 quando
1637 2411 1788 2496 quis
1837 2429 2152 2496 expresse
2200 2410 2508 2479 dubitans
2559 2409 2639 2478 de
2683 2411 2804 2479 ali-

231 2536 336 2603 qua
380 2519 502 2586 Dei
555 2518 1007 2603 perfectione,
1049 2518 1387 2604 quidpiam
1434 2520 1587 2587 facit
1635 2519 1857 2587 animo
1909 2536 2051 2586 eam
2118 2518 2545 2604 explorandi:
2595 2528 2667 2586 ut
2715 2520 2803 2587 si-

230 2629 351 2711 quis
396 2626 709 2694 dubitans
775 2626 856 2693 de
905 2626 1126 2711 aliquo
1178 2625 1333 2694 fidei
1382 2627 1661 2694 articulo
1716 2634 1893 2712 petat
1964 2645 1997 2693 a
2055 2628 2194 2694 Deo
2244 2626 2678 2710 miraculum,
2729 2634 2801 2694 ut

227 2742 419 2803 certus
488 2734 632 2816 fiat3
681 2734 782 2801 vel
832 2752 905 2803 se
952 2752 1040 2815 ex⁴
1081 2735 1208 2801 alta
1259 2735 1420 2802 turri
1458 2734 1721 2821 dejiciat
1769 2744 2186 2820 experturuS,
2224 2753 2301 2802 an
2338 2738 2517 2823 Deus
2553 2736 2639 2803 sit
2675 2755 2797 2822 po-

239 2850 359 2909 tens
402 2860 558 2910 eum
605 2860 641 2907 a
689 2848 905 2908 morte
954 2858 1235 2908 servare.

300 2951 590 3018 Tentatio
643 2967 798 3017 vero
850 2949 964 3016 Dei
1016 2949 1323 3036 implicita
1371 2957 1470 3017 est
1508 2949 1773 3036 quando
1816 2949 1964 3034 quis
2007 2967 2319 3034 expresse
2356 2948 2623 3034 quidem
2661 2967 2793 3017 non

233 3053 457 3124 dubitat
505 3057 588 3124 de
638 3054 773 3122 ulla
821 3055 938 3122 Dei
986 3055 1412 3141 perfectione,
1464 3074 1681 3141 neque
1732 3055 2018 3122 intendit
2087 3054 2337 3123 directe
2386 3057 2797 3140 experimen-

233 3170 345 3230 tum
390 3162 468 3230 de
515 3162 627 3229 illa
678 3163 1058 3248 suscipere3
1109 3161 1273 3246 petit
1323 3168 1541 3230 tamen
1593 3163 1692 3229 vel
1758 3162 1910 3230 facit
1982 3160 2162 3247 quod
2232 3179 2312 3229 ex
2383 3170 2613 3229 natura
2676 3180 2793 3231 sua

234 3286 336 3335 non
385 3275 603 3355 potest
648 3268 851 3334 alium
899 3268 962 3335 in
1017 3268 1214 3337 finem
1265 3268 1537 3352 referri,
1589 3286 1787 3355 quam
1837 3269 1916 3336 ad
1973 3267 2442 3354 explorandam
2508 3269 2794 3354 aliquam

232 3376 326 3441 Dei
371 3376 865 3462 perfectionem.
914 3377 997 3442 Et
1044 3375 1374 3460 contingit
1446 3375 1832 3462 dupliciter:
1895 3376 1959 3460 l)
2027 3393 2176 3443 cum
2226 3375 2375 3460 quis
2432 3375 2574 3444 sine
2615 3378 2793 3463 justa

231 3498 396 3551 causa
441 3489 556 3550 aut
605 3482 748 3551 sine
797 3481 1016 3550 divino
1066 3481 1386 3550 instinctu
1436 3483 1710 3568 negligit
1757 3481 1973 3550 media
2021 3482 2384 3565 ordinaria,
2434 3490 2500 3551 et
2562 3501 2597 3551 a
2644 3485 2790 3552 solo

233 3589 342 3657 Deo
389 3590 739 3658 temerarie
788 3597 1091 3674 expectat
1139 3591 1449 3659 effectum
1498 3589 2116 3670 extraordinarium,
2170 3596 2243 3657 ut
2308 3591 2362 3658 si
2410 3592 2473 3658 in
2527 3592 2789 3677 pericu-

231 3695 347 3767 loso
388 3698 626 3767 morbo
676 3705 947 3783 respuat
996 3715 1262 3765 omnem
1312 3697 1705 3766 medicinam
1781 3716 1814 3765 a
1887 3698 2030 3765 solo
2080 3700 2218 3766 Deo
2277 3707 2632 3784 expectans
2681 3717 2789 3767 sa-

228 3804 494 3888 nitatem3
537 3808 610 3890 2)
661 3804 925 3890 quando
975 3805 1123 3890 quis
1173 3813 1413 3891 sponte
1486 3807 1630 3892 ipse
1683 3823 1844 3889 sua,
1899 3806 2149 3891 absque
2213 3806 2500 3889 legitima
2571 3823 2787 3889 causa,

227 3928 281 3978 se
317 3914 571 3999 conjicit
622 3897 688 3979 in
729 3913 860 3980 tale
912 3913 1307 3998 periculum,
1363 3920 1432 3980 ut
1480 3920 1768 3999 nequeat
1803 3914 2064 3983 liberari
2109 3914 2253 3980 sine
2287 3915 2401 3980 Dei
2440 3913 2781 3995 miraculo,

228 4019 296 4085 uti
335 4022 383 4089 si
434 4040 551 4106 per
602 4019 1180 4104 Quadragesimam
1230 4027 1413 4088 extra
1485 4021 1844 4107 specialem
1908 4022 2023 4088 Dei
2097 4021 2485 4088 instinctum
2521 4072 2538 4103 ,
2588 4020 2786 4089 vellet

229 4126 516 4195 abstinere
564 4146 638 4195 se
686 4127 766 4194 ab
815 4128 995 4193 omni
1048 4128 1197 4195 cibo
1272 4135 1337 4194 et
1415 4135 1613 4215 potu,
1667 4141 2015 4215 expectans
2065 4147 2099 4197 a
2149 4130 2289 4196 Deo
2335 4127 2787 4196 extraordina-

230 4234 355 4303 riam
395 4237 543 4302 vitae
595 4252 737 4303 suae
788 4236 1382 4303 conservationem.

293 4343 579 4410 Tentatio
628 4340 748 4408 Dei
798 4348 899 4409 est
947 4350 1290 4428 peccatum
1356 4360 1442 4410 ex
1506 4361 1578 4410 se
1625 4342 1949 4424 mortale,
2000 4342 2148 4426 quia
2202 4358 2460 4426 gravem
2511 4344 2649 4411 Deo
2698 4343 2785 4409 ir-

230 4458 375 4532 rogat
418 4447 933 4516 irreverentiam.
986 4449 1150 4516 Hinc
1196 4448 1402 4515 illud:
1448 4467 1576 4514 non
1621 4448 1884 4514 tentabis
1922 4447 2253 4514 Dominum
2287 4451 2483 4515 Deum
2513 4461 2691 4515 tuum
2728 4450 2779 4531 ²,

273 4658 289 4698 ¹
324 4660 368 4710 V.
401 4661 450 4713 d.
485 4662 747 4724 Thomas,
782 4666 835 4721 ἣ,
863 4665 911 4728 2,
945 4673 1000 4725 q.
1032 4663 1115 4722 97,
1153 4671 1204 4710 a.
1237 4662 1283 4710 l.
1796 4726 1803 4733 ,
1909 4656 1935 4698 ²
1967 4656 2145 4708 matth.
2183 4669 2255 4710 iv.
