3292 5167
536 226 673 295 3¹6
1247 244 1475 307 uuir.
1522 246 1734 297 ruer.
1785 247 1866 293 νι.
1915 247 2061 295 mss,
2111 247 2187 292 iv.
2234 248 2365 294 mr.
2414 248 2501 293 111.

534 349 836 429 Μαντίου,
877 347 947 409 in
984 347 1340 427 qualemque
1381 348 1553 410 modo
1594 363 1892 427 avoenya,
1937 363 2064 411 non
2102 350 2133 410 ὸ
2175 349 2404 413 donata
2449 348 2685 412 alcuna
2721 351 3138 430 prestazioue

537 430 606 499 αἱ
648 428 1006 490 concedente
1052 425 1099 489 ¹.
1157 426 1247 490 Lu
1290 426 1693 507 subenfiteusi
1733 446 1857 490 non
1899 431 1930 489 ἑ
1972 445 2272 491 ammessa
2316 429 2462 507 (art.
2512 428 2717 510 1562).
2759 430 2926 508 -·-2)
2969 428 3137 511 ani

539 511 859 572 ventinove
900 507 1058 571 anni
1104 507 1211 586 (ad
1257 508 1628 570 evitandum
1678 510 2182 588 praescriptionis
2225 508 2610 588 periculum)
2674 509 2726 573 il
2764 511 3136 574 concedente

536 595 660 669 pud
703 589 981 651 chiedere
1055 589 1119 650 la
1183 588 1610 667 ricoqnizione
1678 589 1776 651 del
1817 590 2073 667 proprio
2115 589 2340 652 diritto
2382 590 2464 651 da
2507 589 2611 651 clii
2671 591 2730 652 si
2793 597 2971 653 trooa
3024 592 3131 655 nel

529 687 811 750 possesso
854 670 950 733 del
994 667 1179 749 fondo
1243 670 1609 747 enfiteutico.
1654 669 1777 731 Per
1820 671 2002 732 l'atto
2047 670 2113 731 di
2158 671 2583 753 ricoqnizione
2639 688 2763 733 non
2824 674 2855 733 e
2897 673 3134 735 dovuta

537 751 773 814 alcuna
814 751 1256 830 prestazione:
1304 749 1356 811 le
1418 767 1587 828 spese
1631 750 1696 811 di
1739 767 1877 812 essa
1932 767 2078 812 sono
2138 767 2178 812 a
2241 751 2452 812 carico
2494 751 2591 813 dei
2639 751 2988 830 possessore
3028 753 3134 817 det

537 830 720 911 fondo
751 831 899 908 (art.
931 831 1134 909 1563).
1181 829 1346 908 —3)
1371 829 1742 908 L'enfiteuta
1771 835 1892 909 pud
1936 847 2171 909 sempre
2214 831 2512 893 redimere
2555 830 2604 891 il
2643 831 2828 910 fondo
2869 832 3128 911 enfiteu·

541 913 664 973 rico
707 912 1017 973 mediante
1059 911 1109 972 it
1148 917 1514 990 paqamento
1557 910 1625 971 di
1667 927 1752 971 un
1795 911 2069 990 capitale
2101 911 2168 971 in
2209 911 2451 973 donaro
2491 913 2998 991 corrispondente
3028 914 3126 976 al·

541 992 800 1055 l’annuo
842 1009 1094 1067 canone,
1126 991 1296 1053 sulla
1328 988 1470 1053 base
1499 990 1947 1053 dell'interesse
1993 991 2234 1070 legalem
2280 993 2356 1053 od
2391 993 2458 1055 al
2499 993 2708 1055 valore
2736 993 2891 1055 dello
2926 1000 3134 1058 stesso

537 1091 772 1136 canone
814 1091 876 1136 se
917 1075 947 1135 e
992 1073 1059 1134 in
1100 1073 1371 1145 (terrete,
1414 1071 1582 1144 sulla
1628 1066 1770 1133 base
1812 1072 1910 1135 dei
1947 1087 2178 1150 presso
2215 1073 2408 1134 medio
2451 1058 2524 1135 d!
2560 1080 2768 1152 queste
2810 1074 2978 1154 neqli
3019 1075 3122 1137 ul·

543 1153 684 1216 timi
725 1153 885 1214 dieci
925 1152 1081 1215 anni
1118 1150 1164 1213 ².
1213 1151 1288 1212 Le
1326 1152 1509 1231 parti
1548 1167 1807 1229 possano
1864 1152 2141 1213 tuttavia
2185 1154 2512 1215 convenire
2555 1153 2604 1214 il
2646 1162 3015 1232 paqomento
3056 1156 3129 1218 di

536 1251 623 1297 un
670 1233 947 1313 capitote
1008 1231 1307 1311 inferiore
1376 1247 1415 1291 a
1459 1231 1659 1310 quello
1701 1248 1887 1311 sopra
1930 1240 2286 1295 accennato.
2336 1233 2454 1296 Ove
2489 1234 2575 1295 'si
2637 1235 2828 1296 tratti
2868 1236 2934 1296 di
2972 1235 3122 1314 enfi-

541 1316 725 1391 teusi‚
768 1330 1056 1377 concessa
1098 1330 1139 1374 α
1187 1320 1380 1392 tempo
1424 1312 1835 1374 determinato
1878 1322 1908 1373 e·
1949 1331 2069 1376 uon
2111 1314 2426 1376 eccedente
2489 1315 2514 1377 i
2556 1315 2925 1397 trent'anm',
2980 1332 3122 1395 pos·

535 1413 681 1458 sono
724 1394 918 1457 anche
982 1394 1306 1456 convenire
1351 1391 1399 1453 il
1440 1401 1810 1472 poqamento
1852 1394 1920 1455 di
1962 1411 2048 1456 un
2111 1395 2384 1473 capitale
2449 1398 2785 1475 superiore,
2829 1395 2934 1458 che
2998 1413 3128 1459 non

525 1476 720 1555 poti-d
758 1480 907 1555 perd
950 1476 1227 1536 accedere
1270 1473 1320 1534 il
1363 1481 1585 1552 quarto
1629 1475 1696 1534 di
1720 1475 1917 1553 quello
1950 1491 2135 1553 sopra
2168 1473 2454 1537 stabilito
2485 1477 2627 1558 (art.
2666 1476 2867 1557 1564).
2902 1475 3121 1549 Quoad

536 1567 748 1617 cetera
794 1557 1137 1617 videantur
1182 1556 1683 1626 conventiones3
1748 1569 1888 1633 quae
1951 1558 2001 1615 si
2072 1555 2397 1625 deficiant,
2447 1573 2528 1619 en
2596 1558 2837 1634 regulae
2881 1573 2915 1619 a
2975 1557 3124 1637 lege

534 1644 668 1699 tum
714 1637 916 1715 quoad
964 1636 1441 1713 emphyteutam
1490 1643 1619 1695 tum
1670 1636 1874 1713 quoad
1923 1637 2438 1713 proprietarium.
3039 1656 3044 1661 ’

693 1717 766 1793 a)
809 1717 1270 1794 Emphyteuta:
1317 1714 1378 1793 1)
1422 1712 1613 1776 solvit
1655 1717 1871 1777 omnia
1921 1715 2154 1777 tributa
2202 1714 2530 1795 praedialia
2577 1728 2640 1779 et
2668 1727 2878 1779 cetera
2927 1717 3120 1780 fundi

533 1812 763 1869 onera3
805 1798 871 1875 2)
919 1804 1173 1858 tenetur
1221 1797 1539 1872 integrum
1587 1812 1900 1857 canonem
1951 1796 2258 1872 tribuere,
2306 1814 2434 1875 non
2505 1796 2798 1859 obstante
2863 1797 3118 1859 insolita

416 1918 421 1925 -
533 1878 901 1951 sterilitate,
943 1877 1045 1938 vel
1092 1876 1410 1937 fructuum
1460 1878 1763 1950 interitu3
1821 1895 1853 1937 a
1899 1893 2023 1955 quo
2072 1886 2280 1938 tamen
2331 1877 2644 1939 liberatur
2708 1880 2760 1939 si
2828 1895 2908 1939 ex
2955 1882 3120 1940 inte-

532 1974 646 2036 gro
690 1957 926 2019 fundus
973 1959 1156 2035 perit.
1222 1954 1286 2017 Si
1333 1972 1412 2017 ex
1459 1966 1633 2032 parte
1682 1965 1928 2018 tantum
1972 1957 2364 2032 destruatur,
2411 1958 2622 2020 adhuc
2670 1964 2841 2021 totus
2911 1974 3118 2021 cauou

532 2035 876 2100 solvendus
920 2046 1037 2110 est,
1085 2039 1135 2097 si
1208 2045 1375 2098 totus
1420 2051 1497 2096 ex
1544 2034 1742 2097 fundo
1788 2038 2210 2115 percipiatur3
2275 2049 2338 2099 at
2401 2039 2452 2099 si
2525 2036 2762 2100 fundus
2836 2042 3006 2118 perit
3050 2040 3119 2101 in

536 2127 715 2197 parte
787 2117 1092 2193 notabili,
1133 2117 1543 2196 emphyteuta
1612 2126 1819 2194 potest
1883 2117 2249 2179 rescindere
2307 2120 2814 2197 emphyteusim3
2882 2120 2947 2196 3)
2995 2118 3118 2181 sihi

544 2199 820 2276 acquirit
864 2214 1085 2263 omnes
1153 2197 1396 2260 fructus
1442 2196 1624 2259 fundi
1682 2207 1746 2259 et
1788 2197 1925 2275 ejus
1968 2201 2398 2273 accessiones;
2459 2213 2522 2260 et
2569 2198 2794 2260 iisdem
2855 2200 3118 2277 juribus

529 2281 731 2341 utitur
774 2279 1002 2357 quibus
1049 2278 1507 2356 proprietarius
1551 2278 1753 2355 quoad
1806 2282 2174 2339 thesaurum
2219 2295 2290 2340 ac
2332 2278 2586 2340 fodinas
2632 2296 2773 2359 quae
2807 2281 2869 2341 in
2911 2279 3119 2342 fundo

529 2360 952 2421 inveniuntur
998 2357 1191 2436 (quod
1233 2357 1339 2435 jus
1385 2375 1511 2419 non
1561 2358 1754 2420 hahet
1801 2358 2073 2436 simplex
2120 2358 2680 2437 usufructuariae).

693 2437 762 2517 b)
811 2438 1276 2517 Proprietarius
1319 2455 1469 2499 vero
1519 2447 1724 2516 potest
1770 2438 1949 2500 fundi
1999 2438 2473 2515 devolutionem
2521 2450 2738 2517 petere
2773 2438 2928 2519 (nisi
2977 2454 3109 2500 em-

524 2519 834 2659 phyteuta
879 2520 1025 2598 jure
1070 2519 1531 2596 redemptionis
1574 2520 1685 2581 'uti
1753 2518 1973 2598 velit):
2021 2520 2085 2597 1)
2128 2538 2178 2580 si
2229 2529 2368 2597 post
2411 2519 2761 2597 legitimam
2810 2518 3114 2597 interpel-

554 2611 833 2661 attonem
879 2599 1124 2661 duobus
1169 2601 1357 2660 annis
1404 2601 1779 2661 successivis
1841 2600 2251 2678 emphyteuta
2312 2616 2622 2675 canonem
2669 2616 2796 2661 non
2843 2600 3110 2664 solverit

527 2678 670 2757 (sed
717 2683 772 2741 ei
821 2679 1286 2758 compensanda
1335 2687 1486 2741 sunt
1528 2680 2032 2752 melioramenta‚
2078 2682 2129 2742 si
2175 2697 2316 2759 quae
2356 2679 2519 2743 facta
2551 2682 2682 2742 sint
2719 2681 2902 2759 juxta
2953 2679 3116 2759 legis

523 2761 1033 2840 praescriptum);
1096 2761 1162 2837 2)
1208 2762 1258 2820 si
1307 2760 1504 2821 fundo
1548 2760 1939 2821 detrimento
1984 2763 2232 2835 aflerat,
2282 2761 2382 2822 vel
2448 2759 2527 2821 de
2570 2778 2645 2822 eo
2713 2760 3115 2825 meliorando

524 2855 654 2901 non
703 2850 923 2915 curet3
969 2855 1110 2902 cum
1160 2839 1277 2900 hac
1322 2850 1529 2900 tamen
1579 2841 2016 2902 advertentia:
2062 2839 2097 2903 I
2134 2842 2439 2904 creditori
2480 2841 2932 2920 dell'enfiteuta
2975 2860 3112 2921 pos·

524 2938 670 2983 sono
713 2921 1088 2983 intervenire
1131 2921 1232 2982 nel
1274 2921 1557 2998 qiudizio
1594 2938 1707 2999 per
1767 2938 2134 2984 conservare
2178 2922 2233 2984 Ie
2286 2923 2416 2984 lom
2458 2924 2727 3001 raqioni,
2790 2923 3116 2986 vacendosi

522 3000 721 3063 anche
763 3003 1036 3079 ail'uopo
1077 3001 1176 3062 del
1217 3000 1441 3062 diritto
1474 3001 1539 3063 di
1579 3001 2047 3082 affrancazione
2080 3009 2391 3081 spectante
2419 3002 2857 3081 ali'enfiteuta.
2893 3004 3115 3082 offrire

521 3082 572 3143 il
614 3083 1052 3144 risorcimento
1094 3080 1193 3144 dei
1232 3082 1452 3156 donni,
1497 3098 1528 3142 e
1569 3082 1722 3145 dare
1763 3084 2056 3145 cauzioni
2093 3099 2205 3162 per
2250 3081 2581 3145 l'avvent're
2633 3084 2779 3160 (art.
2826 3082 3013 3163 1565)
3061 3082 3114 3147 ⁸.

604 3162 698 3227 Ex
738 3163 889 3225 Jure
934 3174 1146 3225 autem
1191 3162 1624 3225 ecclesiastico
1692 3180 1852 3225 nova
1902 3166 2225 3225 investitio
2300 3166 2362 3224 in
2408 3179 2559 3225 casu
2624 3164 3114 3226 affrancationis

522 3258 651 3307 non
700 3253 906 3320 potest
953 3245 1095 3305 fieri
1160 3246 1223 3304 in
1273 3259 1510 3304 mensis
1556 3243 2023 3318 nummulariis»,
2084 3246 2289 3322 capsis
2333 3244 2607 3322 puhlicis
2653 3242 2751 3304 vel
2801 3245 3107 3321 parsimo-

522 3324 801 3385 nialibus
845 3325 1063 3403 (vulgo
1107 3339 1292 3386 cassa
1335 3323 1401 3384 di
1442 3324 1835 3404 risparmio).
1908 3322 2062 3386 ltem
2107 3330 2318 3404 neque
2366 3326 2431 3387 in
2478 3321 2730 3386 schedis
2762 3321 2964 3389 debiti
2995 3340 3110 3404 pu·

522 3401 697 3477 blici,
739 3406 885 3482 quia
932 3420 1058 3466 non
1104 3412 1200 3466 est
1245 3404 1622 3466 canonicum
1669 3412 1732 3467 et
1772 3418 1997 3466 verum
2045 3405 2615 3479 investimentum5
2660 3403 2771 3465 sed
2819 3404 2964 3465 fieri
2996 3404 3110 3466 de·

521 3481 742 3545 hetin
788 3485 971 3546 honis
1031 3483 1367 3546 stabilibus
1432 3487 1584 3546 tutis
1654 3495 1718 3547 et
1761 3484 2157 3559 fructiferis;
2230 3486 2432 3563 iisque
2503 3482 2979 3558 deficientibus»,
3043 3487 3112 3546 in

522 3572 721 3626 censu
763 3563 917 3642 (nisi
961 3575 1184 3644 agatur
1228 3563 1308 3625 de
1352 3562 1561 3642 legate
1606 3564 1960 3641 missarum,
2005 3582 2119 3645 pro
2161 3581 2285 3644 quo
2332 3581 2561 3651 census
2627 3579 2755 3626 non
2822 3564 3109 3627 admitti·

525 3645 674 3723 tur).
720 3641 807 3705 Ita
853 3643 1094 3722 pluries
1135 3642 1192 3706 S.
1240 3643 1300 3705 C.
1352 3643 1621 3707 Concilii
1661 3644 1710 3707 ⁴.

582 3776 605 3816 ¹
642 3779 702 3829 In
733 3777 1077 3830 translatione
1109 3777 1266 3841 emph
1310 3777 1474 3829 tensis
1507 3791 1681 3830 novus
1712 3780 1920 3842 emptor
1952 3779 2159 3832 solvere
2192 3779 2471 3835 tenebatur
2503 3778 2629 3829 ‘duo
2671 3777 2728 3828 in
2772 3777 2988 3829 centum
3021 3776 3113 3831 do-

518 3840 687 3913 mino,
719 3839 863 3905 quod
900 3839 1126 3912 pretium
1174 3791 1486 3912 tougemtum
1518 3842 1808 3903 dicebatur,
1843 3843 1995 3914 quasi
2028 3844 2094 3895 sit
2143 3841 2507 3895 translationis
2540 3840 2791 3913 laudatio.
2825 3840 2962 3913 §lum
2982 3841 3114 3913 'lau-

515 3901 754 3955 demium
786 3915 896 3954 non
928 3906 1238 3974 stt-proprle
1269 3903 1538 3967 loquendo
1554 3905 1757 3955 tructus
1788 3916 1885 3964 rei,
1921 3903 2010 3955 sed
2045 3905 2273 3969 simplex
2307 3904 2594 3964 recognitio
2616 3902 2860 3961 dominii,
2899 3915 2941 3952 si
2979 3902 3113 3954 illud

514 3967 790 4081 5ᾟέιῖΞῶ
804 3964 1423 4081 &Patareus
1448 3964 1944 4080 ‘affi‘iaiitffliiffib
1957 3966 2152 4081 ..titii
2168 3967 2512 4082 ‘’tritutiit
2536 3965 2652 4079 ‘isr-
2683 3965 3120 4090 Biffiflidliinffi

514 4089 646 4141 illud
684 4091 865 4143 volunt
898 4089 1201 4141 habendum
1231 4100 1349 4141 esse
1381 4042 1560 4143 utlffiit
1591 4102 1715 4154 pars
1746 4091 1915 4154 ipsius
1947 4092 2205 4154 capitalis,
2255 4090 2481 4154 ldeoque
2514 4065 2680 4143 illius.
2710 4092 2964 4140 naturam
2996 4100 3110 4140 sor·

512 4151 887 4225 tiri,·rnaxim0
920 4153 967 4203 si
997 4153 1357 4216 emphyteusis
1390 4152 1698 4205 redimatur.
1733 4155 1800 4205 At
1833 4155 2026 4265 qima,
2051 4155 2233 4217 opinio
2280 4152 2570 4226 generatim
2610 4154 2874 4226 praevalet.
2907 4152 3109 4201 Verum

516 4225 581 4265 ex
605 4227 707 4265 civ.
745 4214 862 4266 cod.
887 4215 1199 4265 {audentium
1222 4226 1330 4265 non
1354 4216 1583 4279 amplius
1604 4216 1819 4268 obtinet.
1887 4228 1914 4266 e
1938 4216 2037 4265 hoc
2059 4218 2341 4274 contractu
2364 4215 2485 4265 vide
2516 4215 2744 4274 Lutum-1,
2784 4213 2919 4274 opus
2946 4214 3112 4273 Mor„

514 4276 548 4326 l.
581 4287 657 4337 ιιι,
692 4288 745 4327 ιι.
779 4279 886 4328 865.
916 4302 981 4315 -
1012 4276 1207 4339 Alesia,
1242 4278 1312 4327 De
1343 4279 1476 4329 Just.
1513 4284 1563 4331 et
1594 4280 1740 4339 lure,
1774 4278 1911 4339 disp.
1951 4290 2005 4327 ιι.
2039 4302 2102 4314 -
2135 4278 2343 4338 molina,
2368 4278 2438 4326 De
2471 4277 2699 4338 Iustitia,
2722 4276 2861 4339 disp.
2887 4286 3108 4326 coxmv.

578 4337 602 4377 ²
643 4360 661 4382 ·
697 4339 754 4389 ln
785 4337 932 4390 forza
962 4338 1097 4390 della
1120 4340 1284 4403 Legge
1304 4340 1368 4392 24
1387 4340 1611 4403 gennajo
1635 4342 1776 4402 1864,
1799 4352 1828 4390 e
1846 4338 2222 4402 Regolamento
2246 4342 2302 4390 11
2331 4350 2529 4399 marzo,
2566 4339 2673 4402 puo
2706 4349 2835 4389 aver
2861 4336 3023 4400 luogo
3055 4335 3115 4388 la.

511 4399 827 4452 redemtione
877 4401 959 4453 dei
1008 4401 1126 4453 beni
1161 4403 1447 4454 enliteutici
1494 4414 1526 4453 a
1596 4405 1868 4469 ualunque
1908 4412 2075 4464 epoca
2116 4404 2159 4453 si
2217 4401 2544 4462 riieriscono,
2597 4400 2815 4464 quando
2849 4399 2885 4450 il
2917 4410 3103 4451 conces

514 4460 673 4513 dente
704 4475 736 4514 o
767 4462 881 4514 cosi
913 4464 1058 4516 detto
1089 4464 1361 4515 direttario
1394 4465 1473 4516 sia
1499 4465 1533 4516 il
1605 4466 1834 4527 adianto,
1870 4476 1902 4515 o
1936 4464 2135 4535 qualun
2179 4475 2243 4513 ue
2279 4465 2414 4513 altra
2440 4461 2930 4514 amministrazione
2962 4461 3111 4512 deno

514 4524 684 4587 State,
719 4538 753 4577 o
783 4526 935 4589 corpi
968 4527 1171 4577 morali.
1203 4551 1268 4564 —
1302 4526 1430 4579 Vide
1459 4529 1621 4579 etiarn
1655 4529 1760 4579 Lex
1793 4530 2115 4589 transitoria,
2183 4529 2215 4579 0
2247 4537 2373 4576 nov.
2429 4527 2575 4587 1865,
2609 4528 2705 4576 art.
2737 4525 2800 4577 20
2831 4524 2884 4573 et
2914 4534 3064 4589 seqq.
3082 4534 3101 4586 ;

511 4587 568 4639 et
595 4586 864 4651 disputata
894 4592 955 4640 de
985 4601 1137 4651 censu
1168 4590 1223 4639 in
1256 4587 1694 4643 adnotationibus
1749 4600 1800 4640 n.
1830 4590 1942 4640 612.

576 4649 599 4689 ⁸
635 4650 689 4702 c,
723 4650 786 4702 Α.
822 4652 977 4724 ¹¹23?
1009 4675 1072 4688 -
1107 4651 1161 4702 c.
1197 4650 1245 4701 s.
1281 4653 1428 4714 {6793
1463 4676 1527 4689 -
1558 4653 1613 4703 o.
1645 4626 1716 4703 Μ’.
1753 4654 1896 4703 1617.

569 4710 596 4754 ⁴
630 4713 872 4766 ceterum
892 4724 948 4764 ιιι
971 4713 1217 4777 praesentl
1239 4723 1417 4764 rerum
1449 4715 1593 4765 statu
1623 4714 1677 4765 S.
1712 4713 1768 4766 C.
1804 4713 2171 4778 congregatio,
2197 4723 2411 4764 summo
2443 4710 2690 4762 pontifice
2723 4707 3110 4771 auctorisante,
