3292 5167
1036 265 1113 311 uu
1162 263 1599 311 nesriru’rionu
1650 264 1712 309 m
1759 261 1970 311 spuunt
2678 246 2808 314 499

292 373 484 436 ¹¹21
536 372 608 452 Q
656 371 719 437 2.
767 368 867 437 Ad
909 368 1062 455 quid
1103 380 1344 436 tenetur
1386 379 1726 456 stuprator,
1774 369 1884 454 qut·
1922 369 2207 456 puellam
2237 297 2628 457 defloraverit
2666 391 2808 439 con-

198 478 598 555 sentientem
640 476 747 543 sed
789 476 1017 563 absque
1061 476 1195 542 ulla
1238 476 1631 542 matrimonii
1669 475 2140 562 promissione?

292 587 364 653 R.
414 585 786 671 stuprator,
838 583 950 670 qui
999 579 1738 669 defloraveritpuellam
1788 584 2342 665 consentientem,
2384 585 2637 674 absque
2676 586 2805 654 ulla

201 689 606 761 matrimonii
658 692 1121 779 promissione,
1157 692 1222 760 in
1284 693 1429 760 foro
1478 691 1903 760 conscientiae
1971 690 2050 758 ad
2120 690 2281 760 nibil
2331 699 2594 761 tenetur
2654 709 2806 780 erga

198 800 489 887 puellam
536 800 748 885 ipsam
765 825 783 880 ;
834 818 984 868 nam
1029 800 1257 868 volenti
1301 809 1358 866 et
1402 800 1805 865 consentienti
1851 819 1977 864 non
2021 799 2088 884 fit
2134 799 2382 885 injztria
2443 803 2489 866 ¹.
2542 800 2805 882 Dictum

199 915 304 976 est
350 908 417 974 in
460 910 601 993 foro
646 907 1076 986 conscientiae5
1123 906 1275 992 quia
1325 904 1679 990 aliquando
1712 904 1776 972 in
1800 905 1957 981 soro
2001 912 2278 974 externo
2315 913 2655 992 stuprator
2688 926 2800 975 co-

197 1016 380 1099 gitur
426 1009 722 1100 puellam
762 1013 1013 1096 dotare,
1087 1013 1238 1099 quia
1313 1011 1745 1099 praesumitur
1791 1009 2109 1093 seducta,
2152 1011 2325 1080 sicut
2375 1011 2806 1098 praesumitur

198 1123 409 1208 virge,
448 1121 571 1189 nisi
616 1122 1027 1190 contrarium
1078 1122 1418 1207 probetur.
1483 1123 1488 1128 ⁴

290 1231 525 1299 Utrum
573 1248 728 1298 vero
772 1237 1077 1298 teneatur
1122 1228 1204 1295 ad
1252 1228 1540 1314 aliquam
1575 1226 2096 1295 satisfactionem
2133 1245 2287 1311 erga
2325 1234 2636 1313 parentes
2672 1227 2805 1294 vio-

190 1337 347 1405 latze‘
399 1337 659 1423 puellae,
710 1338 765 1406 si
814 1337 922 1405 illa
963 1339 1096 1405 'sub
1147 1354 1382 1405 eorum
1433 1343 1765 1423 potestate
1815 1334 2028 1404 adhuc
2078 1334 2184 1417 sit,
2251 1353 2569 1422 negamus
2642 1353 2796 1404 cum

187 1453 502 1530 stuprum
550 1451 650 1514 est
697 1445 791 1514 eis
840 1445 1209 1525 occultum;
1261 1461 1413 1512 nam
1460 1451 1622 1511 tunc
1673 1461 1789 1511 eos
1832 1443 2126 1510 exterius
2166 1457 2296 1512 non
2335 1433 2792 1526 dehonoravit,

189 1569 412 1638 neque
463 1557 725 1619 tenetur
772 1551 1053 1638 prodere
1127 1549 1609 1636 turpitudinem
1683 1568 1894 1618 suam.
1967 1552 2047 1618 At
2118 1549 2171 1618 si
2207 1557 2511 1636 stuprum
2570 1559 2799 1618 notum

187 1659 279 1728 sit
327 1660 733 1747 parentibuS,
782 1668 1020 1728 utrum·
1062 1660 1190 1728 illis
1246 1658 1624 1727 satisfacere
1681 1657 1916 1727 debeat
1984 1676 2102 1743 pro
2155 1657 2798 1726 dehonorationem

186 1766 378 1851 ipsos
428 1766 859 1849 redundante,
909 1773 1065 1852 puta
1133 1783 1254 1851 per
1320 1766 1528 1833 veniae
1605 1763 2039 1851 petitionem,-
2088 1764 2407 1832 bumilem
2463 1765 2578 1833 «sui
2645 1765 2801 1835 sub-

188 1873 608 1955 missionem,
656 1874 928 1941 honoris
979 1871 1475 1953 exhibitionem,
1527 1878 1673 1953 etc.,
1722 1871 1939 1938 adbuc
1973 1879 2214 1956 negant
2259 1874 2462 1957 Lug0,
2493 1872 2796 1957 LessiuS,

186 1979 437 2048 Suarez
479 1985 545 2048 et
569 1979 698 2061 alii,
726 1979 876 2065 quia
908 1979 1157 2047 nullum
1186 1995 1418 2058 eorum
1433 1977 1543 2063 jus
1570 1980 1873 2047 strictum
1896 1977 2016 2046 fuit
2051 1979 2363 2068 violatum
2392 1998 2544 2048 cum
2579 1979 2795 2065 puella

193 2087 408 2156 libere
460 2087 661 2154 cessit
703 2086 833 2173 juri
885 2086 950 2154 in
997 2104 1241 2172 corpus
1291 2101 1507 2154 suum.
1558 2086 1900 2153 Affirmant
1950 2104 2105 2172 vero
2153 2088 2476 2154 Navarrus
2527 2094 2591 2154 et
2646 2086 2791 2153 Sal-

180 2195 631 2263 manticenses
682 2212 831 2262 cum
873 2213 926 2262 s.
964 2193 1298 2262 Antonino
1334 2199 1399 2262 et
1432 2193 1494 2261 d.
1539 2193 1818 2276 Thoma3
1859 2201 2160 2280 stuprate
2207 2194 2409 2280 (sicut
2450 2202 2513 2262 et
2550 2195 2794 2281 puella)

183 2321 327 2370 non
378 2302 838 2370 tantummodo
890 2297 1279 2385 castitatem,
1330 2300 1446 2369 sed
1507 2301 1769 2369 violavit
1818 2301 2016 2371 etiam
2057 2302 2167 2387 J’us
2240 2302 2562 2370 custodiae
2614 2302 2795 2388 quod

181 2410 438 2478 habent
484 2418 788 2497 parentes
838 2409 1010 2478 circa
1047 2409 1223 2477 illam
1267 2409 1572 2495 puellam,
1601 2410 1849 2496 justam
1914 2409 2166 2498 doloris
2200 2427 2463 2478 causam
2497 2409 2593 2477 eis
2627 2428 2796 2512 pree-

181 2517 356 2601 buit,
405 2516 720 2584 familiam
781 2515 1220 2599 dedecoravit,
1292 2515 1345 2583 si
1419 2515 1665 2583 crimen
1739 2517 2061 2602 vulgetur,
2142 2523 2299 2594 etc.;
2378 2516 2537 2593 haec,
2597 2516 2797 2601 igitur

180 2624 409 2693 omnia
458 2623 712 2691 meliori
763 2641 895 2710 quo
949 2629 1228 2710 possunt
1279 2621 1477 2690 modo
1529 2623 1948 2691 resarcienda
1987 2629 2163 2691 sunt.
2684 2633 2697 2656 ⁹

271 2727 475 2790 πθ.
529 2730 692 2811 Quid
735 2750 879 2798 vero
927 2729 1163 2815 (dices)
1211 2732 1268 2796 si.
1314 2732 1389 2797 ob
1432 2743 1709 2798 secutum
1755 2744 2045 2817 stuprum
2100 2743 2435 2799 teneantur
2501 2743 2796 2818 parentes

173 2856 414 2923 auqere
475 2836 676 2903 dotem
721 2837 805 2902 ad
846 2838 1044 2923 filia-m
1091 2837 1161 2903 in
1204 2836 1606 2930 matrimonio
1653 2838 2125 2904 collocandam?

273 2947 343 3013 R.
395 2944 698 3025 Antoine,
739 2944 1005 3025 Habet-t,
1044 2942 1259 3011 Collet
1294 2949 1359 3011 et
1398 2943 1507 3010 alii
1543 2943 1840 3028 obligant
1875 2950 2328 3031 stupratorem
2366 2944 2447 3013 ad
2478 2944 2794 3014 damnum

178 3052 631 3136 reparandum
680 3050 924 3137 aliquid
976 3050 1367 3134 tribuendo-3
1420 3051 1681 3119 violavit
1722 3052 1896 3120 enim
1941 3052 2051 3138 jus
2100 3053 2429 3136 strictum,
2465 3052 2645 3138 quod
2686 3070 2795 3139 pa-

175 3166 408 3227 rentes
458 3158 809 3241 habebant,
847 3163 918 3225 ut
953 3158 1084 3224 filia
1119 3175 1236 3226 sua
1284 3157 1601 3232 decenter
1650 3158 1902 3227 nubere
1929 3151 2186 3245 posset.
2222 3159 2352 3227 Sed
2389 3161 2793 3228 communis-

175 3266 352 3335 sime
400 3273 642 3350 negant
692 3282 847 3333 cum
898 3264 1194 3348 Billuart,
1231 3261 1581 3351 Laymano,
1620 3267 1829 3351 Lugo,
1871 3268 2179 3347 Navem-u,
2217 3266 2588 3352 Roncaglia,
2625 3268 2792 3334 San·
2826 3303 2837 3314 ·

173 3374 363 3455 obera,
412 3375 596 3455 Sot0,
647 3373 889 3442 Suarez
940 3380 1006 3441 et
1054 3373 1389 3459 vasquez3
1444 3390 1593 3440 nam
1650 3374 1824 3441 sicut
1885 3372 2105 3459 puella
2157 3391 2306 3442 cum
2343 3374 2547 3442 libere
2583 3374 2792 3460 possit

176 3498 619 3569 quascunque
690 3482 955 3568 nuptias
993 3473 1342 3567 respuere,
1396 3481 1641 3549 nuliam
1694 3481 2080 3567 parentibus
2131 3481 2439 3568 injuriam
2511 3482 2785 3568 irrogat,

173 3590 236 3659 si
287 3587 374 3656 ad
415 3588 560 3657 illas
608 3606 680 3656 se
729 3587 959 3655 reddat
1006 3586 1226 3656 minus
1276 3585 1582 3656 idoneam
1631 3588 2115 3658 consentiendo
2165 3587 2231 3656 in
2272 3589 2373 3657 sui
2409 3588 2791 3657 defloratio·

172 3715 356 3780 nem,
407 3696 510 3762 ita·
545 3695 624 3764 iis
676 3696 920 3764 nullam
973 3694 1219 3781 irrogat
1268 3695 1580 3781 injuriam
1628 3696 2006 3764 defloratur.
2057 3695 2305 3781 Excipe
2356 3703 2610 3763 tamen:

334 3807 419 3871 xi.
474 3803 540 3871 Si
591 3808 934 3890 stuprator
979 3802 1232 3871 facinus
1306 3803 1449 3889 ipse
1519 3802 1932 3890 propalando
1987 3803 2273 3889 puellam
2347 3801 2788 3884 infamaverit3

169 3919 340 3981 tunc
389 3917 652 3995 tenetur
699 3930 777 3978 ex
818 3909 1076 3997 justitia
1128 3907 1332 3978 omnex
1373 3909 1688 3979 damnum
1738 3930 1818 3980 ex
1892 3911 2002 3978 tali
2061 3910 2489 3979 infamatione
2552 3927 2789 3997 prove-

176 4020 375 4088 niens
424 4037 860 4104 compensare
908 4027 1049 4086 tum
1100 4018 1338 4103 puellae
1412 4019 1558 4105 ipsi,
1609 4037 1809 4106 quam
1881 4020 2024 4104 ejus
2100 4018 2295 4087 etiam
2369 4018 2788 4103 parentibus;

175 4145 330 4196 cum
384 4126 489 4192 illa
542 4124 762 4211 iniqua
815 4124 1262 4194 manifestatio
1308 4142 1454 4192 vera
1505 4126 1589 4194 sit
1637 4133 1704 4194 et
1752 4127 1978 4193 efficax
2030 4143 2227 4192 causa
2278 4124 2695 4192 damnorum.

109 4221 116 4224 Α
306 4229 314 4240 ’
359 4234 419 4299 2.
459 4232 525 4300 Si
568 4239 909 4318 stuprator
956 4231 1041 4300 sit
1084 4231 1269 4300 valde
1317 4230 1497 4300 dives
1533 4239 1596 4300 et
1633 4232 1847 4317 puella
1883 4248 2165 4316 pauper,
2215 4230 2500 4315 aliquam
2533 4230 2613 4297 ad
2668 4230 2787 4297 mi-

174 4357 304 4408 nus
359 4346 612 4424 partem
662 4338 835 4408 dotis
884 4338 1102 4408 eidem
1151 4337 1409 4405 tradere
1458 4337 1748 4496 debebit,
1801 4337 1925 4406 etsi
1975 4354 2105 4404 non
2170 4336 2584 4423 promiserit;
2633 4337 2784 4423 quia

241 4584 321 4630 ¹«
360 4586 437 4637 Gli
470 4585 758 4638 Ateniesi...
795 4585 1062 4648 punivano
1099 4586 1190 4647 piu
1223 4583 1565 4645 gravamente
1597 4584 1873 4696 Ιὲόειιῃρφ
1908 4583 1961 4634 di
1996 4577 2302 4644 seduzione‚
2339 4585 2435 4636 ebe
2458 4585 2495 4635 il
2520 4586 2778 4649 violente,

214 4659 271 4699 cr
300 4648 354 4699 la
385 4648 618 4710 ragione,
653 4650 750 4700 che
784 4649 816 4697 ii
851 4648 1122 4699 seduttore
1155 4655 1510 4709 corrompeva
1542 4647 1574 4696 il
1678 4658 1773 4707 τρι)
1806 4647 1869 4696 ei
1906 4648 1939 4697 il
1976 4658 2137 4698 cuore
2172 4648 2316 4699 della
2349 4648 2563 4710 donna;
2626 4660 2774 4702 men·

227 4726 254 4762 e
285 4711 425 4761 colui
459 4710 555 4761 che
586 4684 891 4773 adoperava
920 4711 972 4760 la
1007 4710 1265 4771 violenza„
1300 4719 1409 4760 uon
1424 4719 1792 4772 corrompeva
1826 4711 1922 4760 cue
1954 4710 1989 4759 li
2024 4721 2257 4773 corpu.·
2302 4710 2421 4762 Coa.
2464 4714 2621 4775 spico.

201 4858 210 4869 '
273 4865 302 4898 Ο
