3292 5167
975 232 978 241 ¹
1036 265 1116 312 nx
1161 264 1603 314 nasrirtrriona
1650 270 1715 314 m
1765 269 2003 314 caunac
2725 247 2853 313 439

246 386 483 437 omnes
532 368 669 437 fere
707 366 1010 437 moderni
1042 368 1230 438 valde
1264 371 1703 455 probabiliter
1735 376 1996 457 negant,
2032 378 2098 439 et
2130 370 2545 440 contendunt
2595 371 2851 457 absque

247 476 440 562 culpa
491 474 865 560 theologica
912 474 1357 545 restitutionis
1407 477 1884 564 obligationem
1932 476 2165 544 adesse
2202 476 2473 545 nullam.
2519 477 2682 559 Quia
2717 494 2850 545 non

245 590 350 650 est
388 598 657 667 aequum
708 580 1003 667 obligare
1052 580 1342 667 aliquem
1390 582 1535 653 sine
1598 584 1869 671 speciali
1930 584 2370 652 conventione
2436 583 2517 651 ad
2585 600 2884 670 poenam·

244 705 510 775 gravem
559 689 815 773 absque
864 687 1056 774 culpa
1124 689 1321 774 gravi.
1372 692 1582 776 Leges
1633 699 1893 773 autem,
1955 707 2105 774 quae
2155 689 2220 757 in
2275 689 2682 759 contrarium
2731 689 2847 756 ad-

245 796 397 863 duci
453 795 693 876 solent,
745 792 1118 879 obligantes
1180 812 1262 862 ex
1312 795 1454 864 sola
1519 796 1713 881 culpa
1770 796 2089 883 juridica,
2141 794 2239 864 vel
2316 799 2849 881 praesupponunt

244 903 507 988 culpam
559 900 1035 985 theologicam,
1089 902 1188 971 vel
1239 921 1374 971 non
1445 902 1730 988 amplius
1801 902 2274 984 attenduntur3
2325 906 2389 968 et
2455 919 2612 969 sane
2676 902 2845 969 ratio

243 1010 457 1095 culpae
500 1007 803 1095 juridicae
853 1008 933 1076 ab
981 1009 1270 1094 antiquis
1311 1010 1815 1079 Jurisconsultis
1865 1010 2254 1095 excogitata,
2304 1008 2366 1075 in
2418 1007 2606 1076 novis
2655 1008 2847 1076 Codi-

239 1117 432 1185 ‘cihus
503 1133 637 1183 non
710 1115 992 1199 amplius
1049 1115 1394 1198 innititur,
1447 1117 1579 1184 imo
1630 1135 1712 1185 ex
1779 1122 1999 1184 mente
2063 1115 2328 1183 illorum
2389 1132 2520 1182 non
2584 1114 2846 1187 videtur

243 1220 644 1290 admittenda
696 1223 743 1287 ¹.
793 1221 948 1288 Ideo
1013 1221 1247 1289 merito
1303 1222 1709 1291 concludunt
1757 1241 1908 1291 cum
1959 1223 2136 1307 Gury
2182 1230 2247 1290 et
2307 1224 2610 1302 Gousset‚
2663 1221 2844 1307 quod

244 1330 435 1414 culpa
488 1345 668 1396 mere
708 1325 990 1413 jnridica
1043 1328 1450 1411 generalium
1503 1329 1841 1414 loquendo
1888 1329 2086 1397 hodie
2133 1328 2201 1395 in
2258 1327 2710 1396 contractibus
2776 1332 2842 1395 et

243 1433 738 1522 quasi-delictis
788 1451 919 1501 non
971 1434 1247 1517 obtinet,
1298 1435 1424 1502 nisi
1477 1452 1632 1504 casu
1685 1454 1817 1522 quo
1869 1436 2017 1522 quis
2068 1453 2139 1504 se
2189 1444 2503 1520 expresse
2553 1433 2836 1518 voluerit

243 1542 558 1628 obligare,
609 1543 708 1609 vel
758 1541 1021 1626 quando
1065 1541 1306 1628 judicis
1356 1544 1688 1627 sententia
1741 1543 2133 1624 intervenit,
2184 1542 2277 1610 tui
2326 1541 2692 1629 parendum
2743 1541 2840 1609 sic

243 1653 330 1721 ob
378 1651 631 1718 bonum
682 1665 1037 1716 commune
1088 1650 1224 1733 (B).

331 1759 547 1826 850.
600 1759 671 1837 Q.
722 1758 782 1824 3.
835 1756 999 1837 Quid
1043 1756 1115 1821 de
1160 1759 1542 1825 restitutione
1588 1760 1658 1825 in
1704 1758 2342 1844 quasi—contractibus
2394 1769 2449 1823 et
2485 1757 2749 1843 officiis?

326 1867 399 1933 R.
439 1868 569 1933 Pro
619 1863 905 1949 generali
962 1864 1286 1951 principio
1327 1867 1756 1934 statuendum
1807 1874 1943 1949 est,
1995 1864 2076 1934 ad
2140 1864 2582 1933 restitutionis
2663 1862 2833 1932 obli-

241 1973 580 2058 gationem
633 1989 765 2039 non
815 1970 1142 2053 sufficere,
1195 1982 1266 2040 ut
1316 1975 1466 2058 quis
1516 1975 1578 2041 in
1631 1994 1755 2042 suo
1808 1975 2026 2042 officio
2076 1971 2414 2058 implendo
2466 1970 2663 2040 fuerit
2699 1971 2836 2038 effi-

240 2098 358 2149 cax
408 2098 602 2148 causa
641 2079 906 2159 damni,
954 2079 1071 2146 sed
1123 2080 1393 2166 insuper
1451 2083 1695 2167 requiri
1749 2090 1822 2148 ut
1885 2081 2197 2149 damnum
2253 2079 2414 2146 illud
2461 2079 2835 2147 voluntarie

237 2187 576 2267 intulerit3
627 2204 776 2255 nam
825 2206 903 2255 ex
966 2188 1231 2272 adagio:
1281 2209 1397 2270 rea,
1461 2207 1601 2274 quoe
1645 2189 1831 2275 culpa
1894 2199 2082 2271 caret,
2130 2188 2198 2255 in
2260 2187 2559 2253 damnum
2619 2184 2837 2251 vocari

233 2315 362 2362 non
407 2296 707 2364 convenit.
758 2297 924 2366 Hinc
973 2299 1026 2366 si
1079 2297 1374 2367 medicus
1422 2314 1502 2363 ex
1549 2313 1778 2364 errore
1826 2295 2227 2381 inculpabile
2281 2293 2646 2361 remedium
2707 2311 2833 2361 no-

235 2400 454 2470 civum
493 2410 748 2487 aegroto
785 2407 1059 2488 praebat,
1103 2404 1262 2471 nihil
1307 2403 1363 2470 ei
1409 2410 1677 2472 tenetur
1714 2404 2108 2482 restituere3
2144 2408 2431 2469 attamen
2468 2420 2547 2468 ex
2574 2400 2833 2485 justitia

234 2513 501 2575 tenetur
548 2508 767 2593 quoad
817 2518 1037 2596 potest
1086 2510 1419 2595 corrigere
1469 2528 1766 2578 errorem
1816 2527 2034 2577 sunm.
2405 2552 2413 2561 ·

318 2617 487 2684 Item
553 2617 825 2686 omissio
890 2606 1249 2703 diligentiae
1299 2616 1540 2684 debitae
1595 2617 1841 2684 nullam
1889 2616 2171 2702 imponit
2221 2611 2613 2681 restituendi
2665 2610 2831 2678 ohli-

232 2721 602 2807 gationem,
652 2725 776 2792 nisi
825 2725 1023 2794 fuerit
1074 2724 1472 2805 voluntaria3
1526 2725 1677 2810 quia
1750 2743 1882 2791 non
1948 2730 2049 2792 est
2118 2720 2596 2808 peccaminosa.
2664 2718 2830 2785 Hinc

232 2839 333 2901 est
380 2832 483 2916 (ut
532 2823 885 2902 observant
930 2833 1180 2915 Alasia,
1229 2832 1548 2915 Antoine,
1596 2832 1873 2900 Billuart
1923 2848 2072 2909 cum
2121 2829 2264 2897 aliis
2328 2826 2825 2909 communiter),

227 2937 416 3022 quod
466 2939 687 3006 nullus
737 2948 849 3006 aut
896 2940 1000 3006 vix
1050 2938 1224 3007 ullus
1274 2941 1395 3021 sit,
1446 2939 1556 3024 qui
1610 2937 1858 3023 obliget
1925 2936 2263 3017 medicos,
2314 2934 2713 3011 advocatOS‚
2763 2939 2828 2999 et

225 3043 445 3111 multo
509 3045 725 3113 minus
773 3046 1215 3115 confessarios
1278 3062 1353 3113 ac
1414 3046 1762 3129 theologos
1815 3064 1891 3111 ex
1965 3043 2158 3128 culpa
2224 3048 2485 3109 tantum
2543 3039 2826 3126 Juridica

231 3148 320 3215 ad
365 3150 863 3219 restitutionem
880 3177 898 3232 ;
950 3170 1101 3220 cum
1139 3172 1321 3238 saepe
1360 3152 1701 3236 contingat
1750 3150 2268 3237 vigilantissimis
2325 3155 2389 3217 et
2426 3147 2825 3233 peritissims

226 3258 318 3325 ob
375 3256 923 3341 inadvertentiam
977 3259 1375 3342 naturalem,
1427 3267 1538 3326 aut
1588 3259 1781 3326 aliam
1831 3275 2095 3326 causam
2146 3255 2615 3342 inculpabilem
2676 3254 2823 3320 aliis

226 3364 544 3433 damnum
593 3366 824 3435 afferre
862 3374 911 3433 ².
962 3369 1187 3447 Sires
1236 3369 1426 3436 aliter
1471 3375 1689 3447 esset,
1744 3384 1938 3434 nemo
1986 3366 2479 3445 benemoratus,
2530 3363 2632 3429 his
2682 3360 2825 3428 offi-

154 3548 178 3563 .
222 3472 354 3541 ciis
401 3473 711 3559 perfungi
759 3475 991 3542 vellet:
1041 3475 1222 3561 quod
1269 3475 1334 3543 in
1387 3474 1745 3543 maximum
1795 3473 2179 3560 reipublicae
2246 3472 2560 3540 damnum
2624 3469 2823 3538 cede·

222 3586 355 3648 ret.
402 3577 477 3647 Id
527 3578 784 3647 videtur
832 3598 1201 3675 congruere
1248 3599 1397 3650 cum
1442 3582 1658 3649 Codice
1703 3581 1891 3663 civili,
1950 3582 2058 3666 qui
2112 3582 2174 3648 in
2228 3580 2329 3647 bis
2366 3580 2630 3648 casibus
2678 3593 2823 3645 eam

220 3684 688 3754 tantummodo
740 3686 1023 3772 requirit
1063 3684 1490 3772 diligentiam,
1547 3705 1746 3773 quam
1790 3687 2251 3755 communiter
2318 3687 2534 3754 bonus
2602 3692 2827 3770 pater-

219 3791 505 3861 familias
554 3792 894 3863 adhiberet
929 3790 978 3861 ⁸.

283 3986 304 4027 ¹
338 3987 450 4038 Art.
484 3988 623 4048 ¹224,
658 3989 810 4049 {1433
842 4013 906 4025 —
939 3988 988 4038 G.
1022 3989 1083 4038 A.
1118 3989 1265 4049 12933
1300 4014 1364 4025 —
1397 3988 1450 4039 C.
1488 3990 1545 4040 G.
1585 3992 1727 4049 1137,
1762 3992 1882 4043 1382
1931 3992 1983 4041 et
2014 3991 2164 4052 1383;
2197 4015 2262 4027 -
2301 3990 2353 4041 C.
2409 3987 2461 4039 S.
2499 3988 2639 4046 1090,
2699 3984 2824 4035 1336

159 4066 173 4088 =
211 4051 273 4102 et
303 4050 455 4111 13375
490 4049 623 4101 -Ο,
647 4052 704 4101 Ρ.
738 4052 876 4109 1110,
911 4053 1035 4103 2⁰85
1066 4051 1118 4102 et
1147 4052 1387 4111 20863—
1410 4052 1462 4103 c.
1499 4050 1570 4101 Μ.
1609 4056 1749 4112 1187,
1787 4055 1908 4103 1393
1940 4054 1990 4104 et
2026 4054 2163 4103 ¹394.
2560 4070 2577 4075 -

295 4144 300 4149 -
344 4111 430 4161 Sic
459 4111 506 4162 si
539 4112 791 4175 aperuisti
826 4112 1036 4163 foveam
1069 4113 1151 4163 vel
1184 4110 1250 4162 ad
1283 4112 1694 4164 aediticationem
1727 4114 1918 4165 domus
1951 4116 2033 4164 vel
2070 4112 2139 4163 ad
2186 4112 2350 4163 teram
2412 4109 2726 4174 capiendam
2764 4109 2816 4159 et

205 4171 609 4237 inculpabiliter
639 4172 835 4224 oblitus
867 4185 940 4234 es,
976 4173 1118 4238 quod
1157 4174 1402 4236 poterant
1423 4175 1492 4224 ibi
1518 4175 1765 4226 homines
1794 4175 2105 4239 periclitari:
2142 4174 2228 4224 vel
2262 4172 2551 4224 adhibuisti
2578 4182 2818 4222 commu·

205 4246 338 4287 nem
373 4246 435 4285 ac
466 4235 815 4287 sufficientem
846 4235 1190 4297 diligentiam,
1230 4245 1297 4285 ne
1330 4237 1708 4308 periclitentur,
1745 4250 1852 4288 non
1887 4239 2062 4287 tamen
2096 4236 2384 4287 adhibuisti
2424 4233 2815 4304 advertentiam

206 4296 383 4357 illam,
415 4307 578 4361 quam
610 4298 783 4349 solent
815 4297 1172 4361 diligentiores
1206 4300 1258 4349 et
1291 4297 1711 4361 diligentissimi:
1764 4302 1808 4350 si
1859 4299 2188 4362 periclitatur
2218 4298 2412 4361 aliquis
2444 4298 2499 4349 et
2529 4297 2726 4348 labitur
2759 4306 2815 4344 in

205 4359 446 4420 foveam,
481 4370 590 4412 non
626 4361 854 4424 peccasti
888 4361 1196 4420 mortaliter,
1231 4372 1329 4412 nec
1363 4360 1556 4411 teneris
1583 4361 1650 4411 ad
1680 4361 2101 4422 restitutionem3
2137 4360 2271 4411 ratio
2291 4361 2417 4417 quia
2444 4360 2543 4411 etsi
2579 4358 2810 4422 peccasti

206 4420 373 4484 culpa
392 4419 641 4483 juridica,
676 4434 784 4474 non
834 4425 1060 4484 peccasti
1093 4423 1251 4486 culpa
1288 4421 1598 4485 theologica.
1634 4424 1849 4486 Excipe,
1888 4423 1988 4473 nisi
2040 4420 2258 4473 accedat
2307 4422 2567 4473 sententia
2593 4418 2810 4485 judicis,

205 4494 338 4547 quae
369 4482 709 4535 observanda
739 4487 835 4545 est,
868 4495 991 4536 cum
1024 4486 1093 4536 sit
1123 4484 1192 4536 ob
1227 4484 1427 4536 bonum
1465 4484 1772 4548 pubiicum;
1806 4485 1859 4536 id
1894 4485 2034 4536 enirn
2070 4485 2124 4534 in
2157 4484 2270 4534 ioro
2306 4485 2522 4536 externo
2558 4484 2811 4535 constitu-

209 4551 329 4599 tum
361 4547 445 4597 est
475 4545 541 4595 ad
573 4545 820 4601 homines
853 4549 1119 4598 cautiores
1152 4546 1467 4601 reddendos.
1502 4573 1566 4584 —
1597 4548 1831 4610 Liguori,
1867 4546 1957 4609 Op.
1994 4546 2159 4606 Mor„
2195 4545 2228 4597 l.
2264 4559 2343 4608 ni,
2379 4558 2433 4597 n.
2463 4547 2574 4599 554.
2599 4572 2659 4583 -
2693 4546 2812 4596 Car·

205 4608 370 4670 riere,
409 4608 479 4658 De
514 4607 886 4665 contractibus,
921 4621 1012 4660 nn.
1048 4612 1141 4662 276
1172 4611 1225 4661 et
1256 4621 1399 4674 seqq.

278 4670 303 4710 ²
344 4672 399 4722 V.
435 4671 665 4732 Ligu-iri,
701 4670 791 4742 Op.
826 4671 981 4731 Mor„
1017 4671 1050 4722 l.
1086 4682 1166 4733 nr,
1200 4682 1233 4722 n
1284 4675 1391 4723 555.
1428 4695 1492 4709 —
1524 4671 1784 4733 Carriere,
1820 4672 1889 4721 De
1927 4670 2298 4730 contractibus,
2334 4682 2386 4722 n.
2420 4673 2528 4724 285.

277 4733 300 4772 ⁸
330 4736 441 4784 Art.
480 4733 632 4795 11433
678 4756 744 4771 -
776 4732 829 4784 C.
861 4736 920 4787 A.
955 4735 1107 4797 10373
1157 4759 1223 4772 —
1271 4734 1324 4786 C.
1363 4734 1423 4785 G.
1459 4734 1611 4795 1374;
1663 4758 1725 4771 -
1761 4732 1816 4785 C.
1849 4734 1902 4787 S.
1936 4735 2089 4797 132&
2136 4758 2200 4772 —
2251 4734 2309 4787 C.
2342 4733 2400 4787 P.
2435 4737 2594 4798 2077;
2654 4759 2719 4772 -
2753 4734 2811 4786 G.

207 4795 287 4889 H:
324 4797 467 4849 1³85.
