3292 5167
557 246 688 314 654
1218 261 1334 311 tte.
1382 261 1447 311 tt.
1496 265 1708 311 TRACT.
1758 260 1893 308 viti.
1940 260 2096 310 mse.
2148 261 2195 308 1.
2246 263 2377 310 cte.
2428 260 2506 308 tv.

558 374 731 436 sunt.
772 351 1083 439 'Attamen
1132 366 1469 455 excipiunt
1507 366 1824 436 nonnulla
1859 384 2060 453 opera
2099 384 2251 453 quae
2300 364 2746 437 communiter
2791 363 3147 434 admittun-

557 482 667 543 tur
714 480 778 543 et
827 474 1178 545 universali
1230 493 1357 543 usu
1405 475 1792 562 probantur,
1841 480 2079 562 utpote
2109 473 2398 554 innoxia,
2441 473 2572 541 imo
2609 472 3018 559 quandoque
3054 491 3146 542 re-

556 582 840 668 publicae
880 581 1255 679 christianae
1306 589 1370 650 et
1416 582 1762 652 catholicae
1799 583 2003 665 utilia,
2047 582 2166 651 etsi
2219 586 2501 649 tractent
2549 579 2631 647 de
2685 580 3037 667 Religione
3080 588 3139 649 et

556 691 636 760 ab
664 690 1090 760 heterodoxis
1117 690 1496 777 conscripta
1523 690 1678 774 sint,
1705 696 1777 758 ut
1810 695 2134 759 Tractatus
2159 692 2233 758 de
2259 689 2572 773 Reliyione
2604 689 2837 770 Grotii,
2877 691 3147 776 Systema

483 834 490 839 ·
560 799 988 884 Theoloqicum
1037 797 1367 880 Leibnitii‚
1419 799 1700 865 Historia
1754 798 2103 865 Innocentii
2147 801 2258 868 ΙΙΙ
2298 799 2378 867 ab
2429 801 2671 866 Hnrter
2716 795 2935 864 adhuc
3005 812 3145 863 aca-

552 905 802 974 tholico
850 913 1130 987 exarata,
1187 906 1324 975 Vita
1368 926 1419 972 s.
1472 905 1765 990 Greyo-rii
1819 907 1946 973 VII
1988 904 2202 990 Voigt‚
2257 907 2555 994 Epistoloe
2615 906 2788 973 circo
2832 905 3137 990 reforma-

551 1014 782 1079 tionem
826 1014 1231 1099 anqlicanam
1280 1012 1563 1095 Cobbet,
1614 1019 1738 1081 etc.

641 1121 918 1188 Secunda
963 1121 1183 1188 classis
1228 1138 1386 1188 vero
1436 1120 1736 1190 continet
1785 1118 1991 1189 libros
2041 1119 2331 1205 cujusvis
2381 1121 2694 1201 auctoris,
2745 1119 2857 1206 qui
2907 1116 3007 1186 vel
3056 1117 3135 1187 ob

553 1227 866 1295 haeresim
915 1227 1015 1295 vel
1067 1228 1153 1296 ob
1202 1226 1344 1296 taisi
1398 1227 1724 1315 dogmatis
1774 1225 2226 1313 suspicionem
2276 1227 2589 1313 prohibiti
2626 1235 2802 1294 sunt.
2857 1229 2999 1294 Huc
3047 1244 3141 1294 re-

549 1340 872 1403 vocantur
918 1352 1148 1403 omnes
1191 1334 1336 1403 libri
1373 1335 1731 1421 conscripti
1768 1334 1847 1403 ab
1882 1334 2340 1403 haeresiarchis
2374 1341 2441 1403 et
2474 1332 2826 1415 haereticis,
2866 1332 2990 1400 etsi
3026 1352 3137 1401 ne·

553 1459 681 1528 que
729 1441 809 1510 de
857 1442 1198 1528 Religione
1248 1448 1547 1524 tractant,
1599 1460 1816 1529 neque
1854 1442 2162 1511 baeresim
2212 1443 2309 1510 vel
2360 1441 2637 1511 haeresis
2686 1441 3131 1527 suspicionem

552 1549 952 1617 contineant.
997 1586 1085 1598 —
1125 1549 1223 1617 Ab
1271 1549 1723 1630 hoeresiarchis,
1759 1547 1825 1617 id
1872 1556 1974 1617 est
2008 1550 2089 1617 ab
2135 1549 2214 1617 iis
2263 1549 2373 1636 qui
2411 1558 2613 1619 sectae
2647 1548 2987 1617 haereticae
3033 1565 3128 1615 ca-

551 1661 668 1741 put
738 1663 927 1722 sunt:
976 1640 1260 1740 quor'um
1311 1654 1578 1741 quidem
1627 1655 1773 1723 libri
1825 1655 2092 1725 fuerunt
2148 1658 2388 1725 merito
2438 1656 2775 1742 prohibiti,
2812 1663 2886 1722 ut
2918 1655 3016 1723 sic
3050 1654 3134 1721 ia·

551 1762 739 1832 cilius
787 1769 1168 1830 avertantur
1217 1761 1446 1830 fideles
1512 1762 1592 1830 ab
1643 1780 1887 1831 eorum
1963 1765 2270 1851 sequela3
2321 1783 2405 1833 ne
2452 1764 2709 1833 scilicet
2755 1763 2841 1831 ob
2893 1762 3133 1831 lenoci-

503 1946 504 1949 ,
551 1870 731 1938 nium
780 1870 977 1937 unius
1049 1869 1217 1951 libri,
1268 1870 1516 1937 inescat
1589 1878 1656 1939 et
1730 1870 2149 1941 lenocinetur
2216 1872 2527 1941 aliorum
2569 1872 2896 1941 librorum
2948 1887 3133 1956 prava

548 1977 879 2047 doctrina:
929 1987 993 2045 et
1041 1996 1120 2045 en
1173 1977 1531 2064 prohibitio
1583 1996 1733 2064 quae
1783 1978 2027 2047 dicitur
2056 1981 2126 2047 in
2155 1981 2367 2048 odiam
2412 1980 2707 2047 auctoris.
2758 2016 2848 2027 -—
2879 1978 2980 2045 Ab
3013 1979 3135 2045 ltce-

545 2085 772 2169 reneis,
823 2085 932 2172 qui
974 2085 1227 2154 scilicet
1278 2085 1589 2154 haeresim
1663 2086 2084 2171 profitentur,
2135 2085 2255 2155 sed
2302 2086 2637 2157 haereticae
2688 2091 2891 2154 sectae
2945 2091 3134 2171 caput

551 2212 679 2264 non
730 2198 913 2261 sunt.
969 2194 1042 2261 Hi
1119 2200 1338 2261 tamen
1411 2194 1884 2262 haereticorum
1935 2193 2080 2263 libri
2133 2195 2213 2263 ab
2264 2193 2613 2280 Episcopis
2662 2193 3021 2261 examinati
3073 2200 3132 2260 et

549 2301 805 2390 probati
858 2294 1360 2387 permittunturz'
1411 2302 1543 2369 imo
1594 2301 1792 2370 hodie
1841 2303 2288 2370 communiter
2336 2301 2590 2386 probati
2643 2308 3009 2369 censentur
3054 2316 3126 2368 eo

550 2410 718 2496 ip80‚
768 2408 946 2495 quod
995 2407 1073 2475 ad
1123 2409 1602 2478 catholicorum
1652 2409 1794 2478 loca
1845 2410 2051 2478 libere
2100 2402 2483 2478 sunt‘delati
2521 2410 2646 2478 sub
2685 2408 2992 2494 ipsorum
3028 2426 3133 2476 su-

549 2519 885 2605 periorum
938 2515 1152 2584 oculis
1203 2517 1252 2583 ⁴.
1645 2552 1653 2559 -
2132 2574 2141 2577 -
2298 2516 2309 2529 ‘
2668 2568 2681 2573 -

642 2626 845 2694 Tertio
883 2624 1099 2690 elassis
1128 2622 1391 2691 tandem
1425 2622 1722 2691 continet
1771 2622 1976 2692 libros
2017 2622 2138 2690 alia
2188 2622 2269 2692 de
2303 2641 2499 2692 causa
2549 2622 2945 2709 probibitoS‚
2982 2628 3131 2707 puta

547 2732 600 2803 si
652 2733 783 2798 sint
833 2740 1061 2799 contra
1112 2732 1328 2799 bonos
1373 2747 1617 2805 mores.
1669 2737 1781 2796 aut
1830 2729 2215 2798 charitatem
2261 2730 2361 2799 vel
2404 2730 2684 2798 aliorum
2732 2729 3129 2810 samam‚aut

546 2838 599 2907 s'i
649 2838 1030 2906 contineant
1078 2837 1573 2924 propositiones
1625 2837 1803 2904 taxas
1855 2840 1909 2904 ².

634 2950 704 3014 R.
752 2948 821 3013 2:
873 2945 1048 3013 Libri
1091 2946 1319 3032 primoe
1381 2945 1600 3012 classis
1665 2943 2103 3029 probibentur
2149 2943 2215 3011 in
2263 2942 2450 3011 Bulla
2513 2946 2714 3012 Coenoe
2761 2944 2888 3012 sub
2942 2960 3133 3029 poeua

548 3050 1257 3127 excommunicationis
1310 3052 1456 3138 ipso
1504 3052 1702 3134 facto,
1736 3058 1800 3119 et
1836 3050 2137 3119 Pontifici
2176 3059 2551 3119 reservatae.
2587 3054 2883 3136 Eamque
2918 3052 3136 3119 incur-

547 3167 701 3227 runt
770 3160 1040 3227 scienter
1083 3160 1414 3225 retinentes
1481 3158 1667 3243 (sunt
1713 3159 1909 3225 verba
1980 3156 2245 3242 Bullae)‚
2289 3159 2565 3243 tepentes,
2614 3158 3040 3243 imprimentes
3082 3169 3136 3224 et

543 3266 926 3352 defendentes
974 3268 1160 3335 libros
1206 3265 1636 3334 haereticorum
1682 3265 1754 3332 de
1798 3265 2115 3351 Religione
2156 3276 2494 3332 tractantes
2538 3265 2634 3331 vel
2669 3265 2957 3349 baeresim
2995 3285 3135 3332 eon-

543 3374 820 3455 tinentes,
868 3393 952 3439 ex
995 3373 1217 3457 quavis
1261 3390 1460 3439 causa
1474 3372 1740 3458 publice,
1775 3372 1871 3438 vel
1902 3371 2154 3453 occulte,
2188 3372 2407 3456 quovis
2436 3371 2682 3457 inqenio
2718 3373 2813 3449 vel
2842 3373 3047 3441 colore
3083 3375 3131 3435 ³.

545 3482 705 3561 Quae
770 3478 1365 3548 excommunicatio
1439 3478 1822 3549 extenditur
1888 3497 1969 3545 ex
2041 3477 2156 3545 Pio
2208 3480 2290 3545 IV
2336 3484 2400 3546 et
2449 3476 2789 3546 Clemente
2858 3474 3137 3546 villari

541 3587 837 3673 legentes
891 3586 1195 3656 Thalmud
1225 3595 1291 3655 et
1338 3586 1507 3653 alios
1542 3586 1794 3654 similes
1837 3586 2273 3654 Hebraeorum
2308 3584 2535 3666 libros»,
2570 3586 2636 3652 in
2673 3585 2920 3670 quibus
2955 3586 3134 3654 chri-

539 3696 746 3764 stiana
797 3694 1045 3779 Religio
1094 3693 1550 3762 calumniatur.
1599 3696 1695 3761 Ex
1741 3693 1929 3760 Sixto
1980 3711 2135 3763 vero
2186 3695 2239 3763 V
2286 3691 2674 3762 extenditur
2706 3692 2907 3760 etiam
2942 3695 3023 3761 ad
3060 3694 3132 3761 li-

540 3803 699 3872 bros
746 3803 855 3888 qui
911 3806 1190 3869 tractant
1239 3817 1552 3886 expresse
1622 3799 1705 3868 de
1753 3799 2111 3886 astrologia
2153 3798 2518 3886 judiciaria,
2596 3818 2741 3868 eam
2789 3799 3129 3869 docentes·

544 4094 554 4105 ·
601 4032 623 4072 ¹
656 4030 712 4082 ld
747 4033 925 4104 tamen
960 4029 1120 4081 hodie
1153 4040 1265 4080 nnn
1300 4028 1442 4102 large
1475 4027 1961 4107 ‘accipiendumiqin
1996 4028 2143 4080 tanta
2165 4029 2318 4102 ‘enim
2353 4039 2551 4081 vesana
2585 4027 2851 4081 scribendi
2884 4030 3134 4082 libertate

538 4093 1142 4207 gessisses&
1163 4090 2147 4226 ‚iittidttssesstis(ts-stt..
2160 4090 2460 4217 tussim„
2507 4092 2738 4204 ‘asie‘
2757 4092 3130 4206 setteis

538 4217 698 4269 libere
727 4217 976 4268 eduntur.
1009 4243 1073 4254 —
1117 4218 1169 4266 V.
1205 4216 1434 4277 Liguori,
1470 4216 1558 4277 Op.
1592 4217 1746 4272 Mor„
1779 4215 1819 4264 Ι.
1856 4226 1950 4275 vn,
1987 4227 2039 4287 n:
2075 4219 2202 4278 288;
2239 4217 2408 4266 etHo.
2435 4219 2627 4278 Apost„
2656 4218 2803 4267 tract.
2826 4228 2941 4276 xix,
2968 4229 3023 4281 n,
3047 4219 3129 4269 δι.

599 4281 623 4319 ²
658 4282 749 4331 ilic
785 4283 924 4330 esset
955 4290 1170 4343 quoque
1203 4279 1528 4329 recensenda,
1559 4288 1745 4327 eorum
1782 4276 1970 4347 classis
2004 4275 2282 4337 librorum,
2309 4278 2400 4342 qui
2437 4278 2704 4341 prodeunt
2754 4279 2870 4329 sine
2905 4279 3129 4331 nomine

540 4343 801 4405 auctoris;
836 4339 926 4391 sed
964 4343 1140 4414 hod-ie,
1173 4351 1243 4392 ex
1275 4340 1490 4390 inducta
1523 4338 1929 4400 consuetudine,
1967 4339 2039 4389 iili
2091 4350 2199 4390 non
2237 4340 2503 4392 habentur
2535 4339 2809 4403 prohibiti,
2844 4342 2887 4391 si
2938 4332 3127 4391 ‘tamen

542 4401 1715 4537 prgvggspoogneseggggggrrffnnoffilffitgmm
1749 4462 1904 4513 editae
1959 4474 1990 4512 a
2041 4461 2310 4515 damnatis
2358 4463 2670 4515 auctoribus
2721 4463 3124 4538 permittuntur.

539 4530 820 4602 versiones
854 4538 977 4600 novi
1015 4527 1335 4577 Testamenti
1369 4526 1518 4576 tactae
1551 4524 1620 4574 ab
1652 4523 1960 4598 auctoribus
1993 4526 2047 4574 in
2084 4527 2254 4600 prima
2288 4527 2456 4577 classe
2481 4528 2704 4587 notatis,
2736 4529 2835 4577 etsi
2861 4536 3161 4589 genuum„

539 4590 789 4643 omnibus
825 4588 1172 4651 probibentur
1202 4588 1303 4639 sub
1335 4588 1504 4647 gravi.
1541 4587 1822 4638 versiones
1855 4597 1981 4638 vero
2016 4590 2206 4638 veteris
2241 4586 2564 4640 Testamenti
2598 4587 2771 4639 doctis
2802 4588 2855 4639 et
2890 4588 3012 4650 piis,
3040 4587 3127 4650 ju·

538 4653 680 4705 dicio
715 4651 959 4715 Episcopi
986 4649 1372 4710 conceduntur,
1408 4647 1569 4700 modo
1601 4650 1809 4699 tantum
1842 4648 1906 4699 ad
1943 4648 2375 4702 dilucidationem
2412 4649 2782 4702 adhibeantur.
2820 4646 3021 4713 Rege·
3048 4651 3131 4700 ln·

539 4715 680 4768 dicis.
715 4739 780 4751 —
813 4712 998 4772 Quoad
1031 4712 1306 4763 versiones
1340 4713 1519 4762 autem
1549 4710 1605 4761 in
1637 4710 1820 4772 lingua
1845 4709 2070 4774 vulgari,
2103 4712 2185 4762 vel
2221 4712 2588 4765 haeretiealiter
2611 4712 2774 4764 tactas
2815 4712 2936 4764 vide
2962 4712 3130 4764 intra.
