3292 5167
1424 244 1502 291 ott
1548 216 1716 291 rme
2709 232 2840 301 651⁴

330 346 549 410 932.
596 348 662 423 Q.
705 347 762 410 2.
807 346 906 411 An
960 347 1144 413 detm-
1216 347 1553 413 discrimen
1616 351 1788 412 inter
1835 347 2066 414 librum
2133 367 2175 415 a
2237 358 2459 417 sancta
2525 352 2673 418 Sede
2731 358 2845 420 da·

237 437 549 505 mnarum,
593 436 657 492 et
697 425 928 492 librum
956 428 1038 493 ab
1074 435 1287 497 eadem
1325 427 1723 509 prohibitum
1753 432 1785 492 9

323 509 393 572 R.
439 509 613 573 Inter
649 508 884 574 librum
926 527 957 572 a
1007 525 1226 578 sancta
1263 509 1427 573 Sede
1469 513 1841 573 damnatum
1879 519 1943 572 et
1975 510 2210 574 librum
2244 512 2322 576 ab
2355 513 2578 576 eadem
2622 516 2837 594 prohi-

240 586 442 653 bitum
487 589 730 654 nullum
776 591 1167 669 discrimem
1218 596 1300 655 ita
1335 600 1405 653 ut
1452 590 1613 653 liber
1642 592 1981 654 damnatus
2021 600 2086 654 et
2117 592 2284 655 liber
2316 593 2671 673 prohibitus
2703 599 2839 660 sint

237 687 442 734 unum
473 680 537 734 et
580 671 767 734 idem.
814 671 892 734 Et
937 675 1260 739 contraria
1307 670 1600 735 doctrina
1669 674 1919 734 novitas
1964 681 2062 734 est
2121 673 2186 734 in
2244 674 2590 754 Theologia
2659 687 2722 740 et
2766 680 2837 741 iu

229 750 391 815 Jure
415 754 726 815 canonico
753 752 940 815 valde
971 752 1276 819 damnosa
1302 771 1318 813 ε
1343 755 1576 831 quippe
1601 768 1743 832 quae
1771 751 2149 814 adversatur
2173 757 2491 816 communi
2524 755 2835 836 loquendi

237 833 427 899 modo
474 841 598 895 tam
652 833 1117 910 Theologorum
1166 850 1354 916 quam
1391 833 1904 907 Canonistarum‚
1949 832 2527 898 Constitutionibus
2574 837 2831 901 Pontifi-

231 915 376 982 ciis,
423 913 714 977 formulae
761 914 1221 993 Decretorum‚
1261 930 1450 996 quam
1517 923 1691 976 tenet
1734 912 1921 975 Sacra
1989 913 2227 977 Indicis
2285 913 2710 996 Congregatio
2760 922 2826 983 in

235 992 426 1055 libris
469 995 946 1074 proscribendis
978 1045 994 1069 ‚
1037 1006 1102 1059 et
1147 996 1381 1060 rationi
1432 995 1548 1072 ipsi
1594 994 2042 1072 Theologicae3
2087 994 2277 1073 digna
2349 996 2626 1073 iccirco,
2678 1007 2747 1060 ut
2789 1015 2827 1063 a

236 1076 605 1153 turpissima
654 1075 787 1150 illa,
836 1087 1115 1153 versuta,
1158 1088 1223 1139 et
1269 1076 1452 1139 nobis
1495 1090 1750 1153 semper
1799 1076 2002 1137 invisa
2046 1074 2557 1139 Jansenistarum
2602 1079 2824 1143 schola

237 1170 445 1235 nuper
490 1172 743 1234 egressa
791 1155 1005 1232 fuerit,
1049 1159 1126 1220 ad
1176 1161 1462 1219 incautos
1507 1155 1949 1233 decipiendos.

398 1238 449 1299 1.
495 1237 799 1316 Theologi
843 1246 907 1299 et
948 1237 1306 1300 Canonistae
1350 1236 1881 1297 condemnationis
1918 1244 1983 1297 et
2022 1233 2466 1314 prohibitionis
2513 1238 2825 1303 vocabulo

229 1315 319 1377 ita
371 1333 729 1396 promiscue
775 1317 865 1378 uti
917 1319 1143 1393 solent,
1186 1326 1256 1380 ut
1300 1333 1494 1396 penes
1538 1319 1710 1395 ipsos
1759 1315 2118 1378 habeantur
2166 1325 2468 1396 tanquam
2515 1334 2676 1397 pure
2719 1338 2827 1400 sy·

230 1401 514 1459 nonima.
559 1396 1028 1476 Theologorum
1071 1400 1362 1460 omnium
1401 1398 1603 1459 instar
1641 1397 1976 1457 brevitatis
2014 1411 2198 1458 causa
2236 1414 2402 1459 unus
2437 1400 2519 1460 sit
2554 1408 2821 1465 sanctus

230 1476 595 1556 Alphonsus
643 1491 879 1552 noster,
920 1480 1028 1558 qui
1077 1481 1141 1541 in
1190 1494 1299 1541 sua
1336 1477 1588 1540 erudita
1628 1477 2089 1539 Dissertatione
2125 1478 2240 1539 hac
2279 1477 2358 1539 de
2393 1495 2461 1541 re
2492 1479 2613 1541 sibi
2649 1481 2818 1544 hanc

231 1561 531 1638 proponit
572 1563 1030 1637 quaestionem:
1077 1559 1318 1632 Oaoero,
1367 1557 1518 1637 qnid
1559 1565 1774 1635 aqeret
1815 1556 2126 1619 auctor-*si
2159 1574 2371 1620 coram
2404 1556 2623 1637 (Sacra
2660 1560 2817 1624 Con·

223 1641 634 1718 gregatione)
679 1639 1031 1703 audiatur?
1073 1640 1169 1703 vei
1211 1641 1442 1701 diceret
1483 1656 1546 1699 se
1607 1637 1912 1699 catholico
1972 1655 2158 1701 sensu
2224 1639 2426 1719 fuisse
2497 1640 2821 1717 loentum,-

227 1719 327 1780 vel
353 1737 504 1799 opus
548 1737 669 1781 non
711 1737 839 1781 esse
881 1737 1098 1783 snum:
1145 1721 1202 1782 si
1244 1720 1537 1798 primum,
1599 1719 1768 1780 nihil
1807 1720 1866 1781 ei
1906 1719 2189 1796 proderit
2228 1719 2308 1783 ab
2353 1721 2822 1786 damnationem

222 1803 428 1878 operis
473 1801 812 1873 vitandam,
855 1801 968 1865 ubi
996 1803 1217 1880 aliqua
1260 1800 1602 1878 propositio
1646 1806 1979 1862 censeatur
2014 1816 2192 1878 posse
2234 1801 2388 1862 aliis
2437 1801 2819 1880 offendiculo

216 1896 376 1956 esse,
406 1883 689 1960 quamvis
716 1883 844 1959 ipse
868 1883 1160 1945 innocens
1174 1881 1524 1959 judicetur.
1558 1878 1627 1941 Si
1651 1882 2006 1954 secundum,
2030 1897 2220 1959 nequae
2244 1881 2308 1942 id
2328 1880 2820 1958 prohibitionem

224 1961 522 2038 impedire
551 1959 802 2037 valebit,
832 1979 971 2024 cum
1005 1981 1128 2024 non
1153 1970 1377 2024 auctor
1408 1961 1805 2022 damnationi
1828 1958 2260 2037 subjiciendus
2288 1963 2400 2034 sit,
2434 1962 2539 2023 sed
2564 1971 2815 2027 tantum

217 2039 430 2118 fideles
460 2041 541 2105 ab
582 2043 785 2120 operis
828 2043 1085 2105 lectione
1120 2043 1418 2104 removeri
1459 2039 1699 2104 debent.
1747 2042 1905 2103 Loco
1944 2041 2437 2103 canonistarum
2484 2043 2812 2108 sufficient

226 2125 365 2185 haec
405 2125 873 2202 sapientissima
920 2126 1107 2186 verba
1160 2124 1445 2185 Doctoris
1489 2119 1800 2183 Gallicani
1848 2121 2105 2183 Andre:
2152 2120 2405 2194 Quando
2440 2125 2499 2184 si
2532 2124 2668 2185 dice
2703 2125 2817 2193 elie

220 2219 309 2264 nn
353 2200 517 2266 libro
558 2206 587 2266 ἑ
631 2210 799 2265 stato
843 2202 1438 2283 postomil’lndice,
1481 2203 1577 2263 cio
1620 2202 1765 2264 vuol
1806 2202 1944 2262 dire
1999 2200 2107 2262 che
2152 2200 2292 2280 quel
2335 2201 2498 2266 libro
2556 2206 2585 2266 ἑ
2632 2211 2806 2269 stato

212 2284 615 2425 condgnnato
641 2285 815 2407 ‘mina
862 2283 1360 2365 Conyreqazione
1387 2281 1776 2358 dell'lndice‚
1804 2299 1834 2344 e
1858 2290 2034 2361 posto
2076 2284 2177 2345 nei
2219 2300 2440 2346 novero
2517 2284 2619 2346 dei
2655 2285 2816 2349 iibri

215 2378 363 2441 proi
410 2365 508 2429 iti.
554 2374 669 2426 etc.
749 2413 762 2425 .
813 2380 818 2385 ·
931 2406 936 2413 -

382 2444 437 2506 2.
475 2444 852 2522 Congruunt
884 2447 1235 2524 pontificiae
1282 2445 1346 2504 in
1393 2443 1559 2505 hanc
1605 2459 1740 2504 rem
1778 2441 2303 2515 Constitutiones‚
2335 2443 2401 2504 in
2436 2444 2668 2522 quibus
2706 2462 2810 2524 pa·

221 2523 389 2586 riter
433 2524 745 2589 librorum
786 2524 1126 2604 prohibitio
1169 2521 1476 2586 vocabulo
1512 2518 1935 2585 ddmnationis
1984 2522 2557 2585 indiscriminatim
2596 2528 2807 2605 appel-

219 2603 432 2667 latur:
476 2605 771 2668 videatur
817 2610 1172 2685 praesertim
1217 2604 1599 2666 Constitutio
1646 2602 1934 2666 Sollicita
1980 2602 2307 2665 Benedicti
2354 2603 2511 2665 xiv.

379 2687 435 2749 3.
482 2686 786 2765 Congruit
843 2690 974 2765 ipsa
1021 2683 1290 2748 formula
1343 2685 1793 2759 Decretotum,
1850 2699 1971 2763 qua
2032 2700 2294 2761 semper
2342 2688 2548 2746 utitur
2612 2682 2806 2748 Sacra

217 2764 460 2830 Indicis
506 2767 960 2846 Congregatm,
1026 2784 1167 2846 quae
1213 2771 1328 2828 ista
1393 2772 1529 2827 est:
1576 2761 1773 2827 Sacra
1823 2763 2407 2844 Conpreqatio'etc„
2471 2762 2694 2829 habita
2738 2770 2808 2829 in

216 2845 470 2910 Palatio
514 2850 866 2927 Apostolico
939 2847 1259 2923 Vaticano,
1304 2845 1634 2908 damnavit
1674 2854 1736 2907 et
1776 2846 2063 2919 damnat,
2121 2847 2507 2925 proscripsit
2530 2850 2808 2926 proscri-

212 2924 447 3006 bitque‚
490 2931 585 2991 vel
625 2929 788 2990 alias
831 2928 1130 2991 damnata
1174 2934 1361 3005 atone
1403 2927 1764 3005 proscripta
1808 2927 1876 2988 in
1919 2925 2190 2987 Indicam
2231 2924 2565 2990 Librorum
2592 2928 2806 3005 probi·

211 3004 489 3091 bitornm
517 3007 750 3088 referri
781 3010 1102 3071 mandavit
1126 3014 1188 3069 et
1215 3006 1478 3069 mandat
1502 3022 1687 3084 opera
1715 3024 1847 3086 qnoe
1878 3013 2231 3086 sequnntur
2265 3014 2383 3068 etc.
2410 3014 2544 3082 etc.⁹
2575 3004 2804 3087 qnibiis

213 3084 324 3149 SS.
369 3089 626 3151 Domino
681 3090 907 3151 Nostro
963 3090 1038 3151 Ν.
1079 3089 1155 3153 N.
1213 3104 1324 3166 per
1382 3104 1475 3148 me
1530 3084 2018 3166 infrascriptum
2075 3084 2499 3150 Secretarinm
2556 3089 2805 3166 relatis,

213 3166 542 3233 Sanctitas
588 3168 717 3231 Sua
762 3170 1086 3230 Decretum
1126 3168 1420 3248 probavit
1459 3175 1521 3228 et
1574 3167 1967 3245 promulqari
2018 3169 2379 3247 proecepit;
2425 3169 2492 3231 in
2546 3186 2806 3248 quornm

203 3247 415 3326 fidem,
457 3259 576 3313 etc.
622 3249 705 3313 lta
754 3252 945 3312 etiam
993 3250 1274 3329 loquitur
1320 3247 1558 3325 Regula
1603 3246 1663 3308 2·
1713 3247 1969 3310 Indicis,

373 3331 427 3393 4.
472 3329 779 3409 Congruit
823 3333 986 3392 ratio
1032 3329 1423 3408 theologica:
1469 3345 1582 3390 cur
1625 3331 1799 3389 enim
1839 3327 1986 3390 libri
2021 3326 2398 3390 referuntur
2434 3330 2497 3390 in
2529 3328 2804 3394 Iudicem

199 3409 716 3489 prohibitorum?
741 3411 1023 3490 profecto
1059 3412 1205 3490 quia
1237 3419 1385 3473 sunt
1421 3409 1498 3470 ab
1533 3408 1813 3469 Ecclesia
1853 3409 2268 3483 condemnati,
2307 3418 2371 3471 et
2395 3416 2612 3488 utpote
2642 3411 2802 3474 tales

208 3507 244 3553 a
294 3491 581 3554 fidelium
626 3491 904 3554 lectione
949 3491 1267 3554 removeri
1317 3488 1554 3551 debent
1595 3486 1644 3549 2.

372 3570 438 3646 Q.
483 3572 539 3635 3.
582 3572 683 3634 An
727 3571 1065 3650 Episcopus
1102 3572 1324 3651 possit,
1346 3571 1465 3633 imo
1528 3574 1590 3632 et
1628 3564 1850 3632 debeat
1889 3575 1957 3630 in
1996 3569 2255 3648 propria
2298 3567 2557 3632 Dioecesi
2600 3567 2825 3645 libros,

196 3651 406 3716 malos
445 3651 890 3733 proscribere?

288 3733 359 3796 R.
403 3735 834 3796 Affirmative:
896 3732 1033 3793 sive
1095 3741 1321 3810 agatur
1365 3730 1443 3793 de
1489 3728 1816 3809 Episcopis
1860 3737 2037 3791 extra
2085 3729 2219 3791 sive
2284 3729 2451 3791 intra
2500 3728 2787 3803 ltaliam3

203 3814 330 3876 hoc
418 3817 605 3894 uippe
648 3811 1078 3876 essentialiter
1124 3813 1403 3890 pertinet
1468 3810 1544 3872 ad
1592 3826 1824 3893 munus
1867 3810 2031 3889 quod
2096 3808 2339 3871 habent
2379 3809 2530 3871 Jure
2575 3809 2796 3871 divino

201 3910 378 4035 popu
407 3911 510 3956 um
556 3893 675 3956 sihi
723 3895 1126 3955 commissum
1172 3908 1322 3954 sana
1371 3891 1658 3953 doctrina
1711 3891 2034 3969 pascendi.
2099 3890 2161 3952 ld
2210 3889 2394 3951 docet
2437 3888 2510 3950 cl.
2561 3890 2797 3966 Alasia‚

199 3991 295 4039 nu
326 3974 383 4037 la
421 3974 635 4037 addita
674 3973 1087 4047 limitatione3
1130 3979 1196 4034 et
1237 3971 1598 4051 Alphonsus
1646 3981 1862 4033 noster
1905 3972 2032 4033 ait:
2077 3967 2414 4033 Prohibere
2460 3968 2654 4034 libros
2683 3986 2794 4050 per

197 4204 407 4257 banditi
442 4205 579 4256 dalle
610 4204 791 4256 scuole
823 4219 850 4254 e
884 4202 952 4254 da
984 4203 1106 4267 ogni
1142 4202 1303 4265 luogo
1360 4198 1591 4253 dicendo
1626 4202 1725 4252 che
1758 4212 1865 4251 non
1890 4200 1947 4251 si
1975 4209 2208 4263 possono
2232 4198 2433 4261 leggere
2455 4208 2615 4249 senza
2633 4205 2792 4260 grave

192 4268 385 4319 <launo
417 4268 554 4318 uena
587 4267 836 4338 giovqntu
868 4266 1043 4320 (cuth.
1079 4267 1159 4317 tit.
1192 4266 1253 4315 ae
1284 4238 1502 4336 decim..
1529 4289 1594 4301 -
1625 4264 1680 4314 ι’
1702 4262 1974 4314 incredulo
2008 4261 2188 4324 payle,
2223 4260 2481 4324 variando
2515 4259 2565 4310 dt
2600 4270 2675 4310 un
2709 4269 2793 4310 ro-

203 4342 396 4381 manzo
430 4342 646 4390 oseem),
683 4329 939 4380 [innostra
972 4339 1122 4379 come
1155 4339 1264 4379 non
1295 4329 1325 4377 e
1359 4325 1616 4389 possibile
1634 4323 1910 4389 guardarsi
1932 4323 2075 4374 dalla
2094 4324 2383 4374 seduzione
2402 4334 2417 4385 3
2446 4321 2794 4374 econchiude

196 4391 489 4443 esortando
521 4392 619 4443 che
651 4390 830 4443 sitiatti
859 4390 977 4442 libri
1002 4391 1154 4442 sieno
1176 4387 1470 4441 sterminati
1495 4387 1836 4451 dappertutto
1858 4386 2055 4448 (Bayle,
2082 4387 2326 4446 Diction„
2386 4387 2450 4436 rt.
2474 4385 2741 4445 Guarini).
2767 4403 2786 4429 ι

203 4457 405 4518 Teppa,
441 4456 584 4505 Sulla
615 4454 918 4567 ietmrcizzdei
954 4453 1069 4504 libri
1099 4452 1330 4515 proibiti.
1363 4475 1428 4487 —
1469 4450 1524 4499 V.
1562 4449 1832 4510 Gentilini,
1867 4450 1944 4498 La
1970 4451 2164 4511 pazzia
2195 4449 2247 4499 di
2281 4448 2342 4499 cn
2394 4446 2594 4512 difende
2628 4449 2669 4499 ii
2686 4449 2797 4509 oiu-

197 4521 439 4569 ramento
471 4519 656 4576 civico,
697 4527 743 4566 c.
847 4554 858 4564 .

265 4579 283 4619 ¹
323 4580 380 4629 ln
419 4579 605 4641 Opere,
643 4578 796 4628 Corso
830 4579 882 4627 di
915 4579 1106 4630 Diritto
1138 4577 1384 4628 canonico
1403 4585 1426 4633 ,·
1460 4573 1521 4623 V.
1557 4573 1736 4625 Index.

266 4643 291 4683 Ξ
329 4642 385 4690 V.
421 4642 582 4704 episc.
619 4640 822 4700 Zinelli,
859 4641 919 4689 In
953 4641 1244 4692 doctrinam
1277 4636 1584 4689 cothoiicam
1633 4637 1694 4686 de
1746 4633 2020 4685 Librorum
2068 4632 2431 4695 prohibitione,
2491 4637 2550 4686 ut
2585 4643 2793 4685 errores

191 4704 442 4756 nonnulli
471 4715 645 4754 recens
674 4703 867 4765 culpati
897 4702 1208 4766 refellantur
1239 4702 1376 4762 (civ.
1414 4698 1628 4760 Cattol.,
1667 4709 1768 4750 ser.
1800 4698 1875 4758 θ’,
1908 4695 2015 4747 vol.
2053 4707 2088 4757 ι,
2125 4708 2243 4760 pag.
2278 4698 2423 4759 446).
