3292 5167
541 274 626 341 46
1233 297 1348 343 cin.
1394 297 1460 342 11.
1509 298 1720 345 τιμον.
1769 300 1823 342 ν.
1872 297 2022 343 nisi».
2071 298 2112 342 1.
2159 296 2289 343 cai).
2337 297 2401 342 11.

623 393 771 456 Μ·
823 400 896 478 Q.
950 401 1010 465 5.
1064 399 1225 478 Quid
1269 398 1342 465 de
1396 412 1535 466 voto
1581 401 2048 467 conditionate?

632 512 701 578 R.
755 511 827 575 l:
879 508 1042 574 Cum
1093 507 1309 591 Stapf:
1369 537 1390 565 ‹
1449 507 1666 593 Aliqui
1719 515 1864 575 vota
1904 506 2353 574 conditionata
2387 505 2468 574 de
2503 506 2985 593 superstitione
3021 525 3128 576 ac-

541 625 791 697 cusant,
843 633 921 683 eo
973 613 1151 700 quod
1203 614 1401 682 bomo
1441 634 1590 682 cum
1640 617 1781 682 Deo
1830 614 2016 699 quasi
2070 613 2432 698 transigere
2481 621 2547 681 et
2597 615 2835 700 pacisci
2897 615 3124 684 videa-

541 737 688 806 tur,
763 723 919 791 dum
990 723 1327 808 quidpiam
1385 723 1645 790 nonnisi
1696 723 1821 791 sub
1871 730 2047 791 certa
2097 721 2477 790 conditione
2525 722 2826 808 spondet.
2875 725 3125 793 Verum

533 829 1163 919 praeterquamquod
1213 830 1356 898 haec
1398 838 1704 898 votorum
1754 830 2011 915 species
2061 829 2141 897 ab
2190 829 2352 913 ipsis
2401 829 2606 898 sacris
2669 828 2929 913 Paginis
2979 830 3125 898 suf-

533 938 810 1023 fragium
861 937 1158 1020 accipiat,
1210 955 1267 1024 v.
1318 943 1375 1020 g‘.
1428 937 1507 1005 ab
1558 936 1861 1022 exemplo
1907 935 2136 1004 Jacobi
2189 931 2238 1017 ¹,
2292 933 2525 1004 eadem
2563 934 2642 1003 de
2676 934 2783 1002 illa
2817 936 3126 1005 obtinent

533 1065 682 1133 quae
734 1046 1092 1130 generatim
1142 1044 1222 1112 de
1273 1044 1398 1130 piis
1448 1043 1881 1130 petitionibus
1932 1043 2244 1112 dicimus:
2296 1043 2550 1112 scilicet
2583 1045 2777 1111 etiam
2820 1062 2939 1131 per
2975 1044 3125 1112 baec

532 1162 682 1220 vota
744 1152 983 1233 fidem,
1034 1151 1381 1233 fiduciam,
1432 1160 1860 1237 nostramque
1908 1168 2058 1236 erga
2109 1152 2321 1219 Deum
2377 1148 2797 1218 devotionem
2850 1150 3126 1219 exhibe·

532 1279 715 1330 mus:
766 1269 831 1329 et
878 1263 1054 1328 Deus
1102 1259 1244 1345 ipse
1292 1258 1373 1328 de
1412 1258 1644 1327 ordine
1691 1258 1983 1327 stabilito
2033 1257 2192 1325 nihil
2244 1258 2594 1326 immutare
2643 1258 2940 1343 cogitur,
2991 1266 3103 1327 ut-

533 1381 687 1456 pote
758 1370 867 1454 qui
942 1369 1021 1436 ab
1070 1376 1321 1435 aeterno
1372 1368 1591 1435 omnia
1639 1367 1763 1435 sibi
1817 1367 2167 1452 praesentia
2216 1367 2530 1434 intuetur.
2589 1393 2611 1423 ι
2671 1368 2809 1434 Hoc
2844 1367 3108 1451 posito:

622 1480 688 1543 R.
740 1478 811 1541 2:
860 1477 1101 1545 Votum
1151 1473 1675 1542 conditionatum
1729 1479 1947 1558 potest
1995 1491 2143 1542 esse
2189 1472 2288 1541 vel
2339 1472 2420 1540 de
2455 1472 2836 1541 conditione
2869 1473 3128 1559 impos-

533 1583 704 1651 sibili
775 1589 840 1650 et
910 1581 1119 1667 turpi3
1194 1582 1295 1649 vel
1343 1581 1424 1649 de
1472 1581 1851 1650 conditione
1902 1579 2203 1666 possibili
2254 1587 2320 1648 et
2370 1580 2681 1648 honesta:
2732 1586 2797 1648 et
2847 1579 3125 1665 quidem

533 1689 868 1776 praesenti,
922 1688 1254 1773 praeterita
1304 1695 1414 1757 aut
1462 1688 1712 1756 sutura:
2423 1711 2434 1714 ·

710 1798 767 1863 l.
836 1799 1076 1863 Votum
1148 1795 1230 1863 de
1276 1796 1619 1862 condicione
1664 1795 2028 1882 impossibili
2066 1802 2130 1862 et
2167 1796 2355 1882 turpi,
2405 1792 2458 1861 si
2511 1794 2652 1860 baec
2705 1800 2996 1877 ponatur
3046 1801 3124 1863 ut

530 1921 724 1973 causa
773 1904 1003 1985 finalis,
1062 1910 1163 1971 est
1220 1903 1493 1985 nullum,
1544 1904 1677 1971 imo
1727 1909 1828 1971 est
1877 1902 2190 1989 impium;
2241 1902 2393 1988 quia
2442 1902 2539 1970 sic
2601 1904 2779 1969 Deus
2829 1901 3123 1971 ludibrio

530 2020 754 2105 aperte
802 2012 1174 2079 haberetur.

706 2120 766 2184 2.
840 2121 1081 2186 Votum
1116 2118 1196 2185 de
1253 2118 1596 2186 conditione
1631 2120 1913 2206 possibili
1957 2126 2021 2187 et
2068 2120 2322 2187 honesta
2370 2127 2500 2187 tam
2553 2118 2866 2205 praesenti
2920 2136 3124 2204 quam

532 2227 890 2311 praeterita,
945 2226 1165 2292 statim
1215 2225 1498 2293 validum
1547 2232 1648 2295 est
1699 2226 1795 2294 vel
1848 2226 2243 2309 invalidum,
2305 2233 2501 2313 prout
2550 2224 2843 2295 conditio
2897 2225 3122 2295 existit

530 2334 628 2400 vel
678 2353 841 2402 non:
895 2352 1109 2419 neque
1163 2351 1314 2401 vere
1362 2332 1488 2401 dici
1542 2342 1762 2420 potest
1798 2335 2344 2416 conditionatum,
2381 2350 2530 2402 cum
2568 2333 2970 2402 conditionis
3020 2332 3120 2402 ef-

530 2442 739 2510 fectus
789 2442 872 2509 sit
922 2440 1329 2526 suspendere
1378 2449 1594 2510 actum
1644 2441 1708 2508 in
1759 2453 2065 2510 eventum
2116 2442 2408 2510 futurum
2458 2449 2523 2510 et
2565 2443 2915 2510 incertum.

709 2549 770 2616 3.
819 2551 1060 2618 Votum
1111 2548 1190 2617 de
1230 2547 1574 2615 conditione
1616 2549 1855 2634 futura,
1904 2547 1958 2616 si
2007 2556 2108 2617 est
2161 2549 2243 2618 de
2289 2548 2512 2618 futuro
2549 2549 2948 2630 necessarie,
2989 2560 3124 2616 sta-

528 2659 644 2725 tim
715 2657 960 2741 obligat
981 2682 999 2737 ;
1075 2656 1193 2724 sed
1265 2657 1407 2742 ejus
1478 2658 1780 2723 executio
1837 2657 2267 2742 suspenditur
2313 2674 2525 2743 usque
2578 2656 2657 2722 ad
2707 2655 3119 2724 conditionis

528 2773 834 2834 eventum
871 2818 886 2848 ,
963 2781 1112 2832 cum
1185 2763 1332 2832 talis
1404 2766 1683 2849 praecise
1754 2764 1839 2831 sit
1901 2764 2041 2851 ipsa
2090 2765 2385 2832 voventis
2433 2764 2770 2846 voluntas;
2821 2762 3118 2832 conditio

526 2875 702 2943 enim
753 2893 831 2942 ex
881 2892 952 2941 se
1003 2872 1474 2958 obligationem
1525 2891 1653 2940 non
1705 2873 2011 2953 infirmat,
2054 2872 2171 2941 sed
2217 2881 2471 2940 tantum
2507 2872 2775 2940 modum
2814 2872 3119 2958 imponit.

529 2982 595 3049 Si
670 2999 823 3051 vero
894 2988 995 3049 est
1051 2981 1130 3048 de
1179 2981 1400 3049 futuro
1452 2981 1882 3066 contingenti,
1933 2988 2156 3049 votum
2213 2999 2341 3048 non
2395 2980 2641 3064 obligat
2694 2987 2844 3047 ante
2892 2978 3124 3048 condi-

531 3087 729 3154 tionis
803 3094 1145 3168 eventum3
1205 3087 1353 3154 talis
1402 3089 1578 3156 enim
1628 3096 1729 3155 est
1780 3088 2077 3156 voventis
2128 3105 2337 3155 mens.
2394 3087 2556 3154 llinc
2604 3086 2876 3171 legitur:
2925 3088 3124 3173 facies

530 3195 687 3262 sicut
724 3195 1078 3281 promisisti
1120 3198 1424 3274 Domino,·
1471 3203 1621 3262 nota
1674 3195 1835 3263 illud
1878 3196 2037 3263 sicut
2083 3191 2133 3264 ¹.

608 3334 720 3396 Hic
765 3343 974 3397 tamen
1046 3335 1425 3400 notandum:
1493 3337 1555 3418 1)
1612 3337 2016 3400 conditiones
2076 3333 2431 3416 implendas
2496 3352 2635 3397 esse
2694 3352 2820 3396 non
2869 3343 3119 3399 tantum

529 3415 1013 3495 aequivalenter,
1060 3417 1167 3479 sed
1216 3419 1405 3480 etiam
1444 3418 1780 3497 specifice3
1825 3433 1966 3480 nam
2002 3432 2144 3480 cum
2191 3425 2405 3479 votum
2440 3417 2522 3477 sit
2568 3414 2669 3477 lex
2713 3415 2941 3493 liganS,
2986 3431 3113 3478 non

531 3497 613 3557 ita
664 3495 848 3557 facile
893 3498 1153 3560 extendi
1200 3497 1407 3560 debet.
1452 3497 1555 3560 Sic
1598 3499 1648 3560 si
1696 3500 1924 3560 vovisti
1966 3498 2282 3577 jejunium
2332 3511 2478 3558 casu
2526 3513 2647 3574 quo
2696 3496 3114 3574 pejeraveris,

527 3591 655 3639 non
696 3579 933 3638 teneris
976 3577 1050 3639 ad
1078 3578 1420 3657 jejunium,
1449 3583 1499 3641 si
1536 3579 1964 3657 blasphenies3
1995 3584 2045 3639 si
2095 3578 2326 3639 vovisti
2372 3576 2795 3654 Religionem,
2835 3581 2885 3637 si
2934 3592 3118 3638 soror

531 3664 633 3718 tua
684 3660 990 3735 nupserit,
1037 3673 1162 3719 non
1208 3659 1459 3733 suflicit,
1496 3662 1545 3720 si
1582 3658 1686 3719 iila
1723 3662 2065 3732 moriatur3
2107 3657 2173 3735 2)
2204 3656 2642 3719 conditionem
2672 3656 2911 3730 valere,
2970 3657 3121 3718 licet

527 3738 611 3798 sit
653 3735 732 3798 de
778 3737 960 3798 bonis
1024 3737 1505 3816 temporalibuS,
1550 3747 1618 3800 ut
1681 3743 1731 3800 si
1780 3739 1920 3818 quis
1966 3746 2193 3800 voveat
2257 3736 2519 3817 aliquid,
2566 3739 2617 3797 si
2674 3735 3118 3811 convaluerit3

525 3820 671 3895 quia
718 3817 947 3879 melior
990 3827 1087 3880 est
1130 3820 1393 3890 sanitaS,
1452 3833 1640 3897 quam
1685 3819 1826 3897 ejus
1870 3818 2263 3896 oppositum,
2331 3826 2399 3880 ut
2462 3833 2694 3889 nempe
2739 3833 2809 3879 ea
2857 3827 3118 3880 utamur

526 3897 602 3960 ad
649 3897 1057 3960 serviendum
1125 3898 1271 3960 Deo,
1328 3897 1481 3960 item
1542 3898 1713 3960 valet
1755 3901 1804 3960 si
1873 3898 2155 3960 conditio
2198 3898 2282 3961 sit
2344 3900 2410 3960 in
2461 3913 2731 3976 posnam,
2778 3909 2846 3960 ut
2901 3900 2952 3960 si
3002 3914 3108 3958 vo·

527 3994 674 4041 veas
705 3977 1104 4055 Religionem
1142 3979 1418 4056 ingredi,
1458 3979 1508 4040 si
1550 3978 2132 4057 blasphemaveris;
2167 3993 2314 4040 nam
2350 3986 2451 4040 est
2479 3978 2554 4039 ad
2590 3978 2847 4053 bonum,
2880 3993 3114 4056 nempe

527 4057 601 4120 ad
651 4057 1100 4121 abstinendum
1126 4062 1470 4137 apeccatis.
1498 4058 1609 4132 Qui
1638 4076 1788 4121 vero
1832 4061 2006 4119 vovit
2042 4058 2196 4121 dare
2240 4075 2435 4121 unum
2476 4074 2739 4119 aureum
2776 4060 2826 4118 si
2859 4059 3117 4128 omittat

527 4136 690 4199 festo
736 4139 840 4201 die
883 4140 1105 4201 audire
1150 4137 1436 4205 Sacrum.
1493 4143 1543 4201 si
1592 4156 1720 4201 non
1765 4139 1983 4202 audiat
2026 4140 2105 4200 ob
2152 4140 2619 4212 infirmitatem,
2681 4154 2809 4198 non
2856 4146 3115 4201 tenetur

527 4216 701 4291 dare,
743 4220 889 4298 quia
938 4219 1095 4283 iliud
1143 4230 1358 4283 votum
1405 4230 1700 4282 censetur
1748 4220 2016 4298 poenale,
2062 4235 2179 4282 nec
2225 4219 2409 4282 datur
2476 4233 2659 4296 poena
2706 4219 2848 4280 sine
2906 4218 3114 4297 culpa.

607 4297 879 4360 Tenetur
920 4317 954 4361 e
990 4308 1209 4362 contra
1258 4299 1332 4361 ad
1382 4309 1597 4362 votum
1642 4302 1747 4379 qui
1797 4301 2087 4380 promisit
2121 4300 2237 4362 sub
2283 4308 2426 4360 voto
2473 4298 2627 4361 dare
2671 4314 2936 4362 aureum
2978 4303 3114 4362 sin·

529 4377 695 4457 gulis
741 4380 987 4442 vicibus
1030 4382 1260 4461 quibus
1297 4382 1633 4460 juraverit,
1663 4382 1782 4442 etsi
1832 4381 2313 4443 inadvertenter
2343 4379 2550 4457 juret;
2598 4380 2744 4458 quia
2794 4381 2913 4441 iste
2958 4394 3111 4441 ceu·

589 4562 607 4602 ¹
645 4566 772 4616 Gen.
807 4575 1006 4615 xxviii:
1034 4565 1194 4616 Jacob
1231 4571 1403 4617 votum
1434 4568 1569 4616 vovit
1600 4567 1800 4616 dicens:
1834 4565 1888 4616 Si
1906 4565 2066 4628 [uerit
2099 4567 2228 4617 Deus
2245 4577 2441 4615 mecum
2458 4569 2508 4616 et
2528 4566 2821 4617 custodierit
2852 4576 2932 4615 me
2955 4566 3113 4616 invia

527 4639 703 4676 men...
739 4628 835 4678 orit
869 4627 993 4676 mihi
1028 4628 1272 4678 Dominus
1302 4629 1355 4678 in
1391 4630 1549 4678 Deum
1580 4631 1629 4678 et
1659 4629 1792 4689 lapis
1822 4630 1911 4677 iste
1942 4641 2089 4690 quem
2122 4627 2266 4677 erexi
2295 4629 2352 4679 in
2386 4628 2599 4680 titulum
2631 4628 2898 4680 vocabitur
2919 4628 3101 4679 domus

528 4690 655 4749 Dei,·
687 4694 1084 4751 cunctorumque
1115 4702 1229 4753 quoe
1259 4691 1460 4740 dederis
1489 4691 1633 4750 milti,
1667 4691 1887 4740 decimas
1918 4693 2128 4753 offeram
2163 4687 2278 4741 tibi:

587 4752 610 4791 ἱ
643 4753 792 4805 Deut.
827 4763 943 4815 cap.
979 4763 1130 4802 xxm.
1165 4777 1227 4789 —
1261 4753 1488 4814 Lignori,
1525 4753 1616 4814 Op.
1653 4753 1810 4813 Mor„
1845 4751 1878 4801 l.
1916 4763 1992 4812 ιιι,
2027 4764 2076 4802 n.
2111 4755 2221 4803 219.
