3292 5167
1074 276 1152 325 us
1202 275 1638 322 nssrtrurtom:
1688 273 1752 322 ιΝ
1798 277 2005 324 sanctu
2744 259 2883 328 475

361 383 461 451 An
509 388 732 451 autem
782 380 878 451 sic
926 379 1004 449 ad
1053 381 1300 449 malum
1351 379 1692 455 inducens,
1743 399 1822 449 ex
1864 381 2124 467 justitia
2173 387 2479 457 teneatur
2527 401 2879 457 removere

272 508 410 559 uon
463 496 720 557 tantum
751 506 1005 557 *causas
1054 490 1300 575 lapsus,
1350 488 1468 556 sed
1518 488 1717 557 etiam
1766 489 2050 571 efficere,
2103 496 2173 557 ut
2220 489 2539 559 seductus
2591 509 2874 561 conver-

275 604 472 678 tatur,
525 597 713 664 multi
769 596 1209 683 probabiliter
1248 596 1604 664 affirmant:
1656 613 1852 664 secus
1903 614 2036 664 non
2086 597 2245 665 satis
2295 596 2607 667 damnum
2659 617 2879 685 pravae

269 701 745 791 dispositionis
795 703 1042 789 iniuste
1074 708 1420 770 causatum
1467 708 1825 788 repararet.
1862 701 1994 769 Sed
2033 702 2139 769 alii
2174 702 2406 770 volunt
2445 704 2524 771 ad
2559 703 2625 772 id
2657 705 2866 774 teneri

285 818 546 881 tantum
596 830 676 881 ex
723 811 1088 892 charitate3
1133 811 1283 896 quia
1332 810 1504 878 sicut
1554 810 1666 896 qui
1718 810 1940 895 ligavit
1986 810 2219 896 Cajum
2270 816 2335 879 et
2382 812 2478 879 sic
2536 811 2884 897 impedivit

275 921 643 1007 quominus
693 919 819 986 iret
867 918 949 986 ad
999 919 1340 1005 templum,
1393 917 1713 985 satisfacit
1761 916 1816 985 si
1889 934 2044 985 eum
2117 917 2349 999 solvat,
2422 936 2544 987 nec
2607 926 2875 988 tenetur

271 1046 360 1097 ex
402 1027 671 1115 J'ustitia
720 1044 972 1110 curare,
1023 1033 1098 1095 ut
1146 1034 1250 1095 eat
1299 1025 1380 1093 ad
1430 1025 1791 1111 templum;
1842 1025 1929 1093 ita
1979 1032 2043 1094 et
2091 1025 2218 1094 hic.
2270 1028 2433 1093 Cum
2484 1027 2660 1095 enim
2727 1046 2880 1101 ces-

270 1144 380 1205 set
426 1136 524 1203 vis
573 1142 638 1202 et
686 1134 890 1215 frauS,
944 1141 1009 1202 et
1059 1133 1227 1201 alter
1274 1134 1439 1201 sciat
1486 1150 1561 1201 se
1624 1131 2005 1219 deceptum,
2080 1139 2306 1218 potest
2375 1134 2430 1200 si
2502 1134 2658 1201 velit
2730 1134 2877 1221 ipse

267 1261 350 1313 se
396 1261 432 1311 a
483 1250 756 1330 peccato
808 1240 1141 1327 expedire,
1193 1241 1425 1326 sicque
1473 1246 1789 1313 censetur
1848 1240 2033 1309 alteri
2112 1240 2453 1311 remittere
2526 1242 2874 1327 obligatio-

273 1368 430 1420 nem
466 1369 538 1418 se
576 1348 1040 1419 convertendi:
1070 1349 1249 1436 quod
1277 1348 1331 1417 si
1375 1364 1505 1419 non
1543 1353 1710 1435 agat,
1763 1353 1923 1415 tunc·
1954 1345 2026 1417 id
2058 1346 2182 1421 sibi
2234 1347 2697 1416 tantummodo
2752 1346 2881 1423 im-

275 1456 646 1543 putabitur.

369 1565 491 1646 Qui
541 1581 697 1631 vero
744 1564 890 1631 sine
939 1561 1020 1645 vi,
1068 1561 1296 1631 fraude
1365 1569 1479 1657 aut
1528 1559 1684 1631 dolo
1775 1559 1895 1629 sed
1966 1577 2154 1630 mero
2228 1560 2514 1631 consilio
2581 1579 2659 1633 ac
2732 1579 2884 1633 sua-

271 1673 478 1740 sione
549 1672 749 1739 alium
823 1669 904 1739 ad
974 1676 1323 1756 peccatum
1394 1667 1686 1751 induxit,
1759 1686 1838 1736 ex
1901 1667 2159 1754 justitia
2229 1668 2308 1735 ad
2382 1668 2544 1735 nihil
2614 1676 2881 1739 tenetur

273 1796 432 1864 erga
483 1779 862 1857 inductum,
913 1794 1063 1847 nam
1122 1778 1233 1862 qui
1287 1782 1516 1862 peccat
1564 1792 1696 1843 non
1748 1774 2065 1843 seductus
2113 1775 2195 1854 vi,
2264 1775 2492 1845 fraude
2541 1783 2653 1844 aut
2702 1774 2882 1859 dolo,

277 1892 511 1972 peccat
559 1885 779 1952 sciens
829 1901 904 1953 ac
951 1884 1209 1953 volens:
1245 1882 1482 1951 scienti
1517 1889 1740 1951 autem
1780 1888 1980 1971 atque
2014 1882 2281 1964 volenti,
2318 1900 2400 1949 ex
2431 1882 2603 1968 juris
2645 1882 2878 1971 adagio

277 2013 416 2067 non
466 1993 539 2061 fit
588 1993 856 2079 injuria:
912 1999 976 2063 et
1021 1993 1237 2063 nullus
1282 1992 1700 2079 spiritualiter
1743 1991 2033 2074 moritur,
2083 1991 2362 2062 {dicente
2433 1992 2746 2077 Angelico
2828 1999 2881 2077 ¹,
2950 1984 2961 1993 ’

273 2102 411 2172 nisi
451 2102 719 2187 propria
765 2101 1080 2168 voluntate
1120 2098 1451 2186 peccando.
1501 2096 1634 2167 Sed
1684 2105 1950 2169 tenetur
1997 2116 2076 2169 ex
2110 2099 2451 2182 charitate,
2486 2099 2707 2185 quoad
2750 2117 2874 2186 po-

276 2216 434 2290 test,
487 2207 990 2277 conversionem
1042 2206 1296 2275 seducti
1351 2222 1750 2291 procurare;
1801 2205 1940 2291 ipsa
1994 2208 2170 2277 enim
2222 2206 2543 2275 naturalis
2594 2208 2877 2294 aequitas

273 2334 362 2385 ex
413 2315 752 2384 charitatis
802 2321 1142 2400 praecepto
1192 2313 1415 2398 exigit,
1468 2320 1541 2383 ut
1583 2319 1826 2383 auctor
1872 2313 2029 2380 maii
2083 2312 2244 2383 illud
2281 2332 2586 2399 reparare
2626 2314 2882 2385 nitatur

275 2421 623 2493 suadendo
675 2422 910 2489 saltem
959 2427 1157 2511 atque
1210 2417 1565 2489 monendo.
1618 2418 1784 2489 Hinc
1832 2437 2029 2488 nemo
2081 2438 2212 2487 non
2265 2420 2437 2488 videt
2499 2427 2745 2505 quanta
2794 2419 2882 2491 sit

278 2529 607 2614 obligatio
658 2535 1150 2613 corruptorum,
1201 2527 1312 2612 qui
1347 2526 1511 2593 alios
1546 2543 1622 2593 ac
1658 2527 2032 2612 praesertim
2059 2526 2339 2612 juvenes
2373 2527 2676 2595 incautos
2712 2527 2881 2599 viam

275 2637 585 2708 oriminis
632 2636 945 2717 edocent3
997 2654 1146 2704 cum
1198 2633 1462 2702 difficile
1510 2632 1868 2702 admodum
1918 2635 2004 2701 sit
2053 2653 2132 2703 ex
2181 2650 2415 2703 eorum
2455 2635 2692 2703 animis
2725 2635 2880 2705 libi·

275 2743 476 2817 dines
526 2744 841 2828 deinceps
892 2742 1268 2829 propellere
1315 2748 1384 2810 et
1432 2741 1842 2826 extinguere.

368 2850 597 2921 ⁶93.
648 2853 721 2932 Q.
770 2852 831 2917 2.
880 2851 979 2918 Ad
1021 2850 1173 2935 quid
1210 2861 1450 2917 tenetur
1493 2850 1603 2935 qui
1647 2851 1848 2916 alium
1897 2851 2056 2916 loesit
2103 2849 2170 2916 in
2219 2850 2392 2919 bonis
2436 2851 2882 2921 naturalibus?

370 2963 443 3029 R.
494 2959 615 3040 Qui
668 2959 868 3026 alium
921 2959 1094 3027 laesit
1145 2959 1209 3024 in
1260 2958 1458 3027 bonis
1509 2959 1746 3025 animae
1798 2957 2229 3039 naturalibuS‚
2283 2957 2514 3026 iisdem
2580 2948 2881 3044 subjacet

277 3067 832 3152 obligationibuS,
884 3067 1126 3152 quibus
1176 3066 1510 3134 obnoxius
1559 3073 1662 3135 est
1709 3066 2168 3133 damnificator
2239 3065 2302 3131 in
2375 3065 2571 3134 bonis
2639 3066 2878 3137 animae

274 3173 925 3261 supernaturalibus.
978 3175 1398 3260 Quapropter
1444 3173 1496 3243 si
1553 3173 1702 3259 quis
1752 3173 1951 3245 alium
2000 3188 2254 3241 veneno
2315 3172 2415 3241 vel
2464 3173 2592 3243 alio
2641 3172 2881 3258 quovis

277 3280 502 3353 medio
554 3279 800 3348 efficaci
855 3279 1126 3365 privavit
1176 3279 1516 3363 memoria,
1589 3280 1853 3365 ingenio
1922 3279 2022 3348 vel
2074 3297 2199 3346 usu
2248 3279 2544 3361 rationis.
2616 3286 2883 3351 tenetur

273 3409 364 3463 ox
403 3387 662 3475 justitia
713 3406 1022 3472 reparare
1074 3397 1214 3457 tum
1262 3389 1576 3457 damnum
1624 3387 1997 3473 personale,
2058 3404 2208 3454 eum
2260 3404 2499 3472 nempe
2557 3405 2591 3454 a
2640 3389 2879 3463 morbo

271 3513 518 3569 curare
569 3495 786 3580 quoad
837 3501 1088 3581 potest3
1139 3505 1279 3562 tum
1333 3512 1528 3567 omne
1577 3495 1892 3587 damnum
1927 3494 2124 3576 reale,
2160 3493 2337 3579 quod
2372 3493 2526 3562 inde
2574 3502 2881 3569 secutum

271 3610 402 3685 est,
451 3607 524 3670 ut
573 3609 675 3670 est
724 3602 994 3670 amissio
1045 3602 1264 3684 officii,
1315 3603 1501 3685 lucri,
1553 3610 1678 3671 etc.
1729 3604 1891 3670 Item
1942 3602 1994 3669 si
2038 3600 2187 3687 quis
2238 3602 2527 3673 officium
2576 3602 2675 3670 vel
2711 3620 2865 3671 con-

276 3709 655 3779 ventionem
693 3709 1065 3794 susceperit
1100 3710 1263 3777 alios
1301 3709 1621 3778 edocendi
1660 3716 1889 3793 artem,
1926 3708 2273 3777 scientiam
2311 3715 2422 3776 aut
2460 3708 2878 3794 disciplinam

273 3816 590 3902 aliquam,
644 3817 696 3884 si
736 3834 978 3884 munus
1013 3817 1141 3884 tale
1177 3819 1551 3904 susceperit
1585 3819 1838 3904 absque
1873 3816 2226 3887 sufficienti
2272 3818 2527 3903 peritia,
2576 3816 2677 3885 vel
2719 3814 2882 3882 illud

275 3924 694 4010 negligenter
742 3924 1132 4011 impleverit,
1187 3943 1315 3992 non
1369 3932 1626 3995 tantum
1663 3926 1975 4011 praetium
2017 3933 2363 4009 acceptum
2401 3924 2754 3993 restituere
2786 3929 2883 3995 te·

277 4032 548 4101 nebitur
596 4050 715 4117 pro
768 4034 1027 4100 ratione
1097 4051 1236 4101 suae
1313 4032 1709 4116 ignorantiae
1785 4039 1897 4100 aut
1972 4032 2428 4118 negligentiae3
2501 4031 2618 4099 sed
2680 4032 2881 4098 etiam

271 4139 614 4222 damnum,
652 4140 833 4226 quod
867 4141 1088 4207 intulit
1125 4140 1294 4208 male
1328 4140 1653 4224 docendo,
1693 4159 2035 4226 reparare3
2072 4140 2222 4210 ideo
2259 4140 2435 4207 enim
2470 4139 2878 4224 stipendium

273 4248 538 4336 accipit,
588 4257 661 4315 ut
709 4266 781 4317 se
829 4248 1063 4317 utilem
1116 4249 1413 4333 praebeat
1462 4254 1512 4317 ².

340 4438 364 4480 ¹
401 4442 448 4501 1,
481 4443 529 4503 2,
564 4454 616 4553 (ᾗ.
654 4442 732 4503 13,
767 4454 815 4492 a.
849 4445 898 4494 8.
935 4442 1176 4494 Diximus
1209 4456 1333 4516 erqo
1366 4443 1749 4517 inductum,·.si
1785 4444 1927 4495 enim
1962 4441 2081 4492 ideo
2127 4440 2353 4492 laedatur
2398 4440 2487 4501 jus
2539 4441 2701 4504 tertii,
2754 4453 2881 4509 erga
2955 4491 2963 4501 ,

275 4502 493 4559 tortium
529 4507 584 4555 ut
605 4514 710 4567 que
738 4505 947 4557 adesset
982 4505 1235 4569 obligatio
1261 4506 1500 4568 justitiae,
1535 4518 1602 4559 ex
1638 4505 1795 4559 dictis
1829 4516 1994 4567 supra
2030 4516 2083 4554 n.
2119 4507 2232 4555 657.

336 4563 365 4606 ⁸
397 4563 625 4617 Videant
654 4576 779 4629 ergo
810 4567 937 4631 quid
969 4579 1033 4618 su
1076 4580 1222 4620 remo
1255 4567 1501 4621 Exactori
1534 4568 1641 4619 sint
1673 4570 1981 4631 responsuri
2031 4571 2143 4619 tum
2198 4564 2291 4625 illi,
2341 4564 2431 4629 qui
2482 4565 2549 4617 ad
2603 4564 2883 4621 salebrosa

268 4625 457 4680 officia
487 4639 595 4678 non
631 4630 832 4680 meritis
866 4630 1043 4693 propri
1069 4642 1112 4694 s,
1148 4630 1240 4681 sed
1282 4630 1507 4682 aliorum
1545 4631 1935 4693 pervenientes,
1971 4640 2078 4681 non
2112 4630 2302 4680 curant
2394 4628 2480 4678 uid
2533 4629 2747 4680 valeant
2777 4629 2881 4679 bu·

277 4693 430 4762 meri,
470 4686 605 4741 bene
634 4701 763 4742 vero
795 4691 923 4756 quid
958 4693 1082 4764 velit
1114 4693 1370 4755 ambiti03
1411 4698 1524 4745 tum
1559 4693 1652 4752 ilii,
1688 4695 1780 4808 gui
1818 4693 1909 4765 vix
1941 4692 2033 4743 uni
2070 4691 2248 4742 officio
2282 4702 2343 4741 su
2406 4691 2623 4764 etenum,
2653 4693 2733 4763 ,at
2785 4701 2878 4741 su-

272 4752 425 4815 perbi
459 4752 545 4802 vel
575 4754 725 4804 avari
758 4755 912 4816 plura
943 4758 1244 4819 suscipiunt
1276 4755 1594 4818 exolvenda,
1628 4767 1686 4807 se
1758 4754 2010 4809 omuibus
2046 4753 2329 4816 deficiunt3
2380 4755 2433 4805 et
2472 4764 2519 4804 si
2554 4754 2731 4804 desint
2763 4751 2883 4807 lau·
