3292 5167
1069 237 1146 283 nn
1195 233 1629 282 assurum-iona:
1656 228 1740 307 ‘m
1788 233 2022 281 causan
2742 215 2871 283 433

278 340 559 409 alienam
605 338 936 422 dubitanS,
986 357 1065 406 an
1117 338 1203 407 sit
1252 336 1652 418 venditoris;
1702 336 1772 421 2)
1811 335 1867 402 si
1903 344 2256 422 postquam
2293 337 2469 405 illius
2510 340 2879 425 possessio-

283 463 435 517 nem
486 447 764 534 adeptus
812 446 899 514 sit
945 446 1118 515 bona
1167 444 1294 513 fide
1341 453 1583 531 putans
1633 461 1783 511 esse
1832 461 2018 511 suam
2047 496 2063 525 ,
2107 443 2383 513 dubium
2433 447 2875 533 superveniat.

370 555 438 624 Si
490 555 707 640 agitur
753 552 836 621 de
884 552 1098 638 primo
1150 569 1327 634 casu,
1363 569 1714 637 possessor
1749 549 1845 619 sic
1879 568 2079 636 agens
2116 557 2380 636 peccat3
2425 553 2575 637 quia
2611 552 2877 623 eviden-

209 708 214 715 -
282 670 384 730 ter
453 682 527 731 se
596 661 868 746 exponit
943 660 1238 745 periculo
1304 677 1441 727 rem
1491 658 1772 726 alienam
1821 658 2086 725 sibimet
2136 659 2542 743 usurpandi:
2588 660 2876 747 ideoque

282 770 517 854 maiori
568 769 669 838 vel
717 768 955 839 minori
1007 767 1341 855 diligentia
1393 786 1510 852 pro
1562 765 1793 852 majori
1846 765 1942 832 vel
1994 764 2233 833 minori
2269 765 2358 833 rei
2399 765 2609 851 ipsius
2649 768 2881 837 valore

284 883 550 945 tenetur
609 874 944 960 inquirere
990 873 1353 942 dominum.
1405 872 1526 952 Qui
1576 870 1631 939 si
1681 876 2059 955 compareat
2108 877 2173 939 et
2223 870 2433 940 multo
2470 874 2880 956 probabilius

282 984 620 1053 existimet
686 1000 825 1049 rem
874 981 955 1048 ad
1003 982 1220 1068 ipsum
1272 989 1613 1066 spectare,
1665 979 1755 1047 illi
1809 982 2084 1052 reddere
2132 984 2331 1051 debet
2350 1007 2367 1063 3
2418 998 2564 1048 nam
2616 999 2765 1047 cum
2816 981 2880 1047 in

282 1089 488 1159 dubio
561 1094 805 1157 certam
880 1087 1375 1173 possessionem
1426 1086 1736 1156 inchoare
1790 1109 1919 1157 non
1976 1076 2319 1177 potuerit,
2370 1087 2461 1156 rei
2514 1088 2689 1155 illius
2738 1093 2880 1168 est,

287 1217 408 1285 pro
461 1215 594 1282 quo
643 1204 772 1263 stat
819 1196 1030 1280 major
1077 1194 1210 1262 veri
1264 1194 1736 1280 probabilitas:
1787 1200 1840 1265 si
1894 1218 2025 1266 non
2069 1203 2475 1283 compareat,
2512 1196 2573 1262 in
2610 1194 2717 1261 illa
2753 1210 2883 1260 ma-

281 1308 410 1395 jori
467 1306 951 1391 probabilitate,
1005 1321 1144 1371 rem
1192 1304 1444 1372 scilicet
1494 1305 1766 1372 alterius
1818 1324 1984 1390 esse,
2035 1307 2231 1375 debet
2268 1307 2446 1373 illam
2486 1304 2884 1372 distribuere

289 1415 696 1502 pauperibus
745 1432 823 1481 ex
873 1419 1279 1498 praesumpta
1332 1410 1582 1479 domini
1636 1413 1996 1482 voluntate.
2045 1453 2133 1462 —-
2180 1414 2245 1482 Si
2299 1432 2452 1482 vero
2504 1419 2654 1499 post
2707 1411 2885 1479 adhi-

189 1568 238 1629 ·
286 1523 495 1591 bitam
555 1522 991 1590 sufficientem
1054 1520 1467 1606 diligentiam
1523 1520 1734 1588 multo
1788 1523 2194 1607 probabilius
2237 1520 2488 1607 judicet
2538 1538 2684 1588 rem
2739 1538 2886 1588 esse

294 1647 529 1713 suam,
584 1636 802 1714 potest
850 1645 992 1696 eam
1045 1627 1169 1696 sibi
1222 1629 1542 1710 retinere,
1596 1629 1874 1712 paritate
1924 1630 2219 1698 rationis,
2270 1628 2460 1710 Quod
2509 1629 2562 1695 si
2612 1628 2887 1697 dubium

293 1744 588 1805 remanet
649 1735 799 1804 hinc
861 1734 1012 1803 inde
1082 1735 1379 1822 aequale,
1439 1753 1543 1802 res
1592 1733 1787 1803 dividi
1839 1734 2034 1805 debet
2082 1736 2256 1804 inter
2303 1743 2656 1821 utrumque
2700 1734 2888 1819 Juxta

293 1843 472 1911 dubii
527 1842 871 1923 rationem,
921 1850 994 1909 ut
1037 1839 1278 1909 docent
1330 1841 1738 1926 probabilius
1799 1843 2004 1928 Lug0,
2064 1843 2355 1924 LessiuS‚
2417 1841 2890 1910 salmanticen-

293 1970 421 2032 seS,
473 1957 637 2030 etc.;
688 1967 836 2016 nam
887 1967 1004 2035 par
1052 1957 1152 2016 est
1201 1949 1550 2033 utriusque
1599 1947 1913 2017 conditio.

384 2057 452 2124 Si
517 2063 745 2141 agatur
801 2055 881 2123 de
930 2055 1222 2143 secundo
1271 2074 1467 2138 casu,
1521 2056 1848 2124 sententia
1899 2058 2317 2125 communior
2366 2064 2430 2125 et
2481 2055 2891 2142 probabilior

299 2183 450 2233 cum
502 2164 719 2247 Croix,
769 2166 1117 2248 Laymano,
1170 2166 1372 2248 Lug0,
1423 2164 1793 2248 Roncaglia,
1842 2165 2154 2247 Sancbez,
2205 2167 2453 2250 Sporer
2489 2171 2554 2232 et
2590 2165 2742 2233 Viva
2776 2162 2891 2232 do-

300 2280 424 2353 cet,
473 2288 623 2338 eum
674 2270 905 2355 (dubio
956 2276 1109 2355 post
1140 2269 1518 2355 diligentem
1552 2270 2054 2356 inquisitionem
2092 2272 2579 2356 perseverante)
2614 2269 2693 2335 ad
2731 2269 2889 2337 nihil

306 2379 552 2460 teneri3
597 2379 712 2447 sed
763 2378 885 2464 ipsi
941 2378 1277 2448 moraliter
1325 2386 1627 2446 constare
1676 2377 1873 2448 debet
1924 2397 2059 2446 rem
2110 2397 2257 2446 esse
2305 2378 2613 2459 alienam,
2687 2386 2757 2444 ut
2794 2396 2891 2445 re-

308 2486 586 2553 stituere
657 2491 977 2554 teneatur.
1045 2484 1119 2554 Id
1181 2493 1400 2553 autem
1451 2487 1796 2570 probatur:
1851 2488 1917 2570 l)
1965 2489 2122 2555 Jure
2193 2484 2532 2564 canonicO,
2587 2484 2692 2553 ubi
2747 2485 2890 2553 haec

311 2588 638 2659 habentur
684 2592 744 2659 d.
793 2592 1142 2678 Augustini
1190 2594 1416 2661 verba:
1462 2594 1530 2659 in
1564 2595 1713 2680 jure
1740 2594 2126 2680 praediorum
2156 2593 2399 2660 tamdiu
2430 2592 2684 2677 quisque
2716 2592 2889 2658 bonae

300 2697 439 2783 fidei
462 2719 781 2786 possessor
808 2700 1146 2766 rectissime
1176 2700 1422 2782 dicitur,
1483 2700 1764 2785 quandiu
1794 2721 1857 2766 se
1884 2700 2195 2786 possidere
2227 2700 2477 2786 ignorat
2516 2698 2791 2764 alienum
2828 2707 2844 2747 ¹
2872 2722 2888 2764 :

310 2807 488 2892 atqui
552 2806 839 2891 quandiu
900 2815 1085 2876 certo
1134 2806 1473 2876 moraliter
1523 2826 1653 2875 non
1702 2815 1963 2876 constat
2013 2826 2151 2875 rem
2199 2826 2347 2876 esse
2381 2804 2687 2887 alienam,
2732 2814 2891 2872 tam-

303 2912 418 2979 diu
485 2932 833 2998 possessor
897 2915 1152 2999 ignorat
1215 2933 1285 2983 se
1336 2914 1678 3000 possidere
1729 2914 2049 2994 alienum3
2098 2914 2167 2999 2)
2220 2913 2507 2980 ratione:
2562 2930 2717 2979 nam
2776 2931 2891 2995 per

301 3021 795 3107 possessionem
888 3024 1083 3091 bonae
1154 3022 1306 3090 fidei
1374 3022 1739 3109 acquiritur
1786 3039 2011 3089 verum
2053 3023 2184 3107 jus,
2239 3037 2391 3090 cum
2470 3020 2806 3106 possessio
2855 3037 2890 3087 a

312 3129 577 3198 Juristis
645 3129 933 3197 dicatur:
992 3131 1104 3218 jus
1172 3131 1497 3198 insistendi
1564 3132 1632 3197 in
1700 3150 1768 3197 re
1810 3151 1938 3197 non
1978 3130 2293 3216 prohibita
2338 3129 2664 3216 possideri.
2716 3131 2890 3213 Ergo

314 3237 604 3320 quandiu
676 3236 1042 3305 dominium
1115 3237 1207 3305 rei
1266 3245 1367 3304 est
1436 3236 1754 3320 dubium,
1807 3234 2455 3329 tamdiupossessor
2503 3235 2743 3303 retinet
2782 3236 2892 3320 jus

307 3342 658 3411 insistendi
713 3344 775 3410 in
827 3343 993 3430 ipsa,
1044 3345 1128 3410 ita
1179 3350 1250 3412 ut
1296 3352 1447 3412 ante
1495 3342 1902 3429 diligentiam
1950 3342 2028 3409 ad
2077 3342 2368 3409 veritatis
2404 3342 2892 3411 assecutionem

318 3449 757 3519 adhibendam
806 3459 1108 3520 teneatur
1156 3452 1420 3537 quidem
1471 3468 1609 3519 rem
1658 3467 1953 3532 servare,
2002 3450 2118 3519 sed
2169 3459 2320 3537 post
2366 3449 2774 3535 diligentiam
2820 3449 2893 3517 il-

314 3558 465 3638 lam,
532 3559 804 3625 veritate
854 3577 983 3626 non
1041 3559 1331 3640 obtenta,
1383 3558 1594 3644 possit
1642 3557 1919 3625 eandem
1970 3575 2398 3641 consumere,
2447 3558 2578 3625 imo
2629 3565 2694 3626 et
2741 3557 2897 3625 alie-

321 3683 494 3748 nare,
543 3665 879 3735 admonito
929 3674 1145 3734 tamen
1196 3674 1496 3752 emptore
1543 3666 1625 3734 de
1673 3665 1876 3734 dubio
1926 3664 2140 3733 adhuc
2190 3671 2504 3733 vertente.

396 3773 602 3859 quue
665 3781 885 3857 tenet,
952 3774 1077 3841 etsi
1141 3782 1368 3842 contra
1429 3790 1885 3859 possessorem
1933 3773 2107 3841 adsit
2155 3772 2320 3841 ratio
2374 3771 2777 3858 probabilis,
2831 3776 2895 3838 et

309 3879 487 3947 nulla
545 3880 606 3948 in
666 3881 962 3967 ejusdem
1022 3880 1339 3961 savorem3
1400 3882 1552 3967 quia
1615 3879 1801 3948 adest
1849 3898 2114 3966 semper
2163 3898 2280 3966 pro
2328 3898 2411 3945 eo
2461 3877 2894 3964 praesumptio

307 3996 451 4056 orta
502 3988 581 4057 ab
632 3991 767 4075 ipsa
821 3990 1263 4077 possessione,
1313 4008 1463 4075 quae
1514 4007 1744 4058 secum
1794 3990 2107 4074 importat
2153 3989 2263 4074 jus
2314 3994 2589 4055 certum.

405 4100 568 4182 Quid
594 4099 831 4186 (dices)
865 4101 921 4166 si
948 4119 1267 4187 possessor
1300 4100 1435 4178 iste,
1468 4099 1935 4185 superveniente
1979 4098 2180 4178 dubie,
2216 4095 2604 4182 culpabiliter
2626 4095 2899 4180 negligat

314 4209 602 4276 adhibere
645 4208 1034 4295 diligentiam
1069 4207 1153 4273 ad
1181 4208 1499 4273 veritatem
1532 4206 1984 4287 inveniendam,
2017 4215 2073 4270 et
2113 4217 2329 4290 postea
2374 4222 2512 4269 eam
2542 4222 2668 4268 non
2697 4199 2896 4289 possit

311 4318 590 4405 amplius
634 4318 913 4383 invenire
958 4320 1037 4382 ¹?
1081 4314 1388 4384 Nonnulli
1441 4321 1673 4400 putam
1724 4328 2179 4398 possessorem
2228 4311 2597 4379 mortaliter
2629 4310 2897 4396 quidem

382 4497 398 4535 ¹
438 4496 570 4546 Can.
600 4499 645 4547 si
673 4497 755 4545 vir
821 4531 836 4555 ,
868 4505 920 4558 q.
958 4495 1003 4544 1.
1036 4519 1100 4532 -
1142 4495 1198 4544 V.
1236 4484 1465 4556 Ligu'ori,
1503 4493 1593 4555 op.
1629 4494 1790 4552 Mor„
1827 4490 1860 4540 Ι.
1897 4502 1934 4551 ι,
1969 4502 2021 4541 n.
2055 4491 2145 4551 353
2178 4491 2213 4543 l.
2246 4502 2322 4551 ιιι,
2358 4502 2410 4541 n.
2441 4493 2555 4541 625.

383 4560 409 4600 Ξ
441 4557 612 4609 Titius
643 4559 736 4610 tun
779 4569 871 4608 um
906 4556 1156 4620 possidet,
1195 4557 1283 4609 sed
1321 4554 1587 4608 interdum
1624 4554 1832 4606 dubitat
1865 4564 1932 4603 an
1968 4554 2051 4604 ille
2085 4552 2279 4605 fundus
2301 4552 2366 4602 ad
2397 4553 2770 4615 Sempronium
2791 4564 2901 4616 per·

319 4620 514 4682 tineat;
554 4619 637 4672 fac
669 4620 866 4671 Titium
902 4620 1160 4681 negligere
1192 4619 1636 4671 documentorum
1669 4617 1952 4671 lectionem
1987 4616 2037 4666 et
2069 4615 2275 4667 interim
2309 4615 2525 4667 fortuito
2552 4616 2799 4668 incendio
2823 4627 2900 4666 ar·

321 4684 556 4737 chivium
591 4683 915 4745 conflagrare
927 4692 945 4746 3
983 4684 1187 4734 tenetur
1219 4693 1284 4733 ne
1320 4681 1489 4732 Titius
1524 4679 1589 4732 ad
1625 4676 1826 4744 aliquid
1858 4688 1981 4741 erga
2014 4676 2420 4741 sempronium?
2454 4680 2532 4742 En
2565 4690 2742 4729 casus.
