3292 5167
497 250 626 319 414
1487 265 1602 315 tin.
1648 265 1713 313 u.
1762 264 1973 313 ruer.
2019 266 2100 314 vr.

498 369 807 437 excedere
852 369 1157 448 injustum
1201 374 1386 430 esset.
1432 365 1547 441 Qui
1595 369 1767 431 inter
1812 383 1914 432 res
1957 382 2329 431 communes
2377 367 2627 432 invenit
2667 344 2833 446 r'em,
2874 381 3073 461 quam

499 451 761 514 scientia
821 450 1066 530 privata
1136 447 1315 510 novit
1377 449 1765 527 pretiosam3
1830 465 1887 510 v.
1931 466 2012 542 g„
2060 448 2324 513 herbam
2370 447 2827 511 medicinalem
2893 456 3076 511 inter

499 531 729 595 herbas
773 544 1162 605 communes,
1206 526 1382 590 illam
1427 543 1570 591 cum
1614 527 1848 591 ceteris
1892 528 2007 592 vili
2054 531 2260 609 pretio
2304 544 2521 592 emere
2610 535 2822 605 otest,
2884 529 2937 591 si
2984 528 3079 592 sit

500 612 562 677 in
611 611 744 673 loco
789 609 892 673 ubi
945 610 1122 672 valor
1167 609 1287 671 iste
1332 624 1363 670 a
1409 609 1671 672 nemine
1715 609 2105 683 aestimatum
2141 619 2203 672 et
2232 610 2425 672 etiam
2458 625 2573 690 pro
2620 607 2875 686 abilius,
2910 608 3083 673 licet

496 691 562 754 in
609 690 831 753 eodem
879 689 1013 752 loco
1061 688 1271 769 plures
1317 689 1408 750 rei
1457 687 1739 751 valorem
1786 690 2107 752 aestimare
2150 689 2456 765 valeant,
2520 691 2665 769 qnia
2716 706 2796 752 ex
2844 706 2960 753 usu
3006 697 3085 757 et

497 770 931 834 destinatione
965 786 1063 833 res
1089 768 1194 833 illa
1226 776 1527 831 censetur
1549 769 1839 832 amisisse
1868 771 2177 850 pretium:
2202 771 2293 832 sic
2320 773 2381 832 iu
2454 772 2587 832 raxi
2614 768 2905 848 Billuart,
2927 778 3080 836 etc..

496 852 684 929 Dens,
718 851 1011 928 Vernier,
1060 857 1281 913 contra
1327 846 1550 959 Couet.
1593 882 1674 894 —
1726 846 1787 911 V.
1833 850 2113 930 Lignori,
2161 849 2326 932 Opus
2437 866 2554 927 or„
2601 849 2642 912 l.
2689 867 2783 929 ιιι,
2826 867 2888 912 n.
2930 849 3086 914 808.

1534 1107 1659 1189 (a)
1700 1108 1854 1189 paq.
1896 1107 2032 1173 att.

574 1349 758 1412 011.
803 1346 1137 1423 cecide,
1180 1332 1417 1422 B'oni,
1461 1346 1728 1409 cassa
1775 1345 1860 1409 «n
1903 1344 2383 1430 ‘ispa-mio,
2428 1358 2544 1414 etc.
2591 1348 2706 1412 nic
2768 1358 3079 1414 notamus

497 1430 742 1495 licitum
787 1446 964 1493 esse:
1012 1430 1073 1506 1)
1120 1445 1334 1492 emere
1378 1429 1774 1508 syngraphas
1806 1444 1920 1492 seu
1943 1445 2171 1492 census
2197 1445 2444 1493 annuos
2470 1432 2532 1492 in
2568 1429 2880 1510 gubernio
2917 1430 3079 1493 run·

496 1511 675 1575 datos
719 1510 1010 1589 (Rendite
1052 1508 1213 1573 dello
1258 1506 1456 1581 stato,
1491 1506 1953 1588 Obbliqazioni,
2007 1508 2298 1585 Garnae,
2354 1511 2582 1584 Cedole,
2632 1510 2791 1573 Boni
2819 1512 2918 1574 del
2955 1510 3072 1575 Te·

496 1593 687 1669 soro),
731 1592 938 1670 pretio
982 1591 1264 1654 currenti
1311 1588 1529 1668 (vulgo
1598 1590 1666 1651 al
1706 1606 1881 1652 corso
1924 1590 2088 1652 della
2133 1590 2364 1675 Borea)
2389 1614 2415 1665 ;
2481 1606 2625 1654 nam
2697 1591 3079 1656 venduntur

496 1683 562 1735 et
604 1680 924 1745 emuntur,
966 1682 1036 1733 ut
1080 1684 1322 1733 merces
1366 1669 1756 1731 ordinariae:
1801 1678 1864 1732 et
1909 1673 2179 1750 pretium
2226 1688 2445 1736 eorum
2491 1672 2722 1735 crescit
2780 1681 2887 1736 aut
2954 1671 3074 1736 de·

499 1756 730 1815 crescit
773 1752 952 1831 juxta
1026 1765 1426 1819 communem
1473 1750 1805 1811 bominum
1851 1754 2336 1815 aestimationem
2375 1750 2802 1832 judicantium
2851 1751 3063 1831 majus

499 1833 599 1896 vel
647 1834 856 1895 minus
902 1832 967 1892 in
1015 1832 1093 1893 iis
1125 1846 1261 1893 esse
1300 1829 1672 1909 pericnlum.
1710 1829 1883 1903 Quod
1924 1832 2161 1909 pariter
2192 1832 2534 1896 dicendum
2567 1830 2645 1893 de
2676 1832 3071 1910 actionibus„

499 1929 639 1993 quae
702 1921 1002 1983 emuntur
1066 1926 1096 1973 a
1153 1909 1580 1973 nummulario
1625 1909 1878 1988 publico
1921 1911 2244 1990 (Biqlietti
2284 1912 2351 1976 di
2392 1912 2673 1990 Banca),·
2735 1912 2801 1992 2)
2871 1927 3070 1992 nego·

501 1994 647 2056 tiari
693 1995 996 2065 actiones,
1044 2006 1185 2070 quae
1228 1993 1710 2053 constituuntur
1755 1993 1819 2051 in
1868 1992 1987 2052 viis
2037 1990 2292 2068 ferreiS,
2362 1993 2426 2056 in
2492 1992 2938 2070 ephemeride,
2998 1993 3072 2055 in

500 2074 798 2153 operibus
844 2069 1364 2145 industrialibuS,
1429 2080 1572 2143 etc.;
1625 2069 1753 2132 illae
1797 2070 1968 2133 enim
2013 2074 2296 2135 actiones
2340 2082 2492 2136 sunt
2527 2073 2632 2151 jus
2689 2072 2766 2134 ad
2815 2071 3071 2136 emolu·

497 2164 711 2216 menta
759 2160 1032 2232 sperata,
1081 2150 1225 2214 ideo
1272 2153 1475 2230 pretio
1520 2146 1955 2224 aestimabiles,
2020 2150 2162 2214 ideo
2206 2153 2486 2232 subjecta
2539 2152 2929 2215 venditionis
2995 2160 3101 2229 et,

495 2236 878 2313 emptionis;
937 2233 1001 2310 3)
1068 2231 1278 2294 facere
1344 2232 1628 2310 pecuniae
1688 2230 2170 2294 collocationem
2215 2233 2434 2313 (vulgo
2484 2233 2668 2297 Casae
2710 2233 2777 2296 di
2817 2234 2908 2295 ris
2954 2249 3072 2296 ar·

495 2314 691 2392 mio).·
738 2317 1073 2378 societates
1116 2312 1312 2386 enim,
1360 2310 1587 2390 quibus
1644 2312 2131 2374 committuntur
2199 2312 2325 2377 iltae
2392 2314 2702 2395 pecuniae,
2772 2330 2887 2375 ven
2944 2323 3072 2377 unt

497 2394 955 2457 collocantibus
993 2392 1097 2472 jus
1140 2390 1216 2454 ad
1265 2395 1635 2470 pensionem
1683 2408 1961 2454 annuam
2011 2393 2486 2472 redimibilein,
2550 2403 2613 2456 et
2675 2392 3064 2473 quandoque

496 2476 686 2537 etiam
728 2477 831 2555 jus
895 2474 971 2538 ad
1037 2470 1464 2535 emolumenta
1522 2471 2015 2534 indeterminata
2086 2473 2466 2551 partienda3
2529 2484 2627 2536 est
2688 2491 2837 2552 ergo
2905 2488 3067 2537 vera

497 2555 782 2618 venditio
826 2566 889 2618 et
931 2555 1139 2633 empio
1190 2567 1434 2626 censuS,
1479 2558 1542 2612 et
1576 2550 1765 2613 Sacra
1815 2550 2296 2618 Poenitentiaria
2365 2555 2480 2618 hac
2525 2554 2602 2616 de
2650 2571 2717 2616 re
2782 2558 3067 2617 interro-

496 2644 659 2713 gata,
701 2637 780 2699 25
824 2636 981 2698 febr.
1027 2648 1196 2696 anno
1245 2630 1432 2705 1836,
1478 2631 1847 2711 respondit:
1912 2638 1987 2693 nt
2035 2632 2179 2711 jam
2220 2635 2403 2711 alias,
2446 2634 2609 2698 nihil
2652 2634 2917 2699 obstare.
2963 2633 3069 2697 An

497 2725 706 2780 autem
737 2719 890 2789 ,liaec
913 2716 1144 2776 liceant
1184 2710 1632 2774 ecclesiasticis
1680 2711 1823 2774 vide
1859 2710 1921 2774 L.
1946 2729 1989 2791 i,
2020 2730 2079 2777 n.
2115 2714 2263 2777 585:
2288 2715 2660 2796 Nepotiatio.
2694 2713 2813 2776 Sed
2845 2713 3077 2777 distin·

497 2798 625 2857 ctio
654 2797 736 2858 ibi
781 2803 992 2858 notata
1025 2792 1376 2856 Veccbiotti
1426 2792 1634 2853 minus
1667 2794 1963 2868 congruit
1991 2790 2051 2854 S.
2075 2793 2149 2858 C.
2168 2794 2446 2873 decreto,
2473 2805 2538 2860 et
2568 2794 2780 2859 Const.
2815 2795 3079 2874 Aposto-

497 2875 631 2938 iicoe
675 2875 996 2939 Benedicti
1043 2872 1201 2948 XlV,
1246 2888 1315 2933 re
1347 2871 1575 2934 melius
1620 2872 2037 2936 considerata.

576 2954 775 3017 6ιὲ.
822 2955 1148 3017 Census
1184 2948 1696 3032 recle-nptias
1742 2954 1876 3015 baec
1934 2953 2209 3017 notanda
2254 2972 2333 3018 ex
2382 2954 2616 3030 Codice,
2683 2962 2800 3018 art.
2869 2952 3074 3016 1782:

497 3036 554 3100 11
595 3038 855 3099 riscatto
897 3034 1060 3097 della
1103 3033 1352 3095 rendita
1393 3032 1680 3110 semplicc
1720 3032 1781 3094 si
1821 3050 2007 3117 opera
2050 3035 2356 3099 mediante
2400 3036 2448 3099 it
2493 3033 2802 3099 rimborso
2829 3035 2927 3098 del
2959 3051 3068 3097 ca-

494 3117 689 3197 pitate
725 3117 790 3179 in
831 3116 1070 3178 donaro
1112 3119 1339 3192 paqato
1381 3128 1491 3190 per
1534 3112 1596 3174 la
1640 3112 2052 3176 costitnzione
2094 3114 2261 3178 della
2303 3117 2659 3192 medesima,
2724 3117 2796 3179 ed
2858 3115 2908 3177 il
2973 3115 3071 3177 ri-

496 3205 698 3259 scatto
740 3198 806 3259 di
848 3212 975 3258 ana
1017 3194 1267 3257 rendita
1308 3191 1653 3273 sondiaria,
1699 3193 2007 3255 mediante
2060 3194 2107 3256 il
2146 3203 2513 3274 papamento
2555 3196 2621 3258 di
2664 3213 2747 3258 tm
2791 3194 3072 3275 capitale

499 3277 566 3340 in
618 3278 858 3341 donaro
900 3274 1400 3353 corrispondente
1442 3272 1786 3336 all’annua
1848 3270 2098 3337 rendita
2162 3276 2330 3338 sulla
2400 3275 2544 3340 base
2599 3276 2745 3339 dell'
2768 3277 3074 3339 interesse

500 3356 714 3436 leonte,
748 3358 821 3419 od
863 3356 929 3419 al
971 3355 1179 3418 valore
1221 3354 1385 3416 della
1427 3359 1625 3418 stesso
1670 3353 1941 3431 remita,
1983 3372 2047 3416 se
2088 3356 2117 3416 ἐ
2154 3355 2219 3416 in
2263 3356 2537 3431 deri-ate,
2578 3356 2745 3419 snua
2776 3355 2925 3419 base
2960 3357 3071 3419 del

493 3453 723 3517 prezzo
745 3437 937 3498 medio
959 3437 1024 3498 di
1054 3442 1270 3514 questa
1300 3433 1466 3514 neqli
1493 3434 1706 3496 ultimi
1746 3433 1904 3495 dieci
1945 3435 2119 3511 anni,
2163 3435 2543 3517 semprecclte
2585 3454 2706 3500 non
2747 3437 2849 3500 sia
2890 3442 3073 3499 stato

495 3517 709 3597 fisaato
749 3516 1033 3579 nell'atto
1077 3533 1161 3578 un
1203 3515 1472 3593 capitale
1517 3512 1833 3593 inferiore.
1874 3514 1951 3576 In
1993 3523 2205 3594 questo
2247 3533 2387 3579 caso
2431 3516 2480 3579 ii
2520 3515 2794 3581 debitore
2836 3519 2867 3579 e
2912 3514 3069 3579 libe·

498 3605 643 3660 rato
671 3597 824 3661 dall'
843 3612 1053 3659 annua
1083 3594 1335 3657 rendita
1363 3593 1458 3656 col
1485 3602 1856 3674 papamento
1885 3595 1983 3656 del
2011 3596 2284 3674 capitale
2316 3596 2549 3676 fissato.
2581 3630 2652 3643 -
2683 3596 2810 3659 Lex
2847 3608 3067 3661 autem

498 3676 628 3740 Cir.
672 3678 750 3739 24
777 3676 908 3755 Jan.
957 3677 1109 3739 1864
1152 3676 1372 3737 statuit
1416 3685 1531 3737 art.
1579 3676 1633 3736 i:
1677 3673 1713 3736 Ι
1734 3672 1875 3738 beni
1901 3676 2203 3741 immobili
2244 3694 2274 3739 e
2309 3677 2499 3756 quelli
2531 3678 2916 3740 considerati
2955 3694 3077 3757 per

498 3758 666 3839 lewe
708 3774 870 3819 come
914 3756 1052 3830 tali,
1097 3754 1204 3816 che
1244 3755 1421 3816 siano
1483 3754 1740 3834 pronati
1780 3753 1861 3817 da
1904 3758 2128 3820 canoni
2170 3756 2530 3837 enfiteutici,
2587 3757 2802 3833 livelli,
2871 3759 3076 3835 censi,

497 3841 744 3913 decime,
786 3836 979 3917 quati
1020 3837 1111 3916 pii
1151 3836 1223 3897 ed
1263 3834 1424 3897 altre
1467 3835 1664 3897 simili
1706 3837 2093 3915 prestazioni
2132 3854 2338 3900 annae
2377 3846 2668 3918 pei-pente
2711 3841 2770 3900 si
2818 3838 3073 3901 redimi·

501 3919 618 3985 bili
658 3918 764 3980 che
809 3914 1235 3991 irredimibiii,
1271 3931 1310 3977 a
1350 3913 1568 3994 favore
1609 3915 1708 3977 del
1749 3915 2049 3992 demanio,
2096 3934 2128 3979 o
2170 3918 2236 3980 di
2280 3919 2638 3998 qnalnnqne
2700 3918 2876 3980 altra
2941 3934 3079 3979 am·

495 3999 972 4064 ministrazione
1013 3996 1169 4060 dello
1229 3991 1427 4067 Scato,
1476 3995 1540 4056 di
1581 3994 1999 4059 stabilimenti
2058 3996 2357 4076 pubbliei,
2404 3999 2860 4077 eorporazioni‚
2932 3999 3079 4061 isti·

502 4083 646 4155 tuti,
694 4079 1009 4142 comunita
1052 4078 1123 4139 ed
1164 4074 1323 4138 altri
1364 4075 1540 4153 corpi
1580 4076 1810 4138 morali
1851 4076 1918 4137 di
1958 4093 2140 4139 mano
2181 4086 2404 4152 morta,
2446 4085 2757 4158 potranno
2814 4078 2924 4140 dai
2984 4079 3078 4141 ri·

499 4162 750 4240 spottiei
814 4156 1154 4238 possessori
1204 4172 1237 4217 o
1288 4152 1558 4218 debitori
1618 4172 1818 4218 essere
1890 4155 2150 4221 liberati
2206 4158 2583 4222 dall'annua
2641 4159 3073 4238 prestazione,

493 4242 804 4305 mediante
868 4239 1134 4301 cessione
1174 4251 1215 4297 a
1257 4235 1468 4315 favore
1511 4236 1607 4299 dei
1646 4236 1930 4298 demanio
1965 4255 1996 4299 o
2038 4236 2198 4300 dello
2261 4235 2688 4301 stabilimento
2759 4238 2826 4300 di
2886 4256 3080 4303 mano

500 4328 701 4384 morta
743 4321 1067 4392 creditore,
1107 4317 1175 4381 di
1236 4317 1345 4378 κη’
1368 4332 1581 4379 annua
1637 4316 1886 4379 rendita
1932 4317 2186 4379 iscritta
2228 4319 2330 4381 sal
2379 4317 2555 4382 Gran
2590 4318 2775 4382 Libro
2819 4319 2919 4382 del
2962 4320 3073 4383 de·

503 4399 631 4465 bito
673 4398 957 4480 pnbblt‘co
999 4399 1064 4461 ai
1105 4399 1144 4460 5
1185 4413 1295 4478 per
1341 4396 1454 4459 100
1476 4396 1695 4476 equale
1722 4394 2220 4460 all’ammontare
2248 4399 2614 4462 deil’annua
2633 4399 3088 4478 prestazione;

501 4488 567 4543 et
607 4482 722 4543 sub
765 4478 909 4542 aliis
954 4476 1430 4542 conditionibus
1477 4476 1538 4538 in
1586 4476 1977 4557 eademLege
2021 4487 2116 4541 sta
2143 4479 2338 4551 tutis‚·
2373 4481 2441 4543 it.
2476 4479 2609 4542 vide
2656 4480 2781 4542 Lex
2844 4482 3090 4545 transi·

503 4560 685 4636 toria,
728 4560 806 4623 30
850 4572 994 4621 nov,
1044 4558 1221 4634 1865,
1268 4567 1389 4620 art.
1429 4556 1525 4621 30.
