3292 5167
408 265 490 333 16
1121 284 1237 330 ιω.
1282 283 1347 330 ιι.
1394 285 1607 331 ruer.
1657 285 1713 329 v,
1759 283 1911 337 nrsr.
1959 283 2000 328 1.
2050 282 2179 327 aar.
2227 280 2268 326 1.

494 371 623 446 18.
673 372 746 451 Q.
799 371 899 437 Η.
952 371 1111 450 Quot
1152 380 1300 436 sant
1329 369 1646 437 orationis
1691 370 1983 456 effectus?
2109 445 2124 464 ι

493 483 562 547 R.
616 478 836 545 Oratio
886 483 1021 544 tres
1070 476 1267 544 habet
1313 477 1606 559 effectuS,
1657 475 1710 543 si
1760 473 2003 542 debitis
2052 472 2139 540 sit
2185 472 2344 539 fulta
2393 470 2929 549 conditionibus;

592 588 647 653 1.
695 588 810 654 Est
856 584 1197 667 meritoria,
1246 603 1396 653 cum
1446 584 1530 651 sit
1578 601 1749 669 opus
1783 584 2064 650 bonum:
2114 586 2179 649 et
2222 570 2490 667 quidem
2521 578 2862 647 meritoria
2910 577 2994 647 de

404 693 725 778 condiano,
775 692 829 760 si
880 709 1075 760 orans
1123 693 1210 760 sit
1251 692 1504 778 justus;
1551 691 1625 758 de
1665 709 1960 776 conqruo,
2010 689 2065 756 si
2113 688 2201 756 sit
2249 695 2576 773 peccator.

581 802 642 866 2.
691 802 808 867 Est
860 799 1326 884 satisfactoria,
1378 814 1529 866 cum
1578 814 1775 864 omne
1839 813 2008 882 opus
2059 795 2356 881 quamvis
2402 794 2654 866 honum
2708 793 2775 860 in
2827 807 2994 876 prae-

405 905 574 977 senti
626 915 878 976 naturae
924 907 1124 993 lapsae
1177 913 1352 974 statu
1404 923 1668 992 poenam
1703 922 1777 972 ac
1817 904 2113 972 laborem
2147 902 2492 995 importet:
2536 900 2687 969 hinc
2721 899 2993 968 Triden-

408 1015 617 1083 tinum
667 1014 840 1092 inter
887 1032 1089 1100 opera
1137 1005 1572 1082 satisfactoria
1624 1011 1996 1106 orationem
2043 1009 2325 1078 collocat
2366 1017 2416 1076 1.

583 1123 643 1190 3.
694 1124 810 1189 Est
854 1121 1305 1208 impeti-acaria,
1332 1122 1520 1207 juxta
1565 1119 1761 1188 illud:
1803 1120 1991 1206 petite
2026 1129 2083 1184 et
2126 1117 2378 1183 dabitur
2413 1115 2618 1183 vobis:
2655 1114 2855 1181 omnis
2886 1110 2997 1197 qui

398 1228 552 1316 petit
595 1228 819 1315 accipit
852 1223 900 1295 ².
952 1228 1116 1295 Hinc
1161 1227 1598 1313 Augustinus:
1648 1226 1938 1294 Ascendit
1962 1224 2260 1312 precatio,
2299 1235 2355 1289 et
2400 1222 2703 1289 descendit
2736 1221 2848 1288 Dei
2879 1220 2997 1286 mi-

405 1336 632 1403 seratio
648 1363 673 1414 ;
720 1336 853 1403 licet
896 1337 1031 1402 alta
1073 1336 1154 1402 sit
1183 1346 1374 1418 terra,
1404 1337 1602 1402 altum
1634 1335 1873 1417 coelum,
1906 1333 2081 1400 audit
2117 1344 2326 1399 tamen
2355 1334 2538 1400 Deus
2570 1330 2838 1397 hominis
2874 1328 2993 1395 lin-

406 1462 597 1527 quam
637 1443 686 1509 ⁸.
738 1445 894 1523 Quae
945 1442 1302 1523 miseratio,
1353 1459 1471 1509 seu
1521 1441 1841 1508 orationis
1914 1441 2165 1507 fructus
2221 1438 2461 1523 triplex
2518 1435 2992 1522 distinguitur,

409 1552 641 1620 saltem
689 1550 754 1617 in
804 1550 1101 1618 oratione
1151 1548 1443 1635 publica:
1491 1549 1803 1634 qeneralis
1836 1547 1915 1614 de
1950 1565 2082 1633 quo
2126 1546 2524 1632 participant
2558 1563 2821 1625 omnes;
2860 1564 2992 1631 spe-

410 1658 788 1725 cialissimus
836 1656 945 1743 qui
997 1656 1127 1742 ipsi
1174 1656 1386 1723 oranti
1437 1654 1746 1740 prodest3
1794 1660 1860 1723 et
1904 1655 2211 1740 specialis,
2252 1653 2364 1739 qui
2398 1652 2481 1721 ab
2518 1659 2749 1720 orante
2794 1650 2990 1718 alicui

411 1765 475 1834 in
528 1765 899 1850 particulari
947 1764 1337 1849 applicatur.

501 1872 635 1934 m.
686 1874 759 1952 Q.
816 1872 913 1936 12.
962 1873 1060 1937 An
1106 1871 1306 1937 oratio
1352 1869 1770 1955 infallibiliter
1809 1869 2084 1954 effectum
2119 1869 2471 1935 sortiatur?

500 1983 569 2049 R.
622 1979 684 2046 Si
738 1995 960 2046 sermo
1010 1985 1111 2046 est
1158 1977 1240 2045 de
1288 1977 1589 2045 oratione
1638 1993 1771 2044 non
1822 1976 1947 2044 rite
1997 1984 2257 2061 peracta
2287 2028 2303 2056 ‚
2373 1983 2627 2044 certum
2681 1982 2784 2043 est
2830 1974 3036 2064 hancv
3111 2052 3120 2056 ,

414 2088 719 2156 effectum
770 2104 903 2153 non
955 2086 1197 2167 sortiri,
1252 2085 1512 2153 dicente
1566 2084 1850 2153 Jacobo:
1894 2085 2104 2170 petitis
2149 2096 2204 2151 et
2246 2103 2374 2149 non
2407 2084 2706 2169 accipitis,
2741 2103 2808 2149 eo
2840 2082 3002 2166 quod

415 2195 572 2260 male
610 2192 854 2280 petatis
905 2192 972 2258 Si
1025 2209 1179 2268 vero
1245 2192 1456 2259 oratio
1508 2192 1630 2259 rite
1678 2192 1766 2260 sit
1814 2198 2113 2275 peracta,
2164 2197 2228 2257 et
2276 2190 2387 2256 fiat
2436 2207 2557 2275 pro
2609 2188 2795 2270 aliis,
2849 2188 3000 2258 effe-

418 2307 564 2370 ctus
615 2319 745 2367 non
795 2317 1060 2384 semper
1107 2306 1327 2367 certus
1377 2306 1477 2367 est
1527 2305 1591 2367 et
1630 2297 2010 2380 infallibilis,
2045 2302 2117 2364 ut
2150 2284 2345 2365 docet
2382 2296 2767 2381 Angelicu83
2818 2295 3003 2363 Chri-

414 2414 557 2475 stus
605 2407 779 2474 enim
829 2424 959 2474 non
1008 2406 1172 2473 dixit
1220 2406 1554 2475 absolute:
1595 2406 1782 2493 petite
1829 2417 1884 2471 et
1931 2405 2217 2486 dabitur,
2267 2403 2385 2472 sed
2425 2405 2607 2490 petite
2650 2416 2708 2469 et
2750 2403 3003 2469 dabitur

415 2516 604 2581 vobis.
638 2513 850 2582 Adde:
901 2513 1100 2581 etiam
1147 2513 1289 2582 fieri
1351 2520 1608 2600 potest,
1661 2520 1733 2580 ut
1781 2512 1874 2579 illi
1922 2529 2041 2597 pro
2112 2512 2351 2597 quibus
2396 2511 2541 2597 ipsa
2602 2509 3001 2593 effunditur,

416 2622 672 2690 obicem
722 2629 988 2707 ponant,
1034 2621 1191 2707 quin
1233 2621 1512 2706 pendeat
1547 2638 1581 2687 a
1617 2620 1810 2687 nobis
1855 2617 2163 2686 meliores
2204 2618 2268 2685 in
2313 2618 2472 2705 ipsis
2521 2616 2999 2704 dispositiones

417 2748 764 2816 procreare
789 2721 838 2798 ⁴.
886 2768 972 2781 —-
1020 2730 1087 2796 Si
1138 2747 1291 2798 vero
1341 2729 1490 2800 talis
1539 2727 1750 2795 oratio
1801 2726 1888 2795 sit
1939 2746 2056 2811 pro
2108 2726 2523 2812 nobisipsis,
2574 2733 2639 2794 et
2689 2733 3001 2813 petantur

417 2855 565 2922 quae
606 2837 686 2904 ad
733 2836 1011 2906 salutem
1061 2842 1377 2906 aeternam
1428 2833 1866 2902 conducentia
1935 2840 2134 2916 sunt,
2183 2841 2438 2900 certum
2476 2840 2578 2900 est
2626 2832 2998 2901 orationem

416 2945 721 3012 effectum
767 2961 964 3012 suum
1011 2943 1440 3012 infallibiliter
1486 2942 1709 3010 sortiri
1724 2967 1744 3023 ;
1793 2941 1963 3010 clara
2015 2946 2170 3008 sunt
2220 2940 2586 3024 Scripturae
2621 2941 2855 3008 verba:
2898 2961 3000 3027 pe-

415 3052 518 3118 tite
563 3062 618 3117 et
662 3051 910 3119 dabitur
954 3051 1161 3148 vobis.-
1208 3049 1463 3136 quaerite
1507 3062 1563 3116 et
1600 3049 1964 3124 invenietis.-
1989 3047 2239 3135 pulsate
2282 3057 2337 3112 et
2383 3047 2739 3132 aperietur:
2791 3047 3005 3114 omnia
3093 3043 3114 3058 ⁸

412 3177 784 3244 quaecunque
829 3165 1076 3225 orantes
1112 3158 1340 3244 petitis,
1385 3156 1611 3224 credite
1653 3156 1803 3241 quia
1847 3154 2159 3246 accipietis
2203 3164 2258 3220 et
2304 3153 2545 3220 venient
2590 3154 2778 3220 vobis,

504 3264 828 3332 Diximus:
877 3276 934 3332 et
969 3276 1266 3351 petantur
1308 3283 1447 3349 quoe
1506 3263 1590 3330 ad
1655 3264 1919 3330 salutem
1987 3273 2287 3328 aeternam
2348 3260 2752 3328 conducentia
2815 3274 3003 3329 sunt.-

415 3370 604 3439 aliter
649 3380 868 3454 esset,
918 3372 971 3439 si
1015 3390 1171 3458 quae
1224 3390 1343 3439 nos
1408 3372 1739 3458 petimus,
1789 3368 1981 3437 nobis
2051 3367 2189 3436 dari
2257 3385 2388 3436 non
2453 3366 2793 3454 expediat:
2848 3379 3001 3438 tunc

417 3479 620 3564 gratia
668 3486 785 3560 est.
839 3479 895 3545 si
944 3497 1075 3546 non
1125 3477 1549 3546 exaudiamur
1598 3479 1740 3564 (D).

501 3587 658 3648 ΕΦ.
710 3588 783 3666 Q.
835 3586 937 3654 13.
990 3586 1299 3667 Quomodo
1344 3585 1645 3653 dividitur
1689 3584 1932 3651 oratio?

504 3697 573 3763 R.
623 3692 845 3760 Oratio
894 3692 1015 3760 alia
1064 3700 1164 3762 est
1208 3694 1512 3773 mentaliS,
1563 3710 1713 3778 quae
1765 3709 2003 3777 nempe
2051 3690 2122 3757 fit
2172 3688 2312 3757 sola
2369 3695 2637 3771 mente,
2690 3695 2756 3756 et
2807 3689 3005 3774 perti-

417 3809 574 3869 nent
621 3800 702 3868 ad
749 3793 893 3870 eam
932 3802 1127 3868 verba
1174 3800 1517 3869 Davidica:
1560 3798 1876 3867 meditatio
1943 3797 2148 3866 cordis
2210 3798 2332 3863 mei
2392 3799 2460 3863 in
2522 3808 2844 3882 conspectu
2888 3808 2994 3865 tuo

415 3929 669 3996 semper.
728 3910 966 3977 Vocalis
1012 3908 1153 3992 alia,
1204 3925 1353 3994 quae
1404 3914 1627 3976 mente
1676 3905 1873 3974 simul
1921 3913 1986 3973 et
2032 3905 2252 3990 lingua
2302 3904 2672 3991 peragitur,
2686 3902 2872 3988 juxta
2920 3902 3005 3969 il·

419 4014 563 4082 lud:
612 4037 752 4084 voce
796 4036 936 4083 mea
980 4016 1062 4082 ad
1106 4015 1446 4084 Dominum
1490 4014 1765 4081 clamavi
1781 4015 1829 4079 ⁵.

480 4243 501 4283 ¹
538 4245 673 4296 sess,
707 4256 816 4304 xiv,
852 4256 973 4296 can.
1009 4246 1088 4297 13.
1460 4240 1484 4281 ²
1517 4241 1643 4292 Luc.
1669 4254 1736 4293 ii.
2112 4241 2135 4281 ⁸
2167 4239 2330 4292 Serm.
2365 4250 2473 4289 xxii
2506 4238 2567 4288 dc
2600 4232 2752 4300 temp.

480 4305 502 4347 ⁴
536 4311 586 4367 2,
619 4310 667 4368 2,
702 4319 754 4371 q.
788 4308 869 4369 83,
906 4318 953 4357 a.
988 4311 1035 4360 7.
1072 4307 1272 4356 Tamen
1307 4304 1456 4355 multi
1489 4315 1612 4354 cum
1646 4315 1692 4354 S.
1727 4303 1924 4355 Basilio
1958 4304 2175 4355 censent
2205 4302 2502 4352 orationem
2521 4300 2695 4352 valere
2718 4301 2878 4352 etiam
2900 4311 2997 4363 pro

418 4370 555 4432 aliis„
590 4370 711 4421 licet
739 4371 846 4419 sint
877 4369 1202 4431 peccatores„
1239 4366 1398 4417 modo
1430 4366 1681 4417 obstinatl
1718 4378 1824 4418 non
1860 4367 1995 4418 sint:
2031 4366 2173 4430 quod
2210 4363 2439 4427 probant
2467 4374 2536 4413 ex
2567 4363 2658 4413 illo
2690 4364 2934 4422 loannis,
2956 4373 2997 4422 ι,

416 4444 460 4485 c.
493 4435 547 4485 5:
589 4431 685 4492 Qui
714 4432 807 4483 scit
833 4428 1052 4493 fratrem
1085 4442 1235 4482 suum
1259 4442 1472 4491 peccare
1496 4433 1759 4490 peccatam
1791 4440 1894 4478 non
1926 4428 1994 4478 ad
2025 4432 2263 4484 mortem,
2293 4430 2435 4489 petat
2464 4433 2517 4476 et
2546 4427 2757 4477 dabitur
2800 4427 2845 4473 ei
2897 4425 3007 4475 vita

409 4497 642 4559 peccanti·
670 4506 774 4545 non
804 4494 872 4545 ad
902 4497 1137 4544 mortem.
1169 4515 1234 4531 --
1273 4494 1331 4542 ν.
1367 4493 1420 4541 Li
1460 4492 1596 4552 uori,
1631 4493 1776 4542 Gran
1809 4503 1980 4542 mezzo
2014 4492 2150 4541 detta
2176 4490 2467 4552 preqhiera,
2501 4499 2552 4540 c.
2591 4498 2669 4541 ιιι.

480 4557 503 4598 ⁸
537 4559 620 4609 Pe.
652 4568 801 4609 xviii.
834 4581 897 4595 -
938 4557 992 4607 V.
1028 4553 1345 4608 Benedictus
1377 4555 1424 4604 X
1454 4555 1512 4616 V,
1548 4555 1618 4604 Do
1654 4552 1846 4605 Canon.
1884 4553 1986 4613 88„
2025 4551 2056 4602 l.
2093 4564 2168 4614 ιιι,
2204 4564 2249 4603 c.
2286 4554 2364 4604 26.
