3292 5167
440 259 570 325 432
1162 285 1274 328 tto.
1325 284 1386 329 ιι.
1437 286 1647 331 rimer.
1696 282 1799 330 vu.
1849 283 1998 328 mse.
2049 282 2087 326 ι.
2136 282 2265 327 οΑΡ.
2315 258 2354 325 ι’.

431 394 556 449 test
600 384 723 448 furi
768 401 906 448 eam
938 386 1300 464 restituere,
1346 387 1396 449 si
1430 387 1728 451 dominus
1769 389 1901 467 ipse
1934 385 2123 449 facile
2169 390 2381 463 posset
2407 380 2487 445 ab
2525 386 2662 462 ipso
2696 381 2838 444 fure
2875 395 3011 443 rem

430 482 607 530 suam
655 466 932 540 babere;
971 475 1124 529 tuno
1157 467 1455 531 domiuus
1493 485 1621 531 non
1662 479 1829 532 esset
1872 465 2348 530 rationabiliter
2394 466 2657 538 invitus,
2687 462 3008 543 siquidem

429 547 677 610 nullum
716 550 953 635 patitur
980 548 1307 626 damnum,
1348 559 1414 612 et
1455 551 1931 629 emptor‘suum
1974 554 2319 624 recuperat
2348 547 2655 624 pretium:
2700 552 2800 607 est
2828 551 3015 622 Juxta

428 630 700 703 axioma,
742 628 902 707 quod
944 627 1099 689 mihi
1131 630 1386 709 prodest
1425 638 1487 691 et
1531 628 1653 693 tibi
1694 646 1816 694 non
1857 626 2047 703 obest,
2091 625 2319 689 teneris
2386 625 2767 704 permittere.
2813 624 3011 686 Extra

427 708 603 770 bunc
645 723 880 781 casum,
925 718 1136 771 utrum
1188 712 1383 787 possit
1428 713 1489 771 in
1538 708 1928 772 conscientia
1960 717 2210 787 emptor
2256 708 2488 768 iterum
2523 722 2658 767 rem
2705 704 3013 768 furtivam

429 788 704 851 reddere
741 788 865 850 furi
900 789 976 850 ad
1015 805 1196 852 suum
1234 791 1507 869 pretium
1540 789 2074 867 recuperandum,
2114 788 2258 850 duae
2287 788 2662 848 sententias:
2706 801 2832 848 una
2870 798 3015 846 cum

428 886 476 931 s.
521 870 866 945 Antonine,
910 869 1144 943 neseio,
1189 871 1380 949 Lugo,
1423 879 1569 943 etc.,
1613 871 1924 941 affirmem
1968 865 2143 948 quia'
2175 866 2426 929 nullum
2469 865 2769 929 damnum
2810 863 3012 927 infer·

431 956 534 1012 tur
578 949 857 1017 domino,
903 966 1044 1012 cum
1089 968 1191 1014 res
1238 955 1300 1012 in
1351 952 1545 1029 priori
1593 968 1708 1012 suo
1753 961 1925 1013 statu
1956 949 2329 1012 collocetur.
2364 946 2578 1008 Altera
2625 958 2836 1008 autem
2870 961 3012 1007 cum

429 1029 770 1110 Laymano,
812 1029 1000 1092 Croix
1030 1042 1092 1092 et
1134 1030 1408 1093 Concinn
1458 1041 1684 1110 negat3
1732 1046 1877 1093 nam
1924 1037 2145 1108 negari
2187 1029 2353 1090 haud
2401 1035 2628 1107 potest,
2666 1042 2801 1089 rem
2834 1026 3014 1087 illam

429 1127 546 1190 per
588 1120 973 1187 emptionem
1019 1128 1054 1173 e
1113 1127 1302 1174 manu
1349 1113 1507 1173 furis
1550 1112 1825 1174 ablatam
1897 1114 2177 1173 evasisse
2231 1109 2519 1171 melioris
2586 1108 3019 1179 conditionis:

431 1202 497 1253 et
540 1191 681 1251 ideo
725 1193 777 1251 si
819 1194 1047 1254 iterum
1093 1192 1217 1254 furi
1267 1194 1661 1259 restituatur.
1707 1193 1847 1255 fieri
1894 1190 2261 1265 deterioris,
2306 1188 2471 1268 quod
2519 1197 2617 1251 est
2665 1188 3007 1267 inJ'ustum3

431 1271 673 1334 nemini
738 1287 890 1333 saue
937 1272 1084 1333 licet
1129 1275 1366 1334 vestem
1411 1272 1678 1334 alterius
1724 1275 1791 1334 in
1839 1276 2050 1351 ignem
2099 1274 2354 1333 mittere
2421 1279 2489 1331 ut
2552 1284 2734 1330 suam
2783 1268 3009 1329 salvet.

431 1351 705 1413 Aliunde
755 1368 857 1414 res
901 1352 1133 1414 clamat
1175 1352 1249 1414 ad
1300 1352 1651 1426 dominum,
1689 1368 1813 1413 non
1863 1350 1941 1414 ad
1990 1351 2233 1414 furem:
2282 1350 2471 1430 idque
2498 1349 2733 1428 poenali
2798 1345 3017 1409 Codice

432 1432 803 1511 praecipitur
847 1433 963 1494 sub
1010 1448 1192 1510 poena
1239 1434 1577 1512 quadrupli
1617 1438 1777 1512 (art.
1808 1428 1977 1512 689).
2380 1460 2387 1467 ·

510 1509 800 1574 Secunda
844 1518 1163 1575 sententia
1210 1530 1453 1592 negans
1496 1523 1593 1575 est
1637 1514 1907 1579 multum
1956 1511 2344 1592 probabilis;
2386 1509 2497 1572 sed
2560 1509 2754 1570 etiam
2801 1510 3006 1585 prima
3072 1570 3085 1587 ,

432 1593 753 1655 affirmans
798 1609 924 1655 nou
970 1602 1067 1654 est
1097 1596 1306 1656 minus
1340 1595 1710 1673 probabiliS‚
1747 1596 1874 1656 imo
1908 1594 2074 1656 forte
2119 1591 2536 1672 probabilior,
2568 1592 2620 1650 si
2654 1605 2729 1650 eo
2765 1591 2828 1651 in
2863 1604 3010 1649 casu

433 1682 679 1751 emptor
723 1675 1107 1735 constitutus
1151 1676 1254 1748 sit,
1320 1685 1387 1737 ut
1428 1674 1619 1737 aliter
1665 1684 1942 1752 nequeat
2001 1677 2277 1754 pretium
2338 1687 2520 1733 suum
2586 1682 3011 1747 recuperat-03

433 1768 620 1816 nemo
663 1756 836 1815 enim
882 1762 1138 1835 tenetur
1182 1771 1315 1817 rem
1361 1756 1618 1817 domino
1651 1771 1911 1817 servare
1947 1770 2088 1816 cum
2122 1751 2351 1833 aequali
2385 1769 2498 1814 suo
2535 1749 2806 1812 damno:
2846 1748 3012 1811 ideo·

432 1850 554 1913 que
601 1836 835 1912 poterit
877 1838 1272 1926 permittere,
1315 1847 1385 1898 ut
1427 1836 1532 1899 tur
1581 1851 1713 1897 rem
1758 1852 1791 1897 a
1838 1852 1903 1896 se
1937 1835 2262 1896 venditam
2309 1836 2543 1895 iterum
2590 1832 2886 1909 recipiat,
2932 1846 3013 1892 ne

433 1925 682 1993 emptor
728 1923 1002 1993 pretium
1067 1932 1250 1979 sunm
1295 1918 1546 1978 amittat
1584 1915 1630 1976 ¹.
1676 1915 1884 1977 Adde:
1955 1930 2097 1977 oum
2155 1929 2424 1993 quisque
2485 1912 2589 1990 jus
2656 1911 2891 1972 habeat
2934 1908 3011 1971 ad

432 1994 596 2059 bona
641 2012 749 2057 sua
800 1996 1255 2073 recuperanda,
1308 1996 1548 2057 nemini
1594 1996 2008 2058 interdicitur
2053 1998 2217 2056 actio
2264 1994 2398 2065 illa,
2446 2009 2588 2072 quae
2640 2006 2754 2069 per
2797 2006 2868 2053 se
2912 1999 3015 2052 est

433 2075 676 2137 directa
722 2075 798 2136 ad
846 2076 1147 2138 damnum
1187 2079 1514 2155 proprium
1556 2074 2005 2156 reparandum,
2044 2075 2194 2138 licet
2239 2085 2393 2137 tunc
2436 2090 2547 2152 per
2580 2070 2883 2135 accidens
2913 2071 3013 2133 da·

421 2160 650 2218 ‘mnum
694 2157 881 2218 alteri
925 2158 1360 2236 superveniat.

522 2348 716 2410 641.
767 2349 837 2427 Q.
889 2349 949 2414 4.
996 2348 1097 2417 An
1165 2347 1335 2414 bonoe
1401 2345 1544 2433 fidei
1602 2363 1920 2433 possessor
1977 2346 2176 2434 possit
2237 2355 2505 2432 repetere
2574 2342 2885 2429 impensas
2949 2342 3013 2408 in

432 2453 643 2520 aliena
686 2474 753 2520 re
799 2475 841 2521 a
888 2475 953 2520 se
998 2454 1252 2539 factas?

522 2562 590 2628 R.
641 2561 968 2646 Impensae
1018 2560 1162 2627 aliae
1213 2568 1367 2628 sunt
1413 2562 1797 2643 necessariae,
1832 2559 1976 2629 sine
2015 2561 2264 2646 quibus
2315 2577 2418 2627 res
2468 2558 2711 2627 servari
2754 2555 3021 2642 nequit;

433 2664 577 2734 aliae
631 2667 827 2750 utiles,
875 2684 1026 2752 quae
1076 2684 1215 2736 rem
1264 2667 1605 2737 meliorem
1641 2667 1963 2750 reddunt,
2013 2667 2157 2735 aliae
2193 2666 2629 2752 voluptuariae,
2680 2683 2829 2751 quae
2880 2680 3017 2731 rem

432 2781 777 2841 exornant.
825 2776 1033 2841 Porro
1083 2772 1401 2858 impensae
1454 2774 1848 2842 necessariae
1899 2793 1934 2840 a
1982 2772 2258 2841 domino
2295 2770 2807 2858 compensanda>
2843 2775 3018 2852 sunt,

431 2878 486 2947 si
522 2898 628 2949 res
676 2888 813 2949 erat
862 2880 1263 2949 infructifera
1280 2907 1299 2963 3
1349 2899 1541 2949 secus
1591 2881 1644 2949 si
1695 2883 1948 2950 fructus
1998 2879 2249 2965 reddat,
2280 2880 2434 2967 quia
2470 2885 2627 2947 tunc
2669 2894 3023 2964 possessor

430 2979 626 3055 bonae
677 2986 827 3055 fidei
879 2996 980 3057 sat
1029 2994 1499 3074 compensatur
1546 3005 1625 3057 ex
1676 2988 2006 3075 perceptis
2054 2986 2399 3055 fructibus.
2438 2987 2783 3073 Impensas
2820 2984 3015 3052 utiles

432 3092 628 3161 dohet
675 3094 1152 3181 proprietarius
1202 3113 1632 3179 compensare
1670 3114 1790 3182 pro
1827 3096 2046 3163 valore
2079 3094 2667 3174 Incrementorum,
2721 3090 2879 3178 quia
2913 3109 3018 3159 re-

432 3218 582 3268 vera
628 3203 840 3287 pretio
891 3202 1305 3271 aestimabilia
1355 3209 1527 3270 sunt.
1579 3200 1758 3270 Idem
1809 3203 2089 3288 aequitas
2123 3200 2418 3288 postulat
2474 3199 2692 3288 quoad
2762 3200 3019 3284 impen-

432 3324 538 3376 sas
580 3309 1046 3394 voluptuariaS,
1096 3310 1331 3378 saltem
1376 3308 1444 3377 in
1494 3318 1816 3395 quantum
1864 3311 1955 3378 rei
2007 3311 2296 3378 valorem
2362 3315 2624 3394 augent,
2674 3324 2758 3375 ne
2810 3305 3019 3372 domi·

430 3433 556 3482 nus
603 3414 684 3484 de
732 3414 945 3484 alieno
994 3417 1305 3485 ditescat:
1356 3416 1408 3485 si
1462 3425 1679 3484 tamen
1730 3418 1980 3504 absque
2028 3415 2543 3485 deterioratione
2590 3412 2852 3501 possint
2900 3429 3016 3480 au-

431 3521 626 3605 ferri,
698 3530 770 3591 ut
838 3529 992 3591 sunt
1040 3531 1300 3607 statuae,
1351 3520 1691 3609 imagines,
1740 3524 2047 3592 dominus
2097 3525 2258 3591 nibil
2309 3523 2658 3597 refundere
2706 3527 3013 3601 tenetur,

432 3628 583 3715 quia
631 3646 983 3715 possessor
1024 3630 1221 3699 bonae
1271 3628 1419 3698 fidei
1469 3648 1580 3699 eas
1629 3630 1887 3699 auferre
1935 3638 2157 3717 potest
2219 3637 2267 3698 ².

514 3734 731 3808 649.
777 3738 850 3818 Q.
898 3739 960 3804 5.
1006 3737 1104 3806 Ad
1143 3737 1296 3821 quid
1336 3748 1578 3804 tenetur
1611 3757 1930 3824 possessor
1974 3739 2171 3805 dubim
2213 3737 2404 3823 fidei?

514 3847 583 3915 R.
617 3844 985 3929 Dupliciter
1017 3851 1236 3930 potest
1283 3845 1432 3932 quis
1482 3861 1617 3912 rem
1667 3844 1946 3913 alienam
1995 3844 2337 3930 possidere
2384 3842 2581 3911 dubia
2628 3840 2785 3909 fide:
2848 3828 3037 3925 l)·si'

427 3952 605 4021 illam
656 3951 1001 4039 possidere
1045 3950 1314 4038 incipiat
1354 3952 1489 4039 jam
1538 3950 1849 4020 dubitans
1897 3971 2014 4021 sua
2065 3971 2146 4021 ne
2193 3952 2324 4034 sit,
2369 3957 2442 4018 ut
2490 3949 2543 4018 si
2596 3948 2830 4017 emerit
2880 3962 3015 4014 rem

487 4238 507 4279 ¹
544 4241 722 4303 Neque
753 4239 949 4300 obstat,
983 4238 1127 4303 quod
1161 4248 1245 4290 res
1277 4235 1368 4289 fiat
1401 4237 1505 4289 hoc
1553 4236 1714 4289 modo
1765 4236 2016 4296 deterior;
2073 4235 2202 4299 qula
2234 4235 2321 4286 bic
2355 4246 2462 4286 non
2514 4234 2762 4294 babetur,
2798 4233 2902 4284 nist
2937 4244 3015 4284 re·

426 4301 615 4352 scissio
649 4304 985 4363 contractus;
1021 4301 1112 4353 sed
1147 4302 1390 4352 rescissio
1424 4303 1610 4351 contra
1707 4313 1732 4350 s
1766 4300 1889 4351 huic
1919 4309 2006 4351 em
2047 4297 2149 4350 tori
2181 4300 2262 4350 est
2294 4297 2488 4349 directe
2523 4296 2669 4347 licita
2694 4298 2746 4347 et
2778 4306 3014 4347 necessa·
3068 4324 3077 4332 ·

425 4363 505 4414 rla
536 4363 603 4414 ad
637 4363 916 4416 vitandum
952 4363 1222 4427 proprium
1257 4363 1533 4414 damnum.
1573 4362 1611 4422 Q
1658 4362 1726 4412 ed
1759 4362 1805 4412 si
1838 4361 1973 4432 inde·
2033 4370 2257 4411 amnum
2290 4359 2545 4411 obveniat
2577 4358 2819 4420 domino,
2843 4356 2896 4421 id
2922 4366 3009 4420 per

427 4424 675 4477 accidens
706 4427 812 4489 est;
849 4437 955 4478 non
987 4427 1130 4477 enim
1163 4427 1369 4488 emptor
1401 4435 1511 4475 rem
1545 4425 1647 4476 furi
1683 4424 1928 4483 restituit,
1964 4424 2022 4474 ut
2054 4422 2153 4474 sibi
2190 4434 2309 4473 eam
2344 4422 2586 4482 retineat,
2608 4421 2702 4471 sed
2726 4422 2789 4471 ut
2816 4420 3016 4474 rescin-

425 4487 519 4539 dat
549 4490 882 4541 contractum
916 4498 1102 4550 suum;
1160 4492 1313 4550 prout
1358 4488 1406 4538 si
1440 4498 1551 4539 rem
1586 4487 1818 4538 alienam
1869 4488 1923 4536 in
1959 4487 2046 4536 vla
2082 4487 2356 4536 inventam
2390 4483 2689 4544 abstulisti,
2746 4483 2801 4534 et
2832 4483 3015 4545 postea

426 4550 566 4602 scias
591 4549 849 4601 damnum
883 4551 933 4602 te
963 4562 1245 4614 passuram
1277 4551 1320 4601 si
1353 4561 1474 4601 eam
1508 4551 1757 4610 retineas,
1809 4550 1943 4599 bene
1976 4549 2149 4611 potest
2181 4548 2237 4599 in
2281 4546 2467 4599 eodem
2512 4547 2632 4598 loco
2688 4545 2834 4597 illam
2870 4553 2924 4594 re
2962 4556 3019 4594 o-

426 4624 554 4677 nere
584 4612 637 4665 et
700 4613 966 4663 ermittere
998 4615 1057 4663 ut
1090 4613 1219 4665 alter
1251 4611 1470 4673 auferat,
1505 4612 1626 4663 licet
1658 4610 1710 4664 id
1743 4608 1986 4662 faciendo
2020 4622 2105 4662 res
2137 4608 2193 4661 in
2228 4606 2541 4661 deteriorem
2583 4610 2781 4660 statum
2816 4616 2917 4659 ven
2943 4605 3022 4656 at.

426 4701 492 4714 .—
532 4676 584 4725 γε
621 4675 659 4725 L
683 4673 853 4735 guoti,
893 4672 981 4734 Ορ-
1020 4675 1174 4734 mor«,
1210 4675 1250 4724 ια’
1281 4685 1358 4733 ΙΙΙ,
1391 4684 1445 4724 n·
1477 4676 1592 4726 ωρο

488 4737 514 4778 ⁵
548 4738 671 4789 cod.
704 4737 818 4795 civ„
855 4738 953 4785 art.
988 4738 1101 4794 705,
1135 4737 1255 4796 7063
1285 4760 1350 4772 —
1383 4736 1438 4785 G.
1472 4736 1537 4785 A.
1569 4735 1684 4795 331,
1720 4735 1832 4785 332.
