3292 5167
1265 299 1342 343 ns
1387 298 1588 343 rueris
2652 272 2730 338 71

192 401 233 462 si
273 399 534 477 legitime
580 395 1052 477 impediantur,
1107 398 1338 478 populo
1380 400 1812 472 annuntiare3
1857 398 1964 460 sed
2013 398 2368 460 communis
2412 397 2733 458 sententia

193 481 358 552 docet,
391 493 511 539 non
562 482 768 541 teneri
818 479 1037 541 fideles
1071 480 1171 541 bis
1215 480 1628 542 concionibus
1676 481 2007 560 interesse,
2041 479 2163 540 nisi
2195 487 2510 556 quatenus
2554 479 2728 555 quis·

195 576 293 640 que
343 566 589 620 tenetur
653 560 905 621 discere
968 564 1323 622 necessaria
1393 562 1467 623 ad
1538 560 1842 622 salutem:
1909 572 2026 621 nec
2085 575 2154 621 ea
2202 559 2450 620 discere
2504 565 2733 634 potest,

191 641 313 721 quin
353 639 764 702 concionibus
812 640 941 701 illis
976 657 1049 702 ac
1080 646 1441 720 praesertim
1487 639 1941 703 catechesibus
1988 641 2276 714 intersit;
2321 646 2384 701 et
2422 638 2544 698 nisi
2582 653 2726 716 qua-

198 733 347 785 tenus
383 719 666 782 absentia
732 729 939 799 potest
1000 720 1370 785 scandalum
1426 738 1785 801 procreare,
1847 723 1933 783 uti
1988 724 2051 781 in
2113 720 2326 799 parvis
2373 719 2733 798 praesertim

191 800 396 882 oppidis
434 799 602 882 solet
643 802 1038 878 contingere.
1126 837 1137 842 -

254 880 437 943 Adde:
480 879 649 943 banc
692 898 832 943 esse
877 880 1162 943 fidelium
1230 884 1422 943 etiam
1485 883 1929 944 timoratorum
1977 883 2458 958 persuasionem
2511 879 2729 956 negari

189 969 386 1041 nequit,
424 964 527 1040 qui
578 962 752 1023 illico
810 979 879 1044 se
922 963 1210 1039 graviter
1254 978 1523 1041 peccare
1570 966 1958 1042 percipiunt,
2007 962 2058 1021 si
2109 978 2234 1021 uon
2283 960 2652 1022 abstineant
2695 975 2730 1020 a

190 1041 500 1112 servilibus,
546 1042 645 1103 vel
691 1041 956 1104 Sacrum
996 1058 1119 1103 non
1167 1044 1464 1104 audiant:
1514 1059 1639 1104 non
1688 1046 1777 1105 ita
1825 1052 2059 1114 tamen,
2110 1041 2162 1102 si
2208 1055 2331 1102 una
2380 1041 2480 1101 vel
2525 1039 2728 1102 altera

189 1124 312 1197 vice,
349 1125 531 1183 etiam
597 1124 738 1184 sine
796 1123 1198 1198 necessitate,
1263 1124 1683 1186 concionibus
1738 1138 1864 1185 non
1915 1123 2236 1183 intersint.
2291 1119 2505 1181 Adde:
2572 1127 2731 1198 quot

189 1214 308 1266 sunt
342 1219 413 1264 ex
456 1203 608 1281 ipsis
673 1202 1144 1276 ecclesiasticis,
1190 1207 1297 1281 qui
1347 1219 1471 1264 non
1519 1220 1772 1282 semper
1838 1203 2132 1265 concioni
2205 1200 2574 1263 intersunt‘?
2620 1199 2726 1277 qui

187 1289 226 1346 si
265 1285 543 1349 una.vice
586 1284 849 1344 Sacrum
894 1286 1194 1346 omittant
1236 1285 1460 1346 audire
1509 1284 1606 1345 vel
1656 1284 1986 1346 celebrare
2025 1281 2188 1343 festo
2227 1281 2353 1355 die,
2399 1290 2728 1360 peccatum

186 1380 335 1427 snum
373 1363 613 1442 (utpote
660 1363 959 1443 mortale)
1007 1364 1324 1437 fatentur3
1354 1363 1462 1426 sed
1516 1380 1843 1442 nunquam
1891 1363 1969 1444 d,e
2014 1363 2347 1425 concionis
2378 1363 2728 1423 omissione

186 1461 240 1506 se
276 1452 581 1506 accusant:
626 1459 767 1522 quoe
831 1445 1090 1522 quidem
1137 1446 1187 1507 si
1235 1454 1453 1506 essent
1498 1445 1559 1504 iu
1633 1452 1973 1524 praecepto,
2019 1442 2117 1504 vel
2178 1458 2369 1505 unam
2427 1444 2727 1503 omittere

184 1524 411 1587 mortale
451 1542 589 1585 esse
633 1525 918 1596 deberet,
961 1526 1148 1586 sicuti
1195 1526 1463 1588 mortale
1508 1534 1606 1586 est
1647 1525 1749 1586 vel
1817 1540 2012 1586 unam
2058 1525 2359 1585 omittere
2403 1522 2580 1584 Sacri
2627 1538 2729 1584 au-

185 1605 467 1667 ditionem.
510 1605 637 1667 Nec
683 1605 919 1679 dicant,
949 1606 1283 1684 quodiipsi
1330 1607 1627 1668 instructi
1663 1606 1795 1685 jam
1841 1614 2027 1680 sunt3
2059 1620 2186 1665 non
2234 1605 2408 1665 enim
2445 1605 2549 1664 bic
2592 1604 2721 1681 agi-

185 1699 269 1747 tur
304 1685 372 1746 de
415 1687 796 1747 necessitate
848 1687 1313 1762 instructionis,
1356 1686 1465 1748 sed
1513 1686 1591 1748 de
1638 1688 2019 1748 necessitate
2064 1683 2590 1747 sanctificationis
2635 1682 2725 1744 fe·

182 1775 418 1828 storum:
464 1770 817 1843 boc-porro
877 1773 1264 1845 pr‘aeceptum
1333 1766 1775 1828 sanctificandi
1847 1764 2027 1828 Festa
2084 1764 2329 1826 nnllam
2384 1778 2726 1842 personam

181 1847 570 1988 excipithnon
615 1844 945 1920 clericum,
994 1863 1120 1907 non
1168 1847 1586 1922 sacerdotem,
1632 1863 1760 1908 non
1819 1848 2209 1925 episcopum,
2275 1860 2403 1906 non
2449 1845 2728 1919 doctum,

184 1942 291 1989 non
331 1928 389 1987 in
438 1935 667 1988 ectum.

242 2006 371 2068 Haec
411 2006 572 2069 dicta
621 2008 772 2080 sint,
818 2016 887 2068 ut
929 2022 1049 2085 qua
1116 2023 1228 2085 par
1293 2015 1411 2081 est,
1482 2009 1720 2068 veritas
1776 2007 2126 2085 aperiatur,
2186 2022 2257 2068 ac
2305 2021 2383 2066 ne
2431 2006 2728 2083 laqueum

181 2086 468 2149 animabus
514 2089 935 2165 imponamus.
980 2086 1276 2148 Ceterum
1337 2086 1460 2148 alia
1511 2088 1762 2148 ratione
1806 2086 2029 2149 fideles
2073 2085 2150 2148 ad
2203 2086 2621 2148 concionibus
2665 2093 2729 2146 et

183 2169 465 2246 praecipue
504 2167 943 2230 catechesibus
980 2167 1498 2231 interessendum
1535 2167 2014 2246 compellendos
2043 2183 2183 2228 esse
2227 2182 2582 2240 censemus,
2626 2182 2727 2243 op·

183 2258 415 2325 portune
457 2257 521 2310 et
566 2249 971 2326 importun03
1014 2264 1161 2309 narn
1207 2265 1287 2310 ex
1330 2265 1455 2312 una
1502 2256 1681 2327 parte
1747 2250 2171 2310 instructione
2228 2250 2508 2310 maxime·
2559 2247 2725 2308 indi·

182 2336 323 2406 gent,
371 2345 441 2389 ex
483 2328 608 2390 alia
656 2328 809 2389 solis
873 2327 1052 2389 festis
1097 2328 1326 2390 diebus·
1390 2331 1726 2410 instructio
1789 2328 2075 2391 babetur.
2119 2327 2301 2389 Unde
2346 2330 2397 2388 si
2457 2329 2725 2407 quaestio

182 2409 250 2468 sic
286 2409 665 2471 instituitur:
715 2406 776 2486 1)
824 2414 1195 2470 tenenturne
1236 2408 1442 2488 fideles
1479 2410 1828 2479 concionem
1871 2417 1933 2471 et
1975 2409 2458 2469 instructionem
2500 2408 2726 2470 andire

181 2487 324 2565 sestis
365 2486 626 2551 diebus?
673 2498 885 2549 nostra
953 2492 1286 2567 responsio
1328 2498 1687 2573 generatim
1754 2499 1852 2551 est
1894 2485 2307 2560 affirmativa3
2352 2500 2415 2550 at
2459 2506 2511 2550 si
2559 2503 2723 2566 quae-

182 2578 355 2631 ratur:
392 2570 457 2648 2)
498 2579 670 2632 estne
698 2571 773 2631 de
800 2570 1169 2631 necessitate
1209 2573 1421 2632 concio
1462 2571 1775 2633 audienda
1816 2572 1885 2632 in
1927 2570 2128 2649 sestis,
2171 2569 2253 2631 ad
2297 2568 2406 2630 boc
2446 2570 2728 2647 praecise‚

183 2657 239 2709 tit
269 2651 394 2728 ipsa
434 2649 738 2713 dicantur
778 2650 1218 2729 sanctificari?
1265 2650 1726 2729 respondemus
1793 2652 2107 2729 negative.
2167 2650 2374 2722 Quare
2420 2650 2482 2710 in
2544 2648 2725 2711 festis

186 2731 265 2807 qui
302 2729 542 2791 Missam
590 2731 771 2793 audit
812 2740 877 2792 et
918 2746 950 2790 a
996 2730 1337 2791 servilibus
1382 2730 1682 2804 abstinet,
1727 2747 1854 2792 non
1915 2739 2134 2809 peccat
2177 2737 2397 2790 contra
2446 2730 2725 2807 speciale

188 2821 531 2889 praeceptum
572 2811 652 2874 de
683 2811 1087 2872 observantia
1122 2810 1465 2885 festorum
1508 2814 1627 2873 etsi
1664 2811 1850 2874 facile
1889 2814 2090 2891 possit
2132 2813 2414 2889 graviter
2460 2826 2725 2888 peccare

186 2901 365 2954 contra
409 2891 567 2954 alias
601 2894 876 2954 virtutes
920 2901 985 2952 et
1026 2891 1451 2969 obligationes
1496 2895 1588 2954 sui
1636 2904 1862 2967 statuS‚
1896 2893 2295 2966 concionem,
2339 2891 2724 2953 catechesim
2789 2941 2796 2948 ,

189 2978 236 3030 et
269 2980 461 3033 cetera
511 2974 769 3051 pietatis
812 2988 1001 3051 opera
1037 2972 1414 3034 omittendo:
1457 2980 1520 3034 et
1564 2973 1709 3034 ideo
1745 2974 1920 3034 omni
1969 2972 2156 3034 modo
2199 2971 2279 3034 ad
2313 2987 2383 3033 ea
2432 2972 2497 3033 in
2547 2971 2725 3032 festis

186 3053 498 3130 peragenda
564 3054 649 3114 sit
713 3050 1205 3130 compellendus

246 3129 377 3194 Rem
425 3142 617 3195 totam
667 3131 1058 3194 concludens
1102 3133 1192 3194 ait
1233 3133 1567 3210 episcopus
1611 3131 1915 3193 Bouvier:

307 3213 363 3290 1)
416 3212 486 3275 Vi
528 3215 827 3292 proecepti
865 3215 1069 3275 divini
1108 3221 1226 3274 aut
1266 3214 1677 3275 ecclesiastici
1716 3213 1924 3292 fideles
1968 3229 2092 3275 non
2149 3212 2346 3273 teneri
2401 3211 2725 3291 proedictis

180 3288 350 3354 diebus
393 3292 728 3356 interiores
768 3301 948 3355 actus
988 3293 1152 3372 fidei,
1212 3295 1361 3371 spei,
1405 3292 1768 3366 charitatis,
1833 3300 1947 3355 ant
1998 3292 2402 3354 contritionis
2461 3291 2680 3353 elicere
2702 3312 2725 3361 ‚·

182 3373 295 3446 quia
332 3373 561 3437 nullibi
606 3375 865 3454 leyimus
912 3375 1068 3436 tales
1113 3382 1294 3436 actus
1332 3373 1429 3435 his
1473 3372 1691 3437 diebus
1734 3391 1862 3434 esse
1902 3380 2277 3452 praeceptos;
2321 3387 2431 3432 nec
2474 3388 2725 3433 sacram

180 3453 474 3516 concionem
516 3456 741 3516 audire
781 3453 856 3516 ob
898 3455 1150 3515 eandem
1191 3455 1596 3526 rationem...,·
1640 3455 1707 3532 2)
1752 3471 1849 3516 eos
1887 3455 1996 3533 qui
2037 3452 2253 3517 diebus
2294 3452 2621 3514 dominicis
2664 3459 2732 3514 et

180 3528 321 3606 sestis
358 3533 433 3596 ab
475 3534 769 3613 operibus
811 3533 1148 3598 servilibus
1192 3532 1518 3597 abstinent
1558 3544 1620 3596 et
1671 3534 1934 3598 Missam
1975 3533 2176 3598 debito
2218 3533 2390 3595 modo
2432 3534 2725 3607 audiunt,
2783 3535 2790 3544 '

180 3615 374 3675 cunctis
413 3616 563 3677 aliis
610 3615 952 3695 Reliqionis
996 3612 1284 3694 operibus
1330 3616 1644 3695 neqlcctis,
1676 3616 1823 3677 licet
1851 3613 2382 3692 reprehensibiles,
2418 3618 2725 3692 proecepto

182 3689 235 3750 ile
264 3696 722 3775 sanctificandis
763 3694 1052 3774 praefatis
1096 3694 1312 3778 diebus
1357 3695 1727 3775 satisfacere
1770 3696 1975 3774 quecui
2016 3693 2462 3765 substantiam,
2514 3695 2610 3754 ita
2654 3699 2728 3754 nt

180 3776 481 3838 mortaliter
519 3793 648 3838 non
706 3783 976 3855 peccent.
1041 3774 1297 3839 Absolvi
1339 3794 1484 3853 erqo
1541 3785 1604 3840 et
1664 3779 1746 3839 ad
1813 3778 2304 3839 communione-m
2366 3774 2724 3852 paschalem

182 3851 386 3918 admitti
420 3863 703 3935 possunt,
744 3858 801 3918 si
845 3857 1011 3919 nihil
1053 3857 1231 3920 aliud
1283 3855 1527 3921 obstat:
1590 3859 1876 3937 quamvis
1919 3856 2177 3936 sortiter
2232 3854 2530 3918 hortandi
2571 3860 2726 3916 sunt

181 3931 239 3991 ad
266 3951 326 3995 ea
361 3937 721 4015 proestanda
762 3938 855 3999 vel
895 3936 1217 4017 facienda,
1256 3956 1388 4017 quae
1430 3939 1650 4018 optimi
1691 3937 2032 4001 christiani
2071 3944 2378 4018 proestare
2421 3942 2480 3995 et
2507 3933 2722 4014 sapere

182 4012 351 4101 solent,
390 4024 449 4079 et
487 4018 575 4080 ad
615 4034 751 4097 quoe
792 4026 1015 4079 sancta
1060 4018 1269 4080 Mater
1302 4019 1585 4081 Ecclesia
1632 4027 1760 4081 tam
1801 4019 2071 4081 sollicite
2118 4025 2174 4079 et
2218 4023 2581 4079 constanter
2625 4016 2719 4076 in·

184 4100 391 4166 metm,-
432 4098 497 4176 3)
541 4107 758 4176 patere
795 4099 1020 4177 quanti
1059 4100 1353 4160 momenti
1395 4102 1484 4162 sit
1515 4101 1847 4162 distinctio
1889 4117 1929 4161 a
1964 4118 2013 4161 s.
2052 4099 2279 4161 Thema
2323 4095 2587 4157 inducta
2635 4096 2724 4155 in·

186 4177 253 4232 ter
282 4191 395 4237 rem
426 4188 818 4257 praeceptam,
847 4186 907 4241 et
932 4179 1113 4258 finem
1140 4181 1436 4258 proecepti
1476 4181 1591 4243 snb
1617 4189 1924 4260 praecepto
1967 4198 2090 4242 non
2132 4184 2502 4250 contentum,
2534 4193 2720 4254 quam
2755 4213 2762 4219 ·
2858 4157 2864 4165 ⁵

186 4250 594 4321 distinctionem
633 4260 903 4349 plurimi
942 4259 1227 4340 Theoloqi
1263 4278 1384 4321 non
1426 4263 1814 4323 attendentes
1858 4262 1925 4323 in
1959 4276 2184 4341 vaqam
2226 4243 2462 4320 a‘beunt
2487 4258 2718 4319 doctri·

186 4347 288 4394 nam
325 4338 411 4399 cel
448 4340 787 4419 riqidiores
830 4341 1129 4402 emittunt
1168 4344 1512 4404 sententias
1555 4342 1697 4420 (N).

242 4412 497 4481 Ceterum
548 4420 733 4482 valde
769 4422 959 4482 etiam
992 4424 1310 4499 congruit,
1344 4432 1412 4484 ut
1443 4422 1638 4484 festos
1673 4421 1811 4482 dies
1835 4418 2054 4498 (prout
2089 4421 2249 4481 scite
2283 4427 2462 4480 notat
2495 4416 2712 4496 Staps)

197 4496 309 4584 ‘pia
346 4501 572 4562 mentis
610 4498 936 4562 hilaritate
979 4513 1044 4563 et
1089 4500 1346 4563 indiciis
1391 4505 1584 4564 etiam
1630 4510 1938 4574 externis,
1982 4517 2034 4561 e.
2080 4517 2140 4579 g.
2181 4499 2558 4576 elegantiori
2608 4513 2714 4558 ve·

188 4580 319 4650 stitu,
354 4589 485 4654 etc,
528 4597 661 4659 prae
731 4581 996 4660 reliquis
1040 4583 1358 4661 insignire
1403 4583 1804 4654 studeamus;
1862 4591 2012 4644 suut
2056 4585 2226 4642 enim
2288 4581 2425 4641 dies
2471 4577 2716 4640 ordinis

192 4654 540 4748 sublimioris,
576 4669 643 4723 et
676 4661 1076 4724 adumbratio
1121 4662 1412 4740 quaedam
1456 4663 1735 4725 coelestis
1782 4660 1957 4724 illins
2002 4662 2268 4736 sabbati,
2309 4661 2489 4739 cujus
2537 4668 2715 4720 tanto

192 4730 452 4803 desiderio
510 4742 1047 4805 tenemur.'Sane
1112 4743 1362 4806 etiamsi
1422 4744 1560 4806 baec
1615 4752 1882 4804 externa
1930 4752 2174 4805 tantum
2232 4743 2383 4815 sint,
2444 4740 2719 4800 destina·
