3292 5167
1347 284 1424 331 ne
1469 284 1609 329 rme
2631 258 2758 325 653

165 383 453 454 invictus
503 393 693 455 antea
741 385 893 455 fidei
944 386 1292 456 confessor
1334 386 1415 456 ad
1450 405 1644 456 unam
1680 385 2037 455 lectionem
2070 384 2219 455 libri
2256 382 2599 471 cuiusdam
2633 387 2767 454 Ma-

166 491 407 561 nichaei
460 500 753 561 mutatus
803 501 904 561 est
953 493 1020 562 in
1068 493 1408 563 infandum
1456 494 1926 562 haereticorum
1977 499 2193 579 caput.
2229 493 2337 560 Sic
2371 492 2762 560 Bulincerus
2821 518 2834 538 ·

167 597 409 668 doctor
456 600 823 669 catholicus
872 601 1031 670 olim
1080 601 1461 688 piissimus,
1511 602 1751 671 librum
1804 600 1961 685 legit
1999 599 2498 682 Melancthonis,
2548 603 2614 666 et
2662 614 2766 666 ce-

166 705 350 776 cidit.
401 707 509 776 Sic
555 709 783 776 Avitus
833 709 1182 808 presbyter
1229 709 1505 795 legendo
1553 710 1799 795 scripta
1849 707 2172 792 origenis,
2226 706 2523 793 quamvis
2568 696 2765 774 simul

165 813 418 901 legeret
467 835 699 885 eorum
749 815 1294 900 confutationem,
1352 819 1482 885 imo
1527 825 1593 884 et
1642 835 1762 902 per
1812 815 2306 900 Hieronymum,
2356 823 2426 882 ut
2476 814 2598 882 sibi
2634 813 2767 881 ‘ca-

166 929 352 990 veret
402 923 693 993 monitus
743 931 944 1007 esset,
995 924 1171 992 virus
1223 930 1437 992 tamen
1488 922 1823 991 lethaliter
1868 921 2231 990 absorbuit.

259 1028 479 1097 Adde:
530 1030 735 1099 semei
785 1031 1046 1116 cognita
1095 1031 1258 1117 iege,
1294 1029 1538 1100 subditi
1577 1048 1710 1098 non
1747 1037 1847 1097 est
1884 1029 2026 1114 eius
2063 1028 2384 1095 rationem
2421 1025 2765 1106 sciscitari,

167 1132 291 1203 sed
341 1136 780 1204 observantiae
830 1136 1118 1205 studere.
1155 1139 1361 1206 Secus
1403 1137 1497 1202 via
1535 1136 1730 1203 nimis
1773 1136 1897 1202 lata
1935 1132 2573 1219 transgressionibus
2608 1148 2763 1214 ape-

165 1242 433 1325 riretur,
485 1261 605 1311 nec
654 1245 832 1329 leges
882 1251 1126 1313 essent·
1157 1243 1403 1325 firmae;
1439 1262 1590 1312 cum
1627 1243 1905 1311 nimium
1941 1243 2153 1310 trahat
2204 1237 2596 1327 decipiendo
2633 1254 2750 1306 sua

171 1366 509 1437 quemque
557 1352 881 1437 voluptas.

259 1462 473 1525 934.
522 1461 595 1540 Q.
643 1462 705 1527 5.
751 1461 804 1528 A
853 1479 970 1545 quo
1005 1460 1251 1526 licentia
1299 1460 1539 1544 legendi
1584 1460 1772 1526 libros
1810 1458 2155 1551 prohibitos
2199 1469 2285 1523 est
2332 1453 2770 1547 impetranda?

265 1567 336 1632 R.
382 1567 435 1632 A
483 1568 628 1634 solo
678 1571 747 1635 R.
799 1567 1156 1651 Pontifice,
1207 1568 1304 1636 vel
1355 1567 2081 1652 arcongregationibus
2131 1567 2195 1633 S.
2248 1565 2455 1633 Officii
2508 1570 2618 1630 aut
2666 1564 2767 1629 In-

173 1668 341 1739 dicis
391 1671 654 1740 licentia
703 1673 1114 1760 impetranda
1164 1681 1264 1743 est
1299 1674 1555 1759 legendi
1593 1674 1800 1743 libros
1835 1693 1954 1761 per
1987 1672 2206 1760 ipsum
2245 1672 2634 1740 Pontificem
2670 1668 2769 1738 vel

177 1780 746 1865 congregationes
775 1784 1181 1869 prohibitos;
1220 1784 1583 1869 generatim
1620 1784 1798 1852 enim
1833 1781 2008 1851 illius
2037 1788 2136 1851 est
2172 1781 2554 1867 permittere
2581 1779 2770 1864 quus

174 1894 279 1958 est
317 1895 552 1955 vetare.
591 1892 728 1957 Hoc
757 1889 866 1975 jus
901 1890 1211 1959 omnibus
1247 1890 1592 1977 Episcopis
1628 1889 1823 1957 dabat
1856 1889 2208 1957 instructio
2242 1887 2599 1956 Clementis
2624 1884 2769 1953 VIII

174 1995 446 2080 (1598);
489 1994 608 2064 sed
655 1996 816 2064 illud
865 2005 1096 2084 postea
1148 1998 1306 2083 ipsis
1356 1999 1692 2068 sublatum
1741 2004 1842 2066 est
1879 2014 1997 2083 per
2029 1997 2419 2087 Gregorium
2452 1997 2565 2062 XV
2600 1995 2770 2060 Con-

176 2101 527 2170 stitutione
596 2104 1026 2190 Apostolotum
1098 2106 1376 2193 Officium
1447 2106 1722 2190 (1612),
1786 2105 2089 2170 innovata
2162 2104 2241 2170 ab
2317 2103 2576 2170 Urbano
2622 2101 2769 2170 VIII
2882 2160 2887 2169 .

180 2210 449 2295 (1631);
515 2210 678 2279 adeo
761 2219 833 2280 ut
907 2212 1104 2281 hodie
1159 2213 1468 2299 Episcopi
1521 2213 1692 2298 (sine
1740 2211 2008 2297 speciali
2060 2210 2388 2291 facultate)
2439 2196 2768 2293 nequeant

179 2316 352 2385 hanc
402 2317 733 2387 licentiam
785 2320 1167 2402 concedere,
1220 2319 1343 2388 nisi
1395 2319 1613 2407 quoad
1664 2319 1869 2388 libros
1918 2320 1999 2387 ab
2042 2319 2203 2405 ipsis
2240 2316 2631 2403 prohibitos.
2666 2315 2775 2382 At·

95 2466 99 2471 -
178 2429 402 2492 tamen
451 2443 534 2492 ex
581 2427 819 2494 Urbani
870 2430 1014 2496 VIII
1053 2408 1556 2496 'Constitutione
1607 2426 1783 2495 istud
1824 2428 1932 2513 jus
1983 2426 2103 2494 fuit
2143 2443 2536 2494 concessum
2571 2423 2774 2509 Maqi·

176 2543 315 2599 stro
364 2533 541 2599 Sacri
589 2535 823 2601 Palatii
870 2554 989 2621 pro
1043 2537 1244 2604 Roma
1295 2553 1367 2603 ac
1417 2553 1538 2603 suo
1589 2534 1897 2603 districtu
1947 2534 1993 2601 ¹.
2448 2516 2455 2525 ’

273 2639 391 2707 Hic
442 2645 659 2707 tamen
712 2641 1106 2709 notandum:
1164 2660 1296 2710 non
1345 2641 1492 2710 ideo
1529 2650 1711 2710 tutus
1761 2646 1983 2727 potest
2022 2640 2240 2725 legere
2290 2639 2402 2726 qui
2446 2640 2774 2709 licentiam

176 2744 494 2827 obtinuit,
534 2747 589 2815 si
627 2749 875 2816 nesciat
910 2749 1285 2818 discernere
1320 2749 1492 2817 inter
1530 2748 1779 2834 lepram
1816 2754 1879 2823 et
1913 2748 2181 2833 lepram,
2217 2765 2430 2832 neque
2470 2748 2628 2816 satis
2672 2747 2781 2814 fir-

175 2869 337 2921 mus
371 2852 457 2920 sit
494 2853 555 2920 in
590 2855 767 2923 bono
804 2857 1190 2942 proposit03
1238 2857 1390 2943 quia
1423 2856 1528 2924 lex
1562 2863 1817 2925 naturae
1854 2863 1975 2937 est,
2016 2862 2084 2921 ut
2122 2872 2319 2922 nemo
2354 2873 2425 2922 se
2463 2853 2775 2939 peccandi
2876 2874 2883 2881 ·

176 2958 549 3027 discrimini
601 2963 989 3030 committat.
1025 2963 1093 3030 Si
1131 2964 1253 3031 tuti
1304 2981 1452 3032 esse
1499 2963 1797 3045 velimu8‚
1847 2981 1978 3030 non
2028 2961 2377 3030 curiositas
2416 2980 2533 3029 nos
2583 2961 2779 3030 debet
2818 2964 2825 2971 '

175 3066 528 3151 impellere
576 3068 658 3136 ad
707 3069 1186 3156 impetrandam
1237 3070 1556 3140 librorum
1607 3069 2093 3156 prohibitorum
2144 3067 2477 3136 licentiam
2528 3086 2781 3154 eosque

175 3171 546 3257 legendos3
581 3176 696 3244 sed
735 3177 1118 3261 necessitas,
1153 3178 1251 3247 vel
1287 3196 1445 3246 sane
1493 3177 1706 3263 gravis
1758 3166 2027 3258 utilitas,
2079 3175 2297 3243 habita
2349 3174 2649 3243 videlicet
2683 3192 2784 3242 ra·

177 3277 373 3347 tione
422 3284 714 3353 muneris
765 3286 972 3353 nostri
1023 3292 1087 3353 et
1137 3293 1348 3353 status
1396 3278 1448 3353 ¹.
1498 3287 1661 3352 Item
1709 3284 1836 3353 sub
1886 3281 2187 3351 custodia
2236 3282 2441 3351 libros
2480 3281 2781 3368 prohibi-

179 3391 296 3453 tos
333 3395 529 3456 caute
563 3390 984 3475 retineamus,
1022 3391 1442 3478 providentes
1478 3391 1750 3476 insuper
1784 3406 1863 3458 ne
1897 3397 2048 3475 post
2082 3395 2373 3457 nostram
2401 3396 2683 3457 mortem
2716 3389 2784 3457 in

186 3492 495 3561 omnium
544 3495 922 3568 haeredibus
975 3498 1278 3568 manibus
1327 3498 1618 3578 veniant3
1669 3514 1819 3565 cum
1856 3494 1919 3563 id
1953 3513 2105 3563 esse
2140 3503 2423 3582 nequeat
2456 3496 2600 3564 sine
2639 3514 2782 3562 ma-

175 3599 363 3667 xima
411 3601 776 3672 animarum
829 3605 1136 3691 pernicie
1188 3603 1592 3692 experientia
1647 3608 1838 3671 teste.

279 3711 491 3774 935.
543 3711 614 3790 Q.
666 3713 726 3778 6.
781 3713 1162 3799 Quotuplicis
1204 3712 1451 3798 qemris
1496 3722 1636 3777 sunt
1688 3712 1834 3779 libri
1873 3644 2199 3800 prohibiti,
2234 3722 2288 3777 et
2335 3709 2486 3795 quid
2514 3710 2586 3775 de
2620 3708 2790 3775 illis?

282 3813 354 3880 R.
402 3815 475 3880 1:
525 3817 790 3904 'l'riplici
842 3819 904 3886 in
956 3818 1322 3887 differentia
1370 3837 1489 3888 seu
1538 3818 1750 3888 classe
1784 3820 2196 3889 collocantur
2235 3816 2381 3886 libri
2437 3813 2774 3902 prohibiti.

191 3999 200 4009 ,
295 3925 510 3994 Prima
556 3925 776 3992 classis
823 3925 1119 3995 continet
1167 3926 1374 3994 libros
1425 3944 1657 3995 omnes
1695 3926 1910 3996 editos
1947 3933 2060 3994 aut
2097 3923 2389 3994 edendos
2439 3922 2787 3990 haeresiar-

188 4051 421 4104 carum
471 4038 537 4100 et
582 4031 1076 4117 haereticorum,
1126 4034 1237 4120 qui
1291 4034 1389 4101 vel
1439 4034 1751 4102 haeresim
1797 4033 2153 4103 continent
2192 4031 2288 4099 vel
2340 4029 2420 4099 de
2454 4027 2791 4113 Religione

183 4160 274 4210 ex
324 4139 624 4225 professo
679 4147 1066 4224 petractant.
1122 4140 1242 4235 Qui
1312 4157 1512 4226 porro
1563 4141 1711 4208 libri
1760 4141 1882 4208 etsi
1936 4137 2326 4207 nominatim
2378 4136 2439 4204 in
2491 4133 2786 4203 Iudicem

74 4297 82 4303 ·
187 4246 386 4316 relati
438 4264 570 4315 non
617 4248 770 4329 sint,
821 4247 950 4317 hoc
995 4242 1165 4333 ‘ipso
1238 4246 1419 4333 quod
1489 4247 1569 4316 ab
1619 4247 1951 4316 haereticis
2008 4243 2396 4331 prodierint,
2450 4240 2781 4310 interdicti

261 4495 284 4535 ¹
329 4496 382 4545 V.
421 4495 652 4558 Lignori,
689 4497 776 4559 Op.
811 4497 960 4559 Mor„
994 4496 1029 4547 Ι.
1063 4509 1100 4551 ι.
1136 4509 1187 4549 ιι.
1227 4500 1344 4557 199:
1381 4498 1434 4548 et
1467 4497 1500 4546 l.
1535 4507 1630 4556 vn,
1666 4508 1757 4549 nn.
1793 4496 1883 4547 291
1922 4496 1975 4546 et
2007 4496 2271 4546 299.1mo
2305 4492 2390 4544 vel
2422 4493 2521 4553 ipsi
2547 4493 2793 4556 Episcopi

189 4558 316 4610 sine
351 4559 508 4621 Papae
541 4510 759 4610 lieentia
786 4534 960 4610 libros’
984 4558 1051 4610 ab
1085 4560 1200 4621 ipso
1235 4533 1529 4622 prohibitos
1563 4533 1730 4617 Ιεῖιειε
1765 4557 2119 4619 prohihentur
2151 4568 2220 4608 ex
2241 4555 2406 4607 Bullis
2427 4555 2551 4606 sum
2573 4556 2641 4606 111
2667 4554 2793 4606 Cum

187 4621 483 4680 meditatio,
517 4622 668 4672 Pauli
702 4623 770 4672 1v
806 4622 939 4682 Quia
971 4623 1024 4671 in
1055 4621 1380 4684 futurorum,
1414 4623 1466 4673 et
1499 4620 1578 4672 Pii
1614 4622 1683 4672 IV
1720 4619 1845 4671 cnm
1874 4632 1974 4681 pro
2005 4630 2235 4670 munere.

194 4657 568 4809 potitii&
587 4683 1751 4811 iiiiiiddffl’geffffmifflf‘ipffiffle‘li
1782 4682 2185 4798 Βέἳ”ἔὲ“έὲ.».ῧξ.
2214 4680 2470 4748 ‘mmm
2523 4679 2796 4732 ''⁰³¹¹‘¹³¹¹¹
