3292 5167
1235 241 1316 289 uu
1362 243 1762 289 usnemu-re
2682 226 2804 293 231

243 349 432 435 jerem
474 347 903 415 securitatem
951 345 1187 429 amico,
1238 346 1335 415 vel
1386 346 1651 415 notario
1700 352 1815 415 aut
1861 347 1929 415 iu
2007 348 2278 433 publico
2336 329 2648 435 archivio,
2696 352 2818 421 etsi

247 457 356 523 hoc
382 471 506 522 uon
538 454 918 541 requiratur
949 453 1030 520 ad
1062 452 1484 522 validitatem.
1520 455 1856 537 Ceterum,
1889 461 1963 522 ut
1995 473 2191 524 suum
2226 456 2464 534 babeat
2510 458 2819 528 effectum

246 568 681 631 testamentum
728 562 1235 647 holographum,
1285 559 1353 628 id
1399 580 1608 629 unum
1657 562 2142 647 requiriturut
2190 564 2569 650 deponatur
2602 573 2821 635 morte

247 670 547 738 testatoris
594 669 1079 739 interveniente
1127 668 1280 753 (nisi
1326 669 1461 752 jam
1509 669 1595 737 sit
1628 669 1796 738 facta
1840 670 2202 757 depositio)
2240 690 2446 757 penes
2481 675 2818 743 notarium

251 776 374 857 loci,
418 775 527 844 ubi
578 775 921 845 successio
966 776 1091 862 ipsi
1142 783 1369 860 aperta
1409 782 1533 858 est,
1570 776 2017 861 praesentibus
2051 786 2342 870 praetore
2375 780 2819 850 mandamenti

247 899 304 950 ac
323 880 571 950 duobus
620 883 927 951 testibus,
974 881 1048 949 Id
1095 881 1293 950 etiam
1342 882 1730 964 notandum,
1766 883 1946 967 quod
1984 892 2452 953 testamentum
2486 896 2819 955 secretum

245 989 540 1057 auotario
591 990 695 1057 vel
743 990 872 1057 alio
922 988 1196 1075 publico
1237 989 1500 1056 officiali
1551 989 1631 1056 ad
1679 990 1746 1056 id
1795 989 2111 1075 deputato
2162 1000 2527 1078 receptum,
2580 995 2633 1062 si
2685 1013 2818 1062 non

242 1103 434 1183 potest
477 1096 564 1164 ob
598 1096 888 1182 aliquam
923 1095 1487 1164 circumstantiam
1522 1096 1740 1163 valere
1788 1097 1882 1163 uti
1926 1098 2073 1180 tale,
2110 1099 2441 1168 obtinebit
2475 1101 2571 1167 uti
2608 1109 2816 1168 testa-

242 1211 511 1271 mentum
558 1203 1070 1288 holographum,
1120 1202 1175 1269 si
1226 1208 1447 1270 tamen
1490 1202 1999 1271 habeatomuia
2047 1223 2246 1290 supra
2293 1204 2467 1274 dicta
2499 1207 2817 1292 requisita

240 1313 536 1394 (ert.774,
584 1313 739 1394 804,
788 1310 970 1395 912).

306 1418 510 1484 839.
562 1421 635 1498 Q.
675 1420 737 1484 2.
776 1417 940 1499 Quid
969 1416 1043 1482 de
1075 1416 1455 1483 testamentis
1478 1416 1747 1503 publicis
1777 1428 1833 1482 et
1861 1419 2109 1483 secretis
2132 1438 2174 1484 a
2197 1420 2481 1485 Notariis
2516 1422 2815 1507 receptis?

306 1527 371 1593 R.
412 1524 510 1592 Ad
559 1527 631 1591 1:
683 1527 1180 1592 Testamentum
1230 1523 1570 1608 publicum
1621 1523 1942 1609 recipitur
1986 1526 2068 1594 ab
2118 1544 2252 1593 uno
2287 1527 2547 1594 notario
2582 1546 2808 1595 coram

238 1639 497 1716 quatuor
562 1631 850 1700 testibus
922 1631 1050 1716 (vel
1122 1630 1320 1698 etiam
1369 1640 1403 1696 a
1459 1629 1724 1698 duobus
1773 1632 2049 1699 notariis
2114 1647 2337 1700 coram
2408 1633 2670 1702 duobus
2721 1643 2817 1701 te-

239 1739 456 1806 stibus:
492 1756 625 1823 quo
677 1738 742 1805 iu
776 1756 932 1806 casu
969 1737 1267 1804 notarius
1303 1754 1474 1836 uuus
1509 1745 1732 1804 actum
1781 1739 2098 1821 exarabit,
2137 1739 2254 1806 sed
2286 1741 2481 1808 ambo
2515 1740 2810 1807 subscri-

237 1847 417 1930 bant).
474 1850 781 1915 Testator
817 1845 1107 1914 declaret
1150 1862 1338 1913 suam
1386 1844 1689 1912 ultimam
1738 1846 2146 1915 voluntatem
2195 1848 2455 1915 notario
2505 1847 2617 1933 qui
2665 1865 2810 1915 eam

239 1953 479 2022 scribat:
532 1961 596 2021 et
645 1959 878 2039 postea
927 1961 1147 2020 actum
1227 1952 1523 2037 perlegat
1591 1952 1987 2036 intelligibili
2060 1971 2221 2021 voce
2275 1971 2404 2021 una
2461 1953 2658 2021 simul
2708 1961 2807 2022 te—

240 2061 437 2128 statori
485 2069 549 2128 et
597 2061 906 2141 testibus,
942 2058 1342 2143 facta'hujns
1394 2058 1486 2125 rei
1540 2037 1908 2140 mentioue;
1944 2069 2130 2127 actus
2175 2066 2395 2128 autem
2433 2060 2808 2128 subscriba-

248 2175 332 2234 tur
367 2185 398 2232 a
448 2172 787 2249 testatore,
838 2166 1208 2254 a‚testibus
1257 2172 1321 2234 et
1379 2182 1414 2231 a
1462 2166 1746 2234 notario.
1795 2167 1862 2232 Si
1914 2173 2135 2233 autem
2184 2175 2461 2235 testator
2514 2168 2808 2236 scribere

248 2275 458 2343 nesciat
489 2275 587 2343 vel
625 2293 758 2343 uon
794 2274 1030 2360 possit,
1066 2273 1434 2358 subsignet,
1467 2273 1633 2340 facta
1669 2274 2006 2342 mentione
2047 2275 2499 2360 impedimenti
2527 2276 2806 2362 ejusque

243 2399 445 2450 causae.
492 2383 683 2463 Quod
732 2384 786 2451 si
838 2399 1053 2466 neque
1103 2381 1316 2467 possit
1363 2381 1775 2466 subsignare,
1826 2382 2123 2450 notarius
2158 2383 2355 2452 debet
2404 2402 2535 2452 non
2585 2384 2804 2451 solum

240 2488 373 2558 hanc
422 2491 822 2577 peculiarem
856 2488 1422 2557 circumstantiam
1469 2489 1536 2564 iu
1570 2489 1718 2573 ipso
1753 2496 1902 2557 actu
1937 2490 2274 2572 adnotare,
2315 2490 2433 2558 sed
2464 2492 2661 2560 etiam
2694 2491 2806 2560 de-

240 2595 627 2686 clarationem
683 2598 883 2682 huJus
924 2596 1337 2681 impotentiae
1388 2596 1469 2664 ab
1502 2595 1652 2681 ipso
1702 2603 2019 2665 testatore
2065 2598 2451 2667 faciendam.
2502 2598 2692 2679 Quod
2747 2599 2802 2667 si

236 2709 483 2772 testator
512 2687 759 2772 surdus
794 2703 879 2771 sit
917 2702 1212 2785 omnino,
1262 2701 1319 2771 si
1366 2703 1530 2771 sciat
1577 2702 1819 2787 legere,
1858 2705 2032 2771 ultra
2065 2704 2274 2772 dictas
2322 2704 2802 2789 solemnitateS,

237 2816 670 2879 testamentum
720 2811 943 2895 legere
989 2810 1187 2878 debet
1226 2827 1451 2878 coram
1501 2810 1786 2878 testibus
1858 2819 1923 2879 et
1994 2811 2393 2893 tabellione,
2443 2813 2554 2898 qui
2605 2812 2801 2897 hujus

238 2918 311 2984 rei
370 2919 779 2986 mentionem
834 2917 1068 2999 saciet3
1114 2917 1167 2983 si
1218 2917 1439 3002 legere
1474 2917 1748 3000 nesciat,
1806 2917 2099 3003 quinque
2148 2925 2306 2986 tuuc
2353 2927 2550 2987 eruut
2597 2925 2801 2987 testes

238 3024 571 3094 adhibendi.
621 3026 705 3093 At
754 3025 808 3093 si
858 3031 1329 3096 testamentum
1379 3043 1414 3092 a
1462 3024 1725 3092 duobus
1799 3025 2094 3108 notariiS,
2146 3027 2507 3112 recipiatur
2550 3027 2616 3093 iu
2673 3027 2800 3093 hoc

237 3149 379 3216 casu,
424 3134 762 3202 sufficiunt
808 3141 944 3201 tres
992 3139 1197 3200 testes
1246 3134 1401 3216 (art.·
1451 3134 1634 3217 799).
1742 3117 1750 3126 ’
1817 3131 1844 3156 ”

302 3243 363 3309 R.
404 3241 495 3309 Ad
544 3244 621 3309 2:
670 3244 908 3309 Forma
953 3239 1300 3334 testamenti
1344 3241 1560 3308 secreti
1604 3240 1831 3324 recepti
1875 3261 1917 3306 a
1960 3242 2209 3308 notario
2256 3242 2385 3308 hoec
2430 3253 2553 3307 est.-

380 3352 434 3416 ἱ.
502 3353 584 3419 Ut
654 3356 939 3416 testator
1004 3346 1389 3416 schedulam
1452 3348 1850 3428 subscribat,
1897 3347 1950 3415 si
2001 3348 2238 3416 valeat:
2290 3356 2355 3417 et
2405 3348 2674 3434 quidem
2726 3348 2792 3414 ie

237 3451 355 3538 fine,
388 3457 438 3524 si
470 3451 958 3525 'testamentum
993 3463 1208 3523 totum
1242 3454 1387 3539 ipse
1434 3453 1799 3539 scripserit.
1850 3454 1922 3521 Si
1966 3472 2123 3522 vero
2173 3474 2335 3524 usus
2383 3462 2485 3524 est
2523 3455 2605 3522 ad
2636 3455 2797 3523 scri-

238 3559 484 3632 bendum
556 3564 621 3632 iu
676 3571 818 3631 toto
868 3563 969 3630 vel
1017 3562 1082 3628 in
1136 3567 1319 3645 parte
1368 3578 1569 3646 opera
1620 3560 1852 3644 aliena,
1902 3561 2171 3631 debebit
2218 3562 2602 3633 schedulam
2639 3563 2797 3631 sub—

239 3669 485 3739 scribere
532 3671 757 3740 medio
806 3687 1082 3756 quoquo
1128 3667 1291 3736 folio
1322 3669 1525 3753 {eqni
1564 3668 1863 3753 pagina).

377 3780 434 3844 2.
479 3782 562 3848 Ut
611 3776 929 3846 schedula
980 3774 1472 3843 testamentaria
1508 3773 1871 3856 claudatur,
1922 3782 1988 3843 et
2035 3776 2253 3860 sigillo
2301 3777 2639 3844 muniatur
2685 3793 2793 3842 co-

237 3899 344 3950 ram
400 3887 652 3953 notario
703 3892 769 3953 et
818 3892 1106 3970 quatuor
1149 3882 1431 3952 testibus
1470 3881 1750 3950 idoneis.
1800 3883 1866 3950 Si
1917 3883 2229 3952 schedula
2271 3886 2407 3969 jam
2456 3884 2677 3951 clausa
2726 3890 2793 3952 et

236 3988 412 4073 sigillo
457 3992 708 4060 munita
756 3992 865 4073 sit,
916 3997 1197 4059 testator
1243 4006 1464 4058 coram
1514 3990 1853 4074 praedictis
1903 4007 2045 4058 eam
2104 3991 2362 4059 notario
2397 3997 2789 4087 praesentet,

239 4092 531 4168 declarans
581 4100 646 4165 in
696 4116 771 4167 ea
821 4096 1150 4167 contineri
1200 4113 1386 4164 suam
1436 4096 1735 4164 ultimam
1785 4097 2213 4165 voluntatem.

374 4208 430 4274 3.
476 4207 546 4275 Si
585 4213 870 4274 testator
918 4223 1114 4272 manu
1165 4203 1375 4271 aliena
1426 4222 1586 4272 usus
1634 4210 1737 4272 est
1785 4204 1866 4270 ad
1900 4204 2323 4273 scribendum
2359 4221 2553 4273 suum
2588 4212 2788 4274 testa-

238 4320 507 4394 mentum,
560 4333 683 4382 nec
732 4312 948 4399 potuit
993 4311 1159 4379 illud
1204 4311 1647 4394 subscribere,
1698 4310 2035 4378 declarare
2082 4309 2281 4378 debet
2329 4312 2392 4378 in
2442 4318 2591 4379 actu
2629 4330 2785 4380 con-

241 4413 583 4500 signationis
634 4437 898 4488 causam
946 4418 1143 4504 hujus
1193 4417 1597 4499 omissionis,
1647 4434 1721 4483 ac
1769 4416 2044 4501 insuper
2090 4436 2161 4485 se
2195 4424 2662 4486 testamentum
2700 4420 2787 4488 le-

239 4522 402 4608 gisse3
447 4546 734 4614 quorum
782 4528 1077 4595 omnium
1129 4524 1267 4592 fieri
1320 4523 1517 4591 debet
1565 4539 1879 4608 expressa
1929 4524 2179 4593 mentio
2229 4543 2263 4592 a
2299 4526 2578 4594 notario.
2621 4529 2783 4594 Hinc

240 4629 524 4717 colligitur
572 4653 745 4718 eum,
799 4635 909 4720 qui
960 4633 1183 4719 legere
1234 4618 1484 4717 nequit,
1536 4648 1669 4697 non
1719 4648 1920 4715 posse
1968 4640 2228 4701 secreto
2263 4633 2511 4701 testari.
