3292 5167
1177 174 1635 221 Annona-iones
2579 154 2705 219 125

182 275 422 342 discessio
460 274 738 336 efficitur
782 290 895 354 per
935 275 1102 338 viam
1143 277 1569 356 permaneam,
1601 276 1936 356 purgando
1967 277 2247 338 animam
2296 285 2421 338 tam
2453 291 2486 338 a
2519 276 2703 355 culpa

185 356 377 422 mortali
417 364 478 417 et
517 354 785 428 veniali,
846 371 1034 433 quam
1077 357 1156 419 ab
1200 358 1431 422 affectu
1476 356 1763 437 quolibet
1808 356 1886 418 ad
1934 366 2288 436 utramque.
2337 355 2532 418 Adest
2577 366 2700 419 ter-

189 439 333 500 nim
365 451 473 515 per
513 451 718 514 quem.
760 443 826 497 et
887 444 983 497 est
1026 440 1391 501 consecutio
1438 448 1503 501 et
1546 435 1925 500 exercitatio
1970 439 2280 500 virtutum
2326 439 2461 498 sive
2503 438 2704 499 Theo·

194 520 467 597 logicarum
513 520 646 588 sive
692 508 1046 591 Moralium,
1090 534 1277 596 quem
1315 519 1381 580 in
1419 519 1613 580 finem
1653 517 1863 580 tendit
1892 513 1997 579 via
2030 517 2480 579 illuminativa.
2514 518 2709 579 Adest

191 598 399 675 denique
467 596 779 658 terminus
842 596 925 658 aa
966 613 1163 677 quem,
1207 606 1270 659 et
1340 607 1437 660 est
1496 598 1662 661 Deus
1730 600 1884 676 ipse,
1961 599 2142 676 cujus
2200 600 2568 659 consecutio
2613 605 2710 659 est

189 681 337 741 omnis
374 678 583 755 operis
628 674 1167 755 complementum
1212 686 1277 741 et
1323 680 1514 740 totius
1578 696 1606 741 s
1661 677 1936 743 iritualis
1985 680 2240 739 itineris
2306 687 2512 741 meta:
2588 678 2710 740 buc

188 765 368 838 spectat
405 757 509 818 via
548 757 820 819 unitiva.
863 790 941 803 -
995 757 1053 819 V.
1089 757 1329 835 Valfre,
1373 756 1556 820 Sulla
1648 758 1975 840 erfezione.
2009 792 2084 802 —-
2117 757 2497 836 Rodriguez‚
2530 758 2706 819 Eser·

187 839 300 900 cizic
333 837 392 898 di
431 837 819 916 Persezicne.
862 870 941 883 --
1002 837 1061 899 S.
1107 837 1494 918 AlphonsuS,
1542 839 1737 905 Breve
1794 839 2052 918 pratica
2113 838 2279 901 della
2346 839 2467 899 Per
2498 839 2710 900 ezione

185 919 403 981 raccolta
441 917 621 979 dalla
687 918 972 980 doctrina
1012 919 1081 980 di
1140 936 1190 980 s.
1242 918 1508 990 Teresa,·
1572 929 1636 983 et
1700 919 1934 984 Praxis
2000 918 2411 998 confessarii,
2532 919 2589 979 5.
2633 951 2710 962 -

184 996 422 1074 Goudier,
461 997 548 1059 De
590 1005 832 1060 natura
875 997 1302 1077 Perfectionis.
1345 1033 1423 1044 —
1464 998 1725 1079 Siauda,
1766 1001 1822 1063 Il
1855 1000 2332 1062 discet-nimenta
2364 998 2529 1060 della
2560 1000 2709 1060 Per·

183 1078 384 1156 testeae.
424 1112 504 1122 —
545 1076 944 1155 Scaramelli,
986 1079 1332 1143 Derectoric
1374 1083 1665 1145 asceticc.
1710 1117 1789 1127 —
1832 1079 2217 1153 Pinamonti,
2272 1079 2329 1141 Il
2371 1078 2710 1141 Direttcre.

182 1158 572 1233 Castelvetere,
621 1159 965 1222 Direttcric
1005 1161 1559 1223 ascarico-mistico.
1602 1197 1682 1207 -
1725 1162 1935 1236 Liber,
1986 1159 2044 1222 S.
2090 1161 2538 1222 Bonaveatara
2569 1177 2707 1221 car·

181 1240 343 1301 dinale
377 1239 586 1301 doctor
629 1240 886 1319 seraficc
928 1239 994 1301 aa·
1036 1247 1225 1303 santa
1273 1239 1514 1317 Cltt'esa,
1558 1242 1837 1306 Maeslro
1899 1241 2111 1303 esimt'c
2163 1242 2232 1302 aa·
2292 1240 2520 1317 spirito
2544 1260 2569 1312 ;
2615 1255 2713 1301 ov·

182 1335 293 1382 vero
337 1318 617 1398 Teoloqia
658 1321 908 1383 mistica
951 1321 1205 1384 secondo
1252 1322 1307 1384 lc
1350 1323 1597 1401 spirito,
1640 1343 1672 1386 e
1715 1325 1769 1385 le
1820 1330 2110 1384 centense
2154 1321 2252 1382 del
2298 1318 2515 1394 Samo,
2559 1320 2707 1382 uai-

179 1399 485 1541 fzmdt‘allg
528 1400 761 1490 spirito
802 1417 833 1462 e
874 1402 999 1465 alle
1041 1403 1314 1465 doctrine
1356 1402 1462 1465 ἀεί
1485 1406 1604 1483 piis
1647 1403 1879 1467 celebri
1920 1403 2095 1465 santi
2138 1400 2335 1464 Padri
2363 1417 2393 1462 e
2440 1399 2709 1475 Ductori,

180 1497 202 1540 c
328 1498 345 1541 i
383 1498 438 1541 ct
514 1497 832 1543 scrtssero.

237 1558 402 1621 ¹2⁰.
448 1560 638 1623 Plura
688 1560 869 1623 valde
913 1571 1306 1625 momentosa
1355 1562 1458 1624 hic
1503 1572 1723 1625 monet
1764 1561 1963 1641 Staps‚
2008 1560 2078 1643 ἐς
2110 1560 2228 1624 629
2271 1568 2335 1622 et
2379 1576 2551 1640 seqq.

305 1641 351 1700 l.
390 1639 556 1702 Sunt
600 1644 710 1719 qui
758 1644 821 1703 in
872 1644 1006 1720 ipso
1052 1644 1493 1705 conversionis
1555 1644 1891 1723 principio,
1955 1642 2103 1705 dum
2176 1639 2464 1703 sensibili
2511 1639 2713 1718 gratia

181 1728 530 1799 recreantur,
575 1722 907 1800 passiones
950 1737 1095 1784 suas
1132 1723 1414 1785 devictas
1457 1735 1812 1798 autumant,
1860 1731 1925 1785 et
1963 1723 2094 1801 jam
2138 1720 2356 1783 volare
2400 1721 2711 1799 gestiunt,

180 1802 269 1863 etsi
304 1801 502 1866 adbuc
549 1800 905 1880 implumes.
949 1802 1186 1865 Horum
1251 1803 1514 1867 audacia
1556 1803 1988 1884 reprimenda,
2033 1819 2113 1867 ue
2158 1801 2308 1864 dum
2353 1817 2419 1865 se
2491 1803 2719 1879 impro-

182 1882 293 1943 vide
331 1882 630 1959 periculis
675 1892 1024 1960 exponunt,
1067 1883 1299 1945 misere
1347 1883 1802 1962 prolabantur:
1851 1883 2087 1947 Vanam
2125 1889 2221 1944 est
2253 1880 2425 1946 vobis
2456 1897 2718 1960 surgere

182 1970 295 2025 ante
330 1962 562 2030 lucem:
609 1965 853 2042 surgite
885 1971 1214 2043 postquam
1254 1964 1563 2027 sederitis.
2321 2024 2327 2029 .

300 2042 348 2102 2.
387 2042 700 2104 Homines
743 2058 968 2105 recens
1010 2046 1302 2107 conversi
1350 2062 1518 2123 saepe
1557 2055 1683 2108 tam
1733 2043 2060 2105 ferventes
2107 2049 2258 2104 sunt
2303 2042 2718 2115 inor-atione,

187 2130 283 2183 tam
317 2123 474 2184 avidi
528 2140 796 2201 operum
841 2125 1242 2201 poenitentiae
1286 2126 1660 2204 corporalis,
1695 2133 1764 2187 ut
1795 2123 2149 2186 eorundem
2183 2120 2719 2200 concupiscentiae

191 2204 393 2280 penitus
432 2207 747 2266 extinctae
791 2213 855 2266 et
897 2205 1050 2267 vitia
1095 2221 1316 2268 eorum
1382 2206 1689 2268 radicitus
1745 2220 1966 2266 eversa
2013 2204 2375 2266 videantur.
2423 2202 2716 2264 Attamen

187 2296 316 2357 cave,
357 2296 431 2347 ne
474 2285 754 2346 nimium
804 2283 931 2346 illis
977 2284 1176 2361 fidas3
1220 2288 1457 2348 etenim
1493 2287 1629 2348 liaec
1673 2284 1970 2348 alacritas
2014 2282 2184 2346 aliud
2221 2299 2346 2345 non
2381 2291 2500 2356 est,
2532 2296 2719 2361 quam

187 2363 393 2426 effectus
434 2382 657 2428 suavis
702 2374 766 2428 et
809 2366 1135 2428 sensibilis
1176 2369 1421 2445 gratiae,
1464 2383 1582 2445 qua
1632 2366 1804 2427 Deus
1851 2381 2047 2427 novos
2090 2362 2370 2425 advenas
2426 2377 2720 2425 recreare

188 2444 339 2505 solet:
388 2453 450 2506 at
492 2443 704 2507 solida
767 2447 968 2508 virtus
1013 2442 1281 2509 nonnisi
1318 2447 1517 2509 multo
1561 2446 1871 2507 exercitio
1915 2445 2290 2523 acquiritur,
2322 2445 2716 2510 insistentia,

186 2523 491 2588 hnmilitate
557 2532 626 2586 et
668 2526 971 2588 diuturna
1019 2543 1249 2606 pugna.
1299 2526 1443 2590 ldeo
1501 2526 1716 2588 videat
1758 2525 2040 2587 director
2086 2540 2164 2594 ne
2211 2523 2303 2586 illi
2354 2526 2549 2585 nimis
2596 2522 2718 2582 sibi

187 2601 439 2682 placeant,
503 2615 575 2667 et
619 2609 856 2669 iterum
903 2606 1238 2670 decidant:
1286 2623 1366 2669 ne
1438 2606 1626 2670 facile
1692 2607 1845 2684 ipsis
1906 2606 2231 2683 permittat
2300 2613 2603 2666 externas
2646 2617 2721 2662 ac

184 2699 362 2761 graves
402 2687 960 2763 mortificationes,
1006 2704 1150 2749 nam
1197 2686 1431 2751 asellus
1494 2704 1635 2749 cum
1712 2688 1979 2749 lassatus
2049 2685 2265 2758 luerit,
2341 2680 2719 2745 diverticula

184 2766 392 2842 quaerit:
436 2768 543 2829 liic
594 2769 789 2827 etiam
838 2768 1126 2829 habenda
1159 2779 1256 2831 est
1299 2770 1461 2830 ratio
1492 2766 1905 2840 valetudinis,
1934 2766 2348 2839 conditionis,
2397 2774 2557 2826 etc.:
2592 2779 2717 2825 non

185 2844 313 2906 enim
354 2845 475 2910 lert
517 2851 738 2908 omnis
781 2849 994 2909 omnia
1043 2847 1250 2910 tellus.
1297 2848 1511 2910 Potius
1579 2850 1641 2909 in
1691 2847 2186 2913 mortificatione
2249 2847 2504 2907 interna
2550 2859 2726 2906 exer·

185 2935 416 3000 ceantur,
460 2928 526 2988 in
582 2928 916 3004 patientia,
961 2929 1473 3003 mansuetudine,
1516 2927 1969 2990 conformitate
2001 2926 2081 2991 ad
2124 2926 2520 2987 voluntatem
2566 2924 2727 2986 divi·

186 3019 314 3079 nam,
351 3015 462 3068 etc.
479 3024 497 3080 3
549 3009 621 3067 in
671 3007 770 3069 his
814 3009 987 3069 enim
1034 3008 1246 3071 nullus
1290 3024 1588 3071 excessus
1635 3007 1977 3070 timendus.

301 3086 348 3148 3.
389 3084 552 3149 Sunt
594 3088 788 3148 etiam
832 3090 1018 3165 qui'a
1066 3089 1458 3167 perfectione
1494 3089 1822 3151 abstinent
1865 3089 2008 3166 quia
2046 3089 2296 3161 timent,
2326 3100 2408 3147 ne
2442 3084 2721 3147 mundus

185 3178 263 3224 eos
297 3168 790 3244 superstitioniS‚
836 3169 1189 3246 hypocrisis
1249 3167 1349 3231 vel
1419 3169 1698 3247 pietismi
1764 3167 2111 3241 insimulet,
2156 3167 2256 3227 vel
2322 3181 2403 3227 ne
2457 3164 2600 3226 ideo
2647 3162 2749 3246 ad,

185 3240 337 3308 Deum
370 3263 435 3309 se
479 3250 884 3311 convertisse
917 3248 1276 3325 videantur,
1320 3252 1465 3330 quia
1512 3265 1545 3312 a
1576 3247 1818 3310 mundo
1857 3246 2174 3326 repulsam
2215 3246 2497 3309 tulerint.
2545 3245 2727 3305 Hisce

185 3322 451 3389 debilibus
494 3327 886 3404 inculcetur,
974 3345 1116 3391 uam
1163 3346 1321 3398 vana
1368 3333 1497 3392 sint
1536 3329 1773 3408 judicia
1819 3338 1884 3390 et
1958 3327 2148 3390 verba
2214 3327 2568 3397 hominum,
2618 3327 2721 3404 qui

184 3406 578 3487 quodcumque
629 3409 888 3471 tandem
961 3411 1182 3484 eceris,
1226 3427 1478 3490 semper
1522 3418 1839 3488 carpuut3
1882 3424 2069 3489 quam
2113 3410 2195 3470 sit
2239 3408 2439 3469 satius
2487 3407 2615 3466 Deo
2667 3413 2730 3466 et

186 3486 355 3560 probis
394 3488 655 3566 placere
702 3504 888 3566 quam
935 3490 1280 3569 improbis;
1325 3507 1513 3570 quam
1558 3492 1641 3552 sit
1688 3489 2080 3552 horrendum
2126 3503 2269 3551 cum
2317 3488 2434 3548 boc
2479 3485 2723 3547 mundo

185 3563 446 3643 damnari,
492 3578 559 3632 et
607 3568 955 3647 aliquando
1003 3575 1064 3632 in
1108 3571 1350 3649 ,iudicio
1397 3571 1800 3634 exclamare:
1856 3569 1980 3632 Nos
2047 3569 2354 3631 insensati
2423 3565 2732 3629 vitamu-

186 3641 341 3709 lorum
377 3646 852 3711 oestimabamus
892 3652 1212 3714 insaniam
1235 3672 1261 3723 ,·
1304 3669 1436 3714 ecce
1480 3654 1769 3730 quomodo
1803 3651 2148 3729 computati
2187 3658 2337 3711 suat
2366 3650 2533 3710 inter
2571 3646 2732 3724 filios

185 3722 283 3803 Dei,
317 3733 370 3790 et
410 3731 583 3792 inter
629 3728 896 3792 Sanctrw
937 3747 1072 3792 sors
1099 3732 1374 3794 illorum
1409 3736 1547 3794 est!
1592 3729 1764 3809 (Sap.
1810 3732 1897 3808 V.)

305 3809 354 3871 4.
396 3808 560 3872 Sunt
610 3809 874 3872 tandem
918 3813 1024 3891 qui
1072 3816 1360 3890 quamvis
1403 3828 1481 3874 se
1515 3812 1803 3892 quotidie
1841 3810 1917 3872 ad
1964 3809 2191 3872 altiora
2239 3814 2532 3886 urgeant,
2575 3820 2729 3894 sem3

187 3899 268 3974 per
296 3899 537 3966 pavent,
584 3906 668 3951 eo
714 3890 883 3969 quod
928 3891 1173 3954 nullum
1204 3892 1324 3953 sibi
1364 3909 1769 3971 progressum
1817 3891 2048 3964 lacere,
2078 3888 2188 3951 sed
2229 3883 2729 3974 potius-regredi

189 3965 492 4033 videantur.
538 3970 635 4031 Ad
690 3969 833 4032 illos
866 3972 1208 4050 erigendos
1241 3972 1398 4036 illud
1439 3974 1801 4035 inculcetur
1837 3970 1897 4031 d.
1931 3968 2273 4032 Bernardi:
2317 3966 2551 4028 Divina
2581 3964 2736 4026 solet

189 4045 343 4135 pletas
380 4052 711 4125 ordinare,
758 4059 833 4113 ut
874 4059 1105 4131 quanto
1141 4053 1280 4132 qais
1323 4053 1464 4132 plus
1506 4054 1868 4133 profecerit,
1910 4053 2115 4112 vitinus
2147 4066 2210 4110 se
2252 4053 2495 4126 reputet
2536 4043 2732 4136 prose-

191 4142 325 4211 rme.
362 4130 532 4203 Quod
583 4132 640 4192 si
695 4136 1016 4209 poenitens
1063 4133 1429 4195 inordinate
1474 4134 1800 4208 tristetur,
1837 4132 2118 4193 director
2167 4130 2362 4191 instet
2406 4136 2474 4189 ut
2518 4134 2735 4217 statim

194 4202 333 4295 illum
371 4210 650 4285 liberet;
699 4227 847 4274 uam
891 4213 1210 4291 spirituali
1263 4214 1575 4291 profectui
1623 4214 1715 4277 nil
1764 4214 1964 4288 magis
2008 4211 2234 4271 obstat.
2278 4207 2507 4285 Utique
2545 4222 2735 4297 inise-

199 4300 315 4350 riam
351 4308 523 4354 suam
571 4301 642 4353 et
689 4291 978 4355 delectus
1034 4294 1440 4373 quotidianos
1484 4296 1736 4355 sincere
1780 4299 2101 4368 agnoscat,
2131 4287 2322 4351 simul
2369 4303 2521 4349 vero
2570 4289 2731 4347 invi·

198 4372 320 4431 ctam
355 4387 499 4452 erga
549 4371 756 4433 Deum
802 4373 1096 4437 fiduciam
1135 4375 1473 4452 concipiat,
1501 4376 1733 4449 sciens,
1769 4372 1935 4451 quod
1968 4370 2181 4432 om‘nia
2214 4367 2544 4450 possibilia
2591 4374 2739 4429 sunt

202 4449 553 4530 eredenti‚·et
584 4454 702 4531 qui
748 4463 979 4532 sperat,
1023 4470 1149 4517 non
1198 4454 1628 4518 confundetur
1675 4454 1737 4513 in
1787 4459 2119 4512 aeternum.
