3292 5167
948 321 1028 367 οε
1073 322 1251 368 virus
1300 320 1606 368 niimciom
1655 317 1962 369 oeeosrris
2674 304 2762 370 99

225 423 343 491 ilinc
383 420 446 489 in
490 424 812 494 Levitico:
893 428 1014 508 Qui
1059 427 1572 515 blasphemaverit
1629 431 1874 495 Nomen
1920 427 2194 509 Domini,
2255 440 2452 495 morte
2522 428 2760 495 moria-

217 526 358 596 tier&
397 528 572 596 Nihil
615 531 984 600 horribilius
1054 533 1458 620 blasphemio,
1507 534 1724 620 inquit
1770 552 1822 602 S.
1888 535 2349 618 HieronymuS,
2399 553 2537 619 qaoe
2583 535 2763 621 ponit

216 635 264 701 in
297 635 589 703 excelsum
636 657 707 705 os
741 658 926 705 suum
958 637 1009 706 ².
1058 642 1203 724 lpsa
1253 641 1421 709 ratio
1480 641 1737 723 clamat,
1788 639 2258 709 contumeliam
2307 640 2668 725 quamlibet
2696 640 2762 709 in

212 743 376 809 Deum
421 761 567 811 esse
617 752 960 831 peccatum
1012 764 1094 814 ex
1142 764 1384 831 genere
1431 765 1555 816 suo
1605 749 1904 816 mortale.
1952 750 2179 833 Neque
2213 746 2413 829 dicaS‚
2453 747 2765 834 blaspbe-

214 848 367 917 miam
410 850 473 918 in
523 853 809 921 Sanctos
862 871 992 921 non
1038 855 1335 940 irrogare
1376 854 1688 942 inJ'uriam
1735 858 1910 923 Deo:
1961 852 2321 940 respondet
2365 854 2761 939 Angelicu83

215 956 346 1023 Sicut
387 960 547 1025 Deus
593 959 662 1026 in
692 960 940 1028 Sanctis
979 962 1109 1027 suis
1158 961 1473 1045 laudatur,
1522 963 1594 1028 in
1636 975 1941 1048 quantum
1990 961 2331 1027 laudantur
2374 979 2580 1047 opera,
2628 980 2765 1045 quae

205 1066 333 1131 Deus
372 1064 435 1130 in
477 1067 724 1133 Sanctis
769 1068 953 1156 efficit
972 1093 997 1147 ;
1067 1069 1159 1136 ita
1206 1080 1264 1135 et
1310 1070 1690 1155 blasphemia
1736 1088 1874 1154 quae
1922 1070 1990 1155 fit
2037 1070 2105 1134 in
2151 1070 2425 1149 SanctOS,
2497 1088 2580 1135 eoe
2624 1088 2766 1135 con-

209 1172 439 1255 sequenti
480 1173 550 1239 in
596 1177 801 1241 Deum
851 1176 1159 1242 redundat
1192 1172 1243 1244 ³.
1292 1176 1580 1246 venialis
1632 1161 1852 1244 tam'en
1902 1193 2049 1245 esse
2098 1182 2321 1260 potest
2369 1174 2763 1263 quandoque

207 1276 595 1365 blasphemia,
663 1300 794 1350 non
867 1282 1137 1368 quidem
1201 1302 1282 1352 ex
1353 1302 1594 1369 genere
1666 1302 1811 1366 suo,
1882 1282 2001 1352 sed
2070 1301 2150 1351 ex
2219 1282 2478 1350 defectu
2549 1283 2766 1367 requi-

203 1384 320 1452 sitae
354 1385 775 1457 advertentiae
827 1396 893 1457 et
941 1388 1442 1460 deliberationis
1491 1390 1573 1458 ad
1620 1391 1935 1458 mortale:
1984 1389 2080 1459 sic
2144 1390 2255 1475 qui
2308 1390 2420 1471 ira,
2495 1389 2592 1457 vel
2641 1390 2763 1457 alia

203 1491 366 1559 animi
417 1496 732 1580 passione
802 1492 1118 1583 abreptus
1191 1498 1571 1584 prorumpit
1645 1497 1711 1566 in
1784 1498 1981 1566 verba
2028 1496 2457 1582 blasphemiae
2531 1514 2763 1565 eorum

197 1617 418 1684 gravem
465 1602 1019 1688 significationem
1081 1604 1351 1674 minime
1398 1605 1766 1687 advertenS,
1800 1605 1944 1674 jste
2007 1606 2305 1691 profecto
2355 1623 2485 1672 non
2537 1612 2763 1691 peccat

198 1708 296 1775 nisi
339 1709 691 1777 venialiter.

266 1814 448 1883 136.
498 1818 621 1898 Qui
695 1818 1248 1889 consuetudinem
1318 1819 1821 1908 blasphemandi
1901 1821 2183 1903 habent,
2257 1826 2567 1888 tenentur
2634 1819 2758 1889 sub

202 1924 345 2008 gravi
391 1942 664 2010 operam
712 1925 870 1995 dare
939 1924 1020 1994 ad
1089 1926 1269 1996 illam
1337 1928 1814 2014 extirpandam,
1867 1927 2160 2014 alioquin
2238 1927 2434 1994 toties
2487 1933 2761 2012 peccant

201 2032 426 2116 quoties
503 2032 925 2102 advertenter
990 2033 1059 2101 id
1137 2035 1499 2126 omittunt3
1570 2035 1725 2121 quia
1799 2041 1976 2103 esset
2046 2031 2543 2120 interpretative
2592 2032 2755 2102 velle

199 2154 548 2221 permanere
618 2139 687 2207 in
766 2139 1060 2227 periculo
1134 2141 1433 2226 proximo
1511 2140 1869 2225 peccandi,
1948 2159 2100 2209 cum
2179 2158 2416 2227 pravus
2492 2139 2758 2208 babitus

200 2245 586 2316 veliementer
633 2247 716 2316 ad
783 2265 942 2317 suos
1014 2255 1199 2317 actus
1249 2254 1600 2335 provocet:
1651 2248 1803 2316 hinc
1881 2247 2288 2333 negligentes
2353 2247 2473 2315 hac
2541 2245 2621 2314 de
2689 2264 2759 2315 re

199 2370 302 2421 non
342 2362 495 2422 sunt
541 2354 949 2425 absolvendi.
1836 2406 1849 2411 ‚
1960 2388 1963 2395 >

265 2461 322 2529 Si
367 2479 520 2530 vero
569 2462 729 2530 dent
777 2480 1067 2548 operam,
1117 2469 1183 2532 et
1223 2469 1441 2533 tamen
1475 2462 1719 2532 iterum
1769 2463 2073 2531 labantur
2134 2461 2486 2544 interdum,
2568 2469 2759 2548 pote-

199 2574 323 2633 runt
365 2585 398 2633 a
445 2569 706 2636 mortali
743 2568 1064 2653 excusari,
1114 2588 1194 2639 eo
1229 2570 1410 2656 quod
1444 2578 1601 2637 tunc
1639 2569 2069 2655 blasphemiae
2111 2568 2256 2637 istae
2299 2569 2550 2655 impetu
2595 2586 2761 2654 quo-

199 2671 321 2741 dam
383 2676 662 2743 naturali
713 2675 1054 2762 productae
1105 2666 1256 2745 non⁸
1296 2676 1429 2745 sint
1476 2676 1768 2763 perfecte
1838 2675 2224 2743 voluntariae
2278 2694 2491 2761 neque
2566 2676 2632 2744 in
2685 2695 2756 2745 se

199 2799 382 2867 neque
448 2785 518 2851 in
568 2801 788 2867 causa,
837 2791 1072 2870 utpote
1142 2791 1515 2854 retractatae
1590 2784 1938 2870 proposito
1988 2783 2101 2852 illo
2151 2785 2417 2852 efficaci.
2491 2787 2571 2852 At
2624 2803 2755 2853 non

199 2892 657 2959 excusabuntur
705 2908 740 2958 a
789 2892 1057 2974 veniali3
1107 2891 1258 2977 quia
1307 2891 1539 2960 adesse
1599 2907 1866 2978 semper
1914 2892 1977 2959 in
2028 2891 2528 2977 blasphemante
2598 2910 2757 2960 cen-

200 3004 350 3064 setur
391 2995 797 3066 advertentia
844 2998 1061 3084 aliqua
1108 2997 1345 3067 saltem
1394 2997 1667 3067 confusa
1717 2996 1799 3065 de
1850 2996 2092 3064 malitia
2157 2999 2532 3080 verborum,
2600 3015 2749 3084 quae

203 3103 439 3187 profert:
513 3122 732 3191 neque
793 3104 887 3172 ira
942 3105 1030 3172 ita
1082 3103 1413 3196 ordinarie
1468 3103 1880 3172 intellectum
1945 3105 2372 3186 obtenebrat,
2438 3112 2511 3172 ut
2580 3104 2757 3174 nulla

204 3212 434 3279 omnino
469 3219 808 3280 remaneat
855 3210 1257 3281 advertentia
1306 3210 1387 3279 ad
1433 3210 1866 3297 blasphemiae
1916 3211 2234 3280 malitiam
2284 3213 2419 3296 (U).

262 3370 428 3432 13⁷.
469 3371 538 3446 Q.
581 3372 639 3435 8.
686 3372 979 3448 Quoenam
1019 3381 1172 3436 sunt
1210 3390 1398 3452 poenoe
1438 3379 1662 3434 contra
1706 3369 2140 3453 blasphemos?

263 3450 320 3513 R.
362 3451 427 3514 ln
471 3454 881 3533 blasphemos
926 3453 1418 3516 animadvertit:
1571 3500 1584 3510 .

332 3533 379 3593 1.
417 3533 529 3597 Jus
573 3537 951 3597 canonicum
997 3537 1386 3606 universum,
1451 3531 1621 3611 quod
1686 3531 1947 3611 quidem
1997 3532 2292 3611 praecipit
2354 3531 2744 3596 denuntian-

203 3608 309 3687 dos,
346 3628 413 3674 ac
453 3623 678 3677 contra
712 3618 881 3693 ipsos
913 3614 1387 3694 procedendum
1417 3629 1556 3676 esse
1585 3610 1632 3672 ⁴.
1666 3611 1794 3685 Qua
1832 3614 1895 3673 in
1938 3629 2007 3675 re
2043 3614 2179 3674 haec
2212 3622 2505 3676 notamus
2547 3611 2755 3691 quoad

203 3692 484 3771 simplices
527 3694 935 3774 blasphemos
965 3694 1016 3770 ⁵,
1065 3695 1229 3775 quod
1276 3694 1430 3756 olim
1474 3692 1616 3755 duae
1647 3701 1836 3754 erant
1865 3693 2291 3772 obligationes
2336 3711 2414 3756 ex
2460 3693 2746 3755 Concilio

203 3768 616 3838 lateranensi:
664 3791 788 3839 una
832 3792 942 3838 eos
988 3775 1385 3854 increpandi,
1428 3782 1491 3836 et
1536 3775 1669 3835 baec
1714 3774 1871 3835 abiit
1915 3774 1981 3834 in
2029 3773 2544 3844 desuetudinem,
2579 3776 2750 3851 ejus-

204 3865 300 3929 que
337 3856 396 3915 in
437 3854 648 3918 locum
692 3856 996 3918 successit
1038 3855 1344 3935 obligatio
1388 3854 1829 3926 correctionis,
1875 3855 1925 3915 si
1973 3852 2219 3917 fructus
2278 3862 2603 3934 speretur,
2653 3854 2748 3915 uti

206 3934 399 3995 docent
438 3933 746 4011 Sancbez‚
786 3935 1031 4010 Palam,
1066 3944 1185 3999 etc.
1230 3936 1443 3999 Altera
1489 3951 1597 3997 eos
1642 3934 2101 4009 denunciandi‚
2129 3945 2193 3997 et
2227 3935 2364 3996 haec
2405 3937 2601 3996 etiam
2636 3948 2751 4012 per

206 4013 652 4079 desuetudinem
698 4033 824 4079 non
872 4017 1126 4080 videtur
1170 4016 1443 4094 amplius
1487 4015 1800 4091 obligare,
1846 4022 1914 4076 ut
1957 4014 2116 4077 dicit
2144 4013 2323 4077 Viva.

260 4091 355 4166 Qui
397 4106 601 4160 tamen
647 4096 1111 4178 blasphemiam
1157 4098 1523 4160 liaereticam
1578 4094 1682 4157 vel
1707 4094 2138 4157 baereticalem
2183 4093 2542 4173 proterunt,
2579 4094 2752 4157 intra
2831 4178 2835 4184 .

255 4329 274 4368 ¹
301 4332 408 4385 Lev.
441 4345 586 4385 xxiv,
1585 4334 1611 4375 ²
1643 4334 1753 4385 Lib.
1787 4346 1880 4395 vii,
1916 4335 1969 4384 in
2004 4334 2088 4395 Is.‚
2126 4346 2172 4384 c.
2207 4335 2286 4384 ¹8.

258 4393 277 4432 ⁸
301 4397 342 4454 2,
370 4398 416 4455 2,
489 4434 502 4446 .
538 4398 618 4456 13,
655 4407 707 4448 a.
744 4399 791 4448 1.
822 4423 887 4435 —
928 4397 983 4447 V.
1020 4395 1263 4459 sarnam,
1302 4395 1468 4459 Opera
1501 4401 1681 4449 contro
1714 4399 1766 4447 la
1797 4397 2104 4447 bestemmia.

258 4453 279 4527 ⁴.
302 4456 368 4508 lta
394 4452 452 4510 Iu
496 4470 560 4511 us
591 4459 685 4518 111,
720 4460 903 4512 Const.
937 4460 1000 4509 In
1031 4460 1223 4511 multis.
1259 4484 1322 4496 —
1351 4461 1709 4510 Lateranense
1739 4459 2057 4511 Concilium.
2087 4484 2152 4496 —
2183 4457 2465 4530 Decretum
2488 4456 2541 4507 S.
2565 4456 2627 4507 R.
2652 4459 2758 4509 In·-

212 4519 353 4576 qmsit.
383 4520 429 4571 Si
467 4520 797 4584 blasphemia
831 4523 912 4573 est
945 4521 1280 4582 liaeretlcalis,
1322 4530 1502 4584 perse
1532 4522 1615 4572 est
1647 4524 1853 4573 tantum
1898 4519 2093 4582 judicis
2124 4519 2468 4592 ecclesiastici
2518 4530 2636 4570 eam
2671 4532 2756 4593 ⁰9·

211 4588 419 4636 gnoscere
448 4586 506 4634 ut
537 4583 770 4648 probant
801 4594 878 4656 ex·
917 4596 962 4634 c.
1000 4583 1240 4657 Quamvis
1268 4586 1476 4657 pactum
1509 4595 1546 4634 ii
1580 4584 1640 4634 de
1671 4585 1853 4643 pactis,
1891 4584 1943 4633 in
1977 4586 2025 4635 6.
2122 4595 2136 4633 i
2170 4593 2277 4633 non
2325 4582 2407 4633 est
2442 4582 2753 4633 baereticalis

211 4648 633 4759 “saerata
646 4649 736 4781 st,
751 4645 1763 4781 pilsslttr,0.³.l„1¹3ll’t‘¹p‘gff'ap‘t‘0t'1‘ii’l'3331
1778 4644 2274 4760 {abraamis
2304 4704 2673 4767 mre...
2706 4705 2754 4757 ,ί

212 4773 363 4833 [tempe
440 4773 577 4825 recte
613 4770 739 4823 fidei
774 4771 1007 4823 articulis
1040 4782 1151 4823 non
1183 4773 1501 4836 opponatur.
2108 4817 2133 4863 ἲ
