3292 5167
503 165 633 233 482
741 160 746 163 ’
1207 186 1323 231 tin.
1372 184 1444 231 n.
1485 186 1698 232 τιυιοτ.
1747 183 1855 231 vu.
1902 185 2061 233 nter.
2106 187 2172 233 ιι»
2220 187 2351 235 ur.
2400 188 2439 232 1.

503 289 657 351 Item
702 302 782 350 ex
820 286 974 351 Iure
1016 285 1191 348 civili
1219 287 1240 329 ¹
1270 304 1289 361 ;
1335 321 1411 332 —
1453 287 1520 368 4)
1557 304 1635 351 ex
1672 287 2026 351 universali
2064 289 2357 367 gentium
2397 303 2744 362 consensu,
2780 287 3109 368 siquidem

501 384 700 449 penes
744 384 964 430 omnes
1008 366 1275 448 populos
1320 384 1562 445 majora
1601 369 1874 431 crimina
1922 382 2107 448 poena
2153 371 2380 432 mortis
2420 368 2719 433 mulctari
2750 385 3105 432 consueve-

501 459 654 513 runt
695 463 768 510 ac
812 457 1281 524 consuescunt3
1323 478 1402 494 -·
1442 448 1509 527 ὅ)
1554 466 1632 513 ex
1677 450 1972 522 ratione;
2018 462 2164 511 nam
2213 460 2358 527 pars
2410 451 2601 511 noxia
2649 451 2762 512 toti
2828 458 3110 512 commu-

499 530 684 592 nitati
734 529 910 590 licite
954 527 1242 591 abscindi
1291 536 1500 607 potest
1545 529 1623 591 ob
1671 530 2230 592 conservationem
2279 531 2520 606 totius,
2564 546 2760 609 quum
2832 546 2979 610 pars
3022 531 3110 593 sit

499 618 762 690 propter
810 616 1040 683 totum3
1084 608 1195 671 sed
1240 608 1517 689 quilibet
1562 611 1752 671 homo
1787 619 1885 671 est
1956 625 2063 672 ars
2098 612 2620 675 communitatis:
2654 624 2809 690 ergo
2842 614 2893 674 si
2938 625 3111 672 com-

500 692 802 753 munitati
836 692 921 752 sit
966 691 1217 765 noxiuS,
1262 692 1501 769 poterit
1543 690 1720 755 licite
1765 693 1896 752 occi
1952 692 1991 766 i,
2038 698 2105 754 ut
2153 690 2389 753 bonum
2450 707 2790 754 commune
2850 706 3113 754 conser-

499 776 703 834 vetur.
750 768 966 833 Adde:
1013 768 1176 832 nihil
1225 772 1427 846 magis
1475 770 1872 832 facinorosos
1916 771 2156 833 avertit
2200 787 2231 833 a
2279 771 2685 848 criminibus,
2730 787 2926 851 quam
2974 787 3104 835 me·

499 859 599 915 tus
663 852 915 913 mortis.
961 866 1114 930 ergo
1157 850 1210 912 si
1256 850 1605 913 efficaciter
1647 851 1921 914 societas
1964 850 2104 915 vult
2145 866 2260 914 suo
2306 851 2473 914 bono
2528 850 2871 930 providere
2901 900 2916 927 ,
2986 853 3109 914 hoc

500 931 792 995 remedio
836 933 926 994 uti
975 931 1183 993 debet.

576 1012 747 1085 Quod
798 1024 1009 1074 autem
1054 1010 1305 1073 scelesti
1353 1025 1447 1071 ma
1503 1013 1552 1072 is
1598 1020 2024 1087 terrerentur,
2067 1014 2120 1073 si
2170 1015 2415 1075 scirent
2491 1028 2561 1074 se
2629 1022 2941 1094 perpetuo
3005 1010 3109 1075 da·

502 1091 820 1155 mnandos
870 1091 944 1155 ad
992 1092 1356 1166 durissima,
1399 1090 1458 1153 fa
1493 1108 1631 1155 sum
1678 1100 1805 1154 est:
1849 1088 1906 1154 ΙΙ
1947 1088 2111 1173 fatto
2151 1094 2343 1172 parta
2399 1093 2510 1172 qui
2550 1110 2665 1155 con
2696 1099 2921 1174 troppo
2983 1093 3108 1155 eoi-

498 1175 719 1249 dmzn,
759 1172 1013 1253 qiacche
1057 1170 1283 1252 quanti
1321 1187 1468 1233 sono
1512 1175 1534 1233 i
1578 1173 1966 1236 condemnati
2015 1190 2055 1235 a
2100 1182 2317 1248 morte,
2360 1174 2470 1235 clte
2511 1172 2809 1237 chiedono
2847 1190 2963 1254 per
3003 1171 3104 1252 sa-

499 1270 640 1317 vore
682 1254 746 1316 la
776 1255 1264 1318 commutazione
1305 1253 1403 1313 coi
1446 1253 1651 1315 lavort’
1710 1251 2005 1333 forzoti?
2046 1253 2106 1316 E
2152 1254 2216 1317 la
2272 1255 2535 1333 reqione
2593 1257 2625 1316 e
2691 1255 2919 1319 chiara
2997 1252 3109 1331 (ad

502 1351 638 1399 rem
682 1334 758 1397 cl.
800 1332 1186 1413 Taparelli):
1230 1331 1334 1394 chi
1377 1334 1510 1395 vioe
1552 1338 1675 1411 pud
1718 1351 1976 1414 sperare
2018 1336 2251 1415 grazia
2308 1351 2424 1414 per
2489 1332 2661 1397 mille
2717 1336 2917 1418 quise,
2982 1338 3109 1414 pud

500 1430 723 1494 sperar
762 1413 939 1494 fuya,
981 1418 1101 1494 pao
1143 1426 1368 1493 sperat·
1412 1415 1822 1491 rivoluzione,
1864 1419 1987 1496 pud
2030 1432 2257 1495 sperar
2298 1415 2710 1497 mitiqazione
2773 1433 2807 1480 e
2867 1414 3110 1496 quada-

499 1496 628 1576 μυί.
659 1495 853 1574 Eppoi
893 1494 1002 1557 che
1043 1506 1186 1556 cosa
1220 1496 1250 1555 e
1290 1509 1402 1571 per
1446 1493 1510 1555 la
1555 1497 1836 1575 maqqior
1876 1502 2062 1576 parte
2103 1498 2204 1560 det·
2244 1497 2510 1577 qateocci
2539 1498 2603 1559 la
2655 1497 2788 1561 loro
2830 1497 3110 1578 potera?

503 1576 772 1659 sospinti
806 1593 921 1656 per
952 1575 1008 1638 lo
1030 1576 1146 1654 piit
1186 1574 1379 1638 dalla,
1410 1574 1539 1636 loro
1586 1579 1846 1639 miseria
1887 1576 1955 1639 a!
1995 1576 2239 1653 delicto,
2277 1585 2548 1657 portario
2580 1578 2715 1641 alla
2743 1592 2905 1657 pena
2934 1591 3109 1638 nome

499 1657 608 1800 qil}
652 1656 885 1736 infame
902 1673 1038 1780 ²per
1077 1656 1514 1737 sceleraqqini,
1552 1659 1731 1734 mamss
1767 1658 1877 1739 yid
1921 1658 2214 1721 incallite
2264 1658 2332 1722 ol
2378 1658 2591 1721 lavoro
2619 1677 2651 1721 e
2682 1659 2817 1721 vita
2848 1659 2960 1739 yid
2990 1672 3109 1719 usa

503 1755 541 1800 α
612 1737 874 1800 istenti
940 1784 955 1800 .

543 1755 896 1881 ⁹Dix1mus:
935 1813 1231 1896 pubblico
1274 1816 1661 1878 auctoritate
1683 1836 1711 1886 ,·
1754 1818 1845 1879 ait
1887 1818 2058 1880 enim
2107 1815 2338 1879 Ductor
2384 1818 2774 1898 Angelicust
2816 1815 3108 1882 Occidere

505 1898 974 1989 malefactorem
1018 1898 1263 1959 licitum
1305 1902 1400 1957 est
1441 1897 1508 1959 in
1552 1906 1869 1976 quantum
1911 1900 2255 1963 ordinatur
2297 1900 2379 1962 ad
2420 1900 2687 1962 salutem
2720 1902 2917 1963 totius
2946 1914 3104 1958 com·

504 1980 848 2047 munttatis
871 2000 896 2051 ;
941 1985 1005 2040 et
1043 1976 1175 2039 ideo
1217 1976 1299 2038 ad
1342 1977 1535 2041 illum
1578 1979 1775 2040 solum
1816 1981 2113 2058 pertinet,
2154 1981 2261 2043 cui
2302 1980 2717 2043 committitur
2745 1996 2905 2042 cura
2950 1993 3107 2039 com·

507 2061 845 2121 rnureitatc‘s
889 2058 1320 2121 conservandce
1345 2058 1391 2117 8.
1439 2057 1712 2121 Nomine
1755 2068 1969 2122 autem
1998 2058 2269 2141 publicae
2311 2061 2741 2136 auctoritatae,
2775 2074 2902 2122 non
2979 2074 3105 2121 nae-

509 2156 760 2220 cunque
830 2138 1253 2216 intelligitur;
1298 2138 1407 2200 sed
1459 2155 1601 2218 quae
1647 2139 1939 2203 societati
1973 2141 2250 2220 politicae
2283 2139 2638 2220 completa),
2669 2139 2832 2203 nulli
2882 2157 2955 2202 sn
3007 2155 3105 2201 or·

508 2220 749 2283 dinatae
796 2228 1050 2299 praeest,
1100 2227 1168 2280 ut
1214 2234 1324 2279 rex
1357 2221 1421 2281 in
1469 2235 1672 2297 regno
1698 2238 1717 2295 3
1764 2236 1909 2283 nam
1944 2238 2313 2301 supremum
2343 2222 2448 2299 J'us
2483 2223 2744 2284 nonnisi
2789 2234 3107 2299 supremas

510 2302 879 2364 auctoritati
928 2299 1250 2362 convenit.
1297 2299 1458 2361 Hinc
1501 2302 1608 2378 qui
1657 2309 1941 2378 praesunt
2007 2304 2153 2365 aliis
2197 2301 2764 2365 communitatibus
2812 2310 2933 2363 etsi
2989 2317 3103 2364 nu-

511 2382 805 2456 merosiS,
850 2380 970 2443 sibi
1029 2379 1350 2459 subjectos
1394 2382 1723 2458 corrigere
1786 2392 2052 2460 possunt
2096 2383 2302 2463 poenis
2345 2382 2697 2444 ordinariis
2758 2394 3108 2461 praeserva·

512 2465 694 2535 tivis;
738 2477 866 2522 non
915 2469 1125 2524 tamen
1176 2476 1333 2538 pure
1397 2460 1812 2524 vindicativis
1870 2473 2060 2542 atque
2103 2462 2703 2526 exterminantibus.
2748 2496 2828 2507 —-
2895 2460 3104 2533 Quan-

511 2559 698 2623 quam
746 2544 877 2620 ipsa
951 2557 1246 2620 suprema
1313 2542 1663 2603 auctoritas
1745 2542 2041 2606 ordinem
2078 2544 2236 2623 justi
2278 2543 2506 2621 iudicii
2558 2560 2818 2606 servare
2884 2541 3105 2613 debet:

512 2640 652 2687 cnm
700 2632 926 2700 agatur
969 2623 1049 2684 de
1117 2638 1188 2683 re
1230 2623 1606 2700 gravissima
1657 2623 1773 2702 ipsi
1835 2640 1869 2686 a
1924 2624 2053 2687 Deo
2098 2626 2562 2687 communicata
2621 2629 2701 2686 ob
2756 2621 2963 2686 solam
3005 2634 3107 2684 ne-

511 2707 896 2767 cessitatem.
943 2702 1104 2763 Hinc
1139 2717 1267 2764 non
1315 2710 1522 2779 potest
1552 2701 1656 2764 lex
1691 2701 2059 2767 facultatem
2104 2704 2391 2767 tribuere
2436 2703 2688 2780 marito,
2730 2713 2800 2766 nt
2838 2714 3105 2765 uxorem

511 2785 573 2845 in
621 2782 942 2847 adulterio
977 2781 1441 2860 deprehensam
1499 2783 1788 2858 occidat;
1838 2792 1969 2847 tum
2026 2786 2172 2864 quia
2233 2798 2311 2846 ex
2343 2783 2509 2862 juris
2547 2780 2803 2865 regula:
2848 2798 2973 2846 non
3014 2788 3106 2844 est

504 2865 776 2947 sinyutis
821 2862 1290 2936 concedendum,
1336 2863 1498 2942 quod
1534 2879 1650 2942 per
1689 2865 2139 2944 maqistratum
2208 2862 2458 2944 publice
2518 2870 2722 2942 potest
2762 2862 3100 2943 impediri,-

508 2955 639 3009 tum
685 2947 829 3023 quia
877 2945 998 3006 nisi
1037 2953 1262 3022 urgeat
1305 2945 1520 3021 gravis
1551 2949 1917 3021 necessitas,
1952 2958 2141 3007 nemo
2173 2955 2271 3008 est
2309 2944 2638 3009 inauditus
2674 2943 3100 3018 damnandus,

505 3035 615 3090 aut
656 3025 1069 3104 impoenitens
1112 3023 1522 3101 occidendus.
1567 3024 1750 3088 Unde
1795 3024 2096 3089 damnata
2142 3035 2241 3089 est
2281 3024 2360 3089 ab
2404 3025 2768 3089 Alexandro
2813 3024 2923 3088 Vll
2970 3023 3104 3086 haec

507 3107 623 3171 sub
668 3122 730 3168 n.
776 3104 852 3168 19
896 3105 1282 3184 propositio:
1327 3101 1464 3168 Non
1501 3112 1729 3184 peccat
1766 3108 2048 3169 maritus
2092 3106 2374 3170 occidens
2412 3109 2678 3186 propria
2716 3105 3102 3169 auctoritate

505 3203 765 3250 umorem
805 3188 873 3249 in
915 3186 1228 3248 adulterio
1270 3185 1728 3265 deprehensam.
1772 3185 1906 3249 Non
1954 3197 2168 3250 tamen
2216 3185 2582 3266 negandum
2631 3189 2799 3249 hanc
2830 3186 3097 3248 occisiov

508 3282 652 3329 nem
699 3265 1031 3329 remissius
1076 3267 1327 3345 puniri;
1371 3269 1516 3345 quia
1566 3268 1703 3329 haec
1749 3266 2103 3348 plerunque
2160 3280 2460 3331 censetur
2504 3267 2823 3331 committi
2870 3266 2952 3328 ob
2995 3278 3098 3328 ve-

511 3348 874 3411 hementem
919 3348 1031 3408 irae
1079 3355 1316 3409 motum
1346 3395 1360 3419 ‚
1408 3363 1513 3425 qut
1563 3347 2000 3424 voluntarium
2047 3349 2284 3411 minuit
2326 3362 2398 3410 ac
2441 3365 2554 3412 suo
2602 3349 2806 3411 veluti
2863 3349 3103 3427 impetu

513 3428 833 3490 hominem
883 3426 1287 3506 aliquatenus
1330 3429 1533 3489 vincit
1576 3426 1723 3505 (H).

585 3508 799 3572 Nou:
846 3504 997 3580 Quae
1042 3505 1507 3586 disputavimus
1552 3508 1629 3569 de
1676 3507 2047 3582 homicidio,
2094 3523 2236 3572 cum
2286 3509 2699 3588 proportione
2734 3504 3106 3587 ,intelligen-

508 3588 585 3651 da
659 3598 809 3650 sunt
872 3588 951 3649 de
996 3587 1232 3665 injusta
1277 3587 1681 3650 mutilatione
1726 3602 1798 3649 ac
1843 3587 2320 3663 vulneratione,
2366 3588 2446 3652 de
2490 3604 2609 3670 qua
2657 3589 2852 3652 etiam
2904 3586 3106 3651 Codex

501 3668 773 3749 poenalis
818 3668 963 3747 (art.
989 3668 1107 3731 537
1156 3677 1219 3729 et
1265 3668 1487 3747 seqq.).
1523 3667 1612 3730 Ad
1644 3669 2061 3730 homicidium
2100 3672 2428 3748 pertinent
2459 3672 2655 3734 etta‘m
2691 3669 2942 3743 bellum,
2971 3668 3104 3730 sui·

505 3751 757 3825 cittium,
790 3747 1089 3824 duellum,
1131 3746 1396 3812 abortus
1439 3760 1630 3829 atque
1674 3749 2068 3830 oppressoris
2114 3748 2361 3813 occisio.

1461 3974 1494 4059 ἓ
1543 3976 1591 4042 Ι.
1638 4006 1730 4024 ——-
1774 3978 1863 4044 De
1911 3975 2064 4043 bello
2112 3973 2164 4043 ⁴.

594 4209 809 4279 vos,
861 4209 935 4288 Q.
986 4207 1046 4274 i.
1096 4205 1261 4287 Quid
1304 4218 1390 4273 est
1437 4207 1661 4273 bellum
1706 4217 1762 4273 et
1806 4224 1892 4272 om
1930 4206 2223 4274 ticam?

593 4316 662 4382 R.
709 4311 806 4379 Ad
860 4317 936 4380 t:
1007 4312 1265 4381 Bellum
1327 4311 1642 4380 definitur
1712 4313 2062 4399 congressio
2109 4313 2174 4381 oi
2212 4323 2269 4380 et
2313 4311 2514 4379 armis
2559 4312 2723 4380 inter
2757 4311 3103 4399 principes,

568 4471 678 4547 ἧι..
701 4484 767 4545 ,vn
801 4473 857 4524 be
889 4473 1025 4547 pffic.
1055 4486 1291 4537 procons.
1323 4499 1384 4511 -
1423 4474 1541 4526 Cod.
1569 4486 1736 4537 poen„
1776 4474 1814 4527 l.
1848 4474 1922 4534 2⁰,
1956 4473 1993 4524 t.
2018 4484 2071 4524 x.
2108 4499 2168 4509 -
2196 4471 2306 4525 Cio.
2343 4472 2536 4525 cotton·
2566 4484 2619 4531 rs,
2652 4481 2758 4522 ser.
2792 4471 2866 4530 3⁸,
2896 4471 2935 4522 t.
2970 4481 3039 4523 x:
3086 4472 3117 4521 Ι

504 4536 800 4670 Ψὲωεῗῇρῗρξ
828 4536 1241 4672 ἰἶᾏᾎῖῗιῖῗέοοοῖ
1276 4599 1301 4662 5
1333 4599 1445 4659 837,
1481 4609 1591 4651 ecc.
2222 4597 2248 4636 ο
2281 4600 2334 4668 a,
2366 4598 2414 4655 ε,
2449 4605 2502 4659 q.
2527 4594 2608 4655 et,
2647 4607 2700 4646 a.
2734 4594 2788 4645 3.
3074 4657 3084 4667 ,

564 4660 588 4702 ⁴
629 4660 685 4711 V.
723 4662 952 4723 Ligu0r1‚
988 4660 1078 4724 Op.
1113 4660 1271 4722 Mor„
1304 4659 1339 4710 l.
1381 4670 1456 4721 m,
1490 4671 1582 4711 nn.
1616 4660 1712 4713 tot
1744 4662 1800 4713 et
1830 4672 1979 4724 seqq.
2011 4658 2217 4711 Bellum
2252 4669 2330 4709 stc
2361 4658 2562 4709 dictum
2594 4659 2675 4711 est
2706 4655 2790 4708 vel
2824 4668 2920 4721 per
2966 4659 3109 4709 ant:-
