3292 5167
1198 270 1209 274 -
1249 257 1327 301 nn
1374 252 1727 302 :enumero
2693 232 2782 299 65

209 363 498 444 peccatum
546 373 726 421 nemo
774 354 1015 423 dubitat
1062 362 1113 421 ¹.
1162 358 1245 425 Et
1279 356 1709 426 Innocentius
1756 357 1843 424 XI
1890 355 2058 423 hanc
2105 352 2433 422 damnavit
2482 353 2787 441 proposi·

212 460 436 527 tionem
488 461 615 529 sub
665 480 729 530 n.
780 463 903 530 24:
958 467 1189 532 Vocare
1233 468 1430 533 Deum
1477 466 1545 531 in
1591 463 2155 532 testemmendacii
2202 463 2351 530 levis
2387 482 2516 529 non
2544 462 2788 530 videtur

215 580 365 635 tanta
408 569 821 638 strevis-remia
855 583 1117 660 propter
1159 592 1349 658 quam
1394 573 1539 639 velit
1562 577 1697 639 ‘aut
1739 571 1931 657 possit
1974 572 2280 638 damnare
2323 572 2651 638 hominem.

283 674 609 743 Diximus:
659 698 744 745 eoe
772 691 1192 747 natur-asna:
1242 686 1462 767 potest
1508 680 1687 747 enim
1722 678 2086 765 perjurium
2138 695 2288 746 esse
2335 678 2527 764 culpa
2575 677 2789 746 venia-

211 781 277 849 lis
322 801 433 866 per
478 783 811 867 accidens,
859 788 945 855 ob
992 786 1323 856 defectum
1375 804 1613 873 nempe
1666 788 1878 873 plenae
1923 785 2418 855 deliberationis
2474 786 2576 855 vel
2624 803 2787 854 con-

209 905 457 956 sensus:
508 891 641 960 tale
689 900 793 960 est
842 894 905 961 in
953 895 1351 980 quibusdam
1402 894 1672 966 rusticis
1723 892 1991 980 perjurii
2069 892 2386 960 malitiam
2452 911 2583 960 non
2635 911 2788 978 per·

211 996 609 1081 cipientibus.
663 1002 877 1082 Quare
925 1020 1057 1071 non
1107 1001 1351 1072 dehent
1400 1001 1783 1070 confessarii
1834 1001 2057 1069 statim
2108 1000 2258 1068 illos
2299 999 2381 1066 de
2429 1000 2606 1084 gravi
2640 1017 2792 1085 pec-

208 1111 332 1172 cato
378 1121 677 1190 monere,
729 1109 782 1175 si
836 1109 1171 1194 pejerandi
1225 1101 1709 1179 consuetudine
1758 1101 2129 1190 teneantur,
2180 1125 2264 1175 ne
2313 1106 2583 1175 illorum
2633 1124 2790 1192 pec-

209 1220 328 1279 cata
372 1212 674 1282 formalia
715 1215 992 1284 evadant
1004 1244 1029 1300 ,-
1078 1209 1195 1286 sed
1243 1218 1505 1286 sensim,
1543 1217 1688 1286 sine
1727 1235 1932 1285 sensu
1980 1215 2243 1294 fortiter
2292 1213 2682 1296 insistendo,
2717 1220 2791 1281 ut

208 1319 413 1388 falsum
450 1320 683 1406 jurare
731 1320 1053 1391 desistant
1102 1343 1218 1393 eos
1258 1343 1489 1393 curare
1522 1323 1853 1407 studeant,
1905 1323 2117 1391 media
2159 1329 2308 1408 apta
2345 1320 2786 1407 suggerendo,

208 1444 252 1492 v.
296 1445 369 1509 g„
412 1436 485 1494 ut
533 1429 763 1496 statim
796 1428 1048 1498 dictum
1099 1437 1476 1514 retractent,
1516 1431 1772 1499 veniam
1824 1436 2069 1516 petant,
2104 1446 2176 1497 se
2240 1429 2623 1514 poeniteant,
2687 1427 2791 1495 vel

206 1534 551 1601 orationem
604 1535 891 1620 aliquam
962 1538 1261 1622 recitent,
1310 1537 1410 1607 vel
1483 1539 1680 1606 toties
1729 1536 2234 1604 determinatam
2299 1534 2788 1620 eleemosynam

208 1637 467 1726 pauperi
512 1642 830 1724 tribuant,
879 1652 1006 1712 etc.
1059 1647 1210 1729 (M).

273 1747 410 1808 89.
456 1747 600 1827 Ipsa
644 1748 752 1812 lex
796 1750 1006 1813 civilis
1048 1756 1333 1833 graviter
1376 1754 1442 1815 in
1488 1750 1680 1814 falsos
1725 1759 1927 1814 testes
1971 1751 2269 1830 perjuros
2316 1748 2795 1828 animadvertit,

210 1843 418 1906 nempe
462 1829 930 1895 interdictione
974 1850 1007 1896 a
1054 1832 1323 1912 publicis
1366 1831 1613 1907 officiiS,
1682 1850 1714 1895 a
1757 1833 2124 1911 juramento
2176 1832 2540 1912 praestando
2611 1841 2676 1892 et
2718 1830 2795 1894 ab

211 1910 327 1986 ipso
368 1908 748 1986 deferendo,
798 1916 949 1974 item
993 1929 1251 1977 carcere
1283 1923 1347 1975 et
1390 1913 1620 1975 mulcta
1663 1913 2028 1991 pecuniaria
2055 1910 2203 1974 ².—
2233 1912 2311 1974 Et
2351 1909 2590 1991 Synodi
2623 1912 2793 1974 Dioe·

210 2004 432 2077 cesanae
476 1990 581 2068 (ut
622 1991 1060 2072 Novariensis‚
1110 2011 1248 2074 pag.
1292 1993 1439 2072 216)
1484 1995 1846 2072 generatim
1903 2000 2244 2055 reservant
2300 1994 2600 2072 juratam
2641 1993 2798 2072 falsi

212 2087 268 2159 tn
293 2069 538 2146 judicio
582 2074 1046 2152 depositionem,
1083 2077 1220 2138 veri
1254 2075 1652 2138 reticentiam
1694 2073 1932 2152 factam
1962 2072 2042 2137 ab
2073 2081 2445 2136 accusatore
2479 2073 2577 2136 vel
2609 2080 2789 2149 teste,

213 2150 614 2214 tndnctionem
653 2154 815 2233 falsi
857 2157 1036 2218 testis
1069 2156 1290 2234 ,iurati
1331 2157 1400 2218 in
1431 2155 1770 2233 jndictum.
1827 2187 1907 2199 —
1946 2153 2098 2217 Jnre
2156 2153 2412 2217 tandem
2480 2156 2794 2218 canonico

216 2231 643 2373 ffirjussiisssmsn
681 2235 1315 2314 infamem-arcentur
1347 2252 1379 2298 a
1416 2236 1782 2298 testimonio
1809 2233 2099 2311 terendo,
2138 2244 2203 2298 et
2238 2234 2315 2298 ab
2348 2234 2795 2298 ecclesiasticis

286 2328 358 2373 ne
409 2329 527 2375 cns
610 2363 625 2376 .
2451 2327 2457 2334 ’

594 2592 755 2660 Αιιτ.
803 2592 880 2690 ¹¹.-
927 2627 1019 2639 —
1060 2594 1153 2659 De
1188 2592 1538 2677 juramenti
1582 2592 1970 2678 obliqatione,
2017 2593 2408 2673 extinctione,

908 2753 1418 2840 interpretatione
1461 2766 1519 2822 et
1561 2755 1635 2821 de
1679 2755 2096 2842 adjuratione.

290 2986 438 3049 9⁰·
491 2989 568 3067 Q.
621 2989 682 3054 1.
730 2988 832 3054 An
875 3006 976 3054 res
1010 2988 1370 3073 juramento
1410 2988 1726 3073 promissa
1771 2986 1852 3052 sit
1889 2986 2258 3074 proestanda
2302 2985 2414 3051 sub
2458 2988 2642 3069 qravi
2661 2989 2692 3048 P

299 3093 363 3158 R.
412 3092 481 3160 Si
532 3111 643 3162 res
687 3093 1067 3180 juramento
1117 3092 1445 3180 promissa
1494 3093 1707 3179 gravis
1756 3100 1878 3174 est,
1931 3093 2164 3177 utique
2223 3091 2348 3158 sub
2400 3090 2573 3175 gravi
2626 3106 2801 3176 prae-

223 3199 358 3266 stari
405 3199 643 3269 debet:
695 3219 846 3268 cum
892 3201 1342 3287 juramentum
1393 3200 1635 3267 nedum
1694 3199 1906 3284 gravis
1973 3197 2433 3283 promissionis
2508 3197 2638 3263 vim
2687 3197 2806 3263 mi-

225 3315 377 3388 nuat,
425 3307 563 3375 imo
615 3308 840 3392 potius
888 3307 1163 3376 eandem
1218 3316 1471 3394 augeat,
1522 3313 1588 3376 et
1636 3314 1854 3374 servet
1894 3305 1974 3372 ad
2011 3312 2197 3391 pacta
2245 3303 2583 3371 firmanda.
2618 3303 2804 3372 Unde

226 3408 440 3497 legitur
486 3413 1010 3524 in·Scripturis:
1058 3414 1272 3481 reddes
1318 3415 1585 3482 Domino
1620 3416 1990 3501 juramenta
2033 3422 2144 3479 tua
2192 3413 2241 3478 ⁴.

305 3520 367 3586 Si
411 3539 573 3590 vero
623 3539 733 3590 res
783 3521 1110 3607 promissa
1159 3529 1262 3591 est
1296 3521 1477 3603 leviS‚
1527 3521 1634 3588 aiii
1687 3520 1916 3589 dicunt
1948 3538 2099 3588 cum
2147 3519 2500 3600 Bonacina,
2551 3515 2805 3598 Lessi0,

228 3625 460 3710 Toleto,
508 3636 576 3695 et
625 3627 686 3695 d.
722 3628 971 3696 Thema
1021 3646 1095 3695 ac
1134 3628 1512 3696 catechismo
1555 3631 1752 3706 Rom„
1799 3646 1936 3695 rem
1979 3626 2357 3712 juramento
2393 3624 2806 3710 promissam,

233 3735 338 3800 etsi
388 3736 623 3820 levem,
694 3738 821 3805 suh
871 3736 1044 3822 gravi
1095 3753 1245 3804 esse
1315 3736 1792 3822 praestandam
1845 3736 1995 3822 quia
2046 3735 2236 3802 aliter
2289 3751 2552 3818 semper
2611 3729 2810 3797 viola-

234 3849 399 3909 retur
427 3844 904 3931 juramentum‚
954 3843 1018 3910 in
1062 3861 1196 3929 quo
1246 3861 1378 3911 non
1451 3843 1643 3911 datur
1712 3843 2007 3911 materiae
2079 3842 2393 3927 parvitas3
2462 3839 2811 3906 vocaretur

232 3947 388 4016 enim
438 3953 621 4019 Deus
671 3949 738 4017 in
811 3956 1050 4017 testem
1098 3948 1419 4032 falsitatis,
1488 3950 1544 4017 si
1614 3949 1856 4019 veritas
1926 3967 2058 4016 non
2131 3947 2660 4016 conformaretur
2715 3942 2807 4010 rei

234 4059 578 4140 promissae.
630 4059 749 4126 Atii
802 4077 953 4127 cum
1000 4077 1051 4126 s.
1100 4058 1458 4142 Antonine,
1541 4056 1842 4138 Antoine,
1916 4057 2215 4137 Billuart,
2287 4056 2592 4138 Layman,
2642 4052 2811 4118 San-

235 4162 390 4247 chez,
443 4165 688 4252 Sylvio,
738 4168 943 4249 sote„
984 4168 1228 4234 Suarez
1278 4173 1347 4234 et
1392 4165 1633 4234 ceteris
1684 4172 1925 4249 negant
1974 4163 2292 4242 dicenteS,
2344 4167 2499 4228 tunc
2554 4167 2811 4227 tantum

238 4273 580 4358 perjurium
628 4274 978 4351 committi,
1055 4291 1204 4342 cum
1252 4275 1431 4341 Deus
1476 4279 1753 4341 vocatur
1798 4273 1863 4339 in
1913 4279 2153 4340 testem
2221 4268 2577 4337 mendacii:
2631 4266 2810 4354 atqui

286 4451 303 4489 ¹
335 4450 581 4503 Sermone
612 4462 676 4503 cr„
684 4464 811 4504 xxx.

288 4513 889 4638 ἓῧῗιζΐόἶῗὲθέἶ
965 4614 977 4626 .
1011 4577 1059 4627 3.
1091 4601 1158 4613 -
1197 4575 1252 4625 ν.
1290 4574 1496 4633 neven,
1532 4574 1661 4623 luat.
1702 4574 1851 4634 can„
1887 4574 1922 4623 1.
1957 4586 2010 4624 m
2041 4573 2101 4623 ee
2125 4573 2378 4637 perjurio.

290 4637 313 4678 ⁴
342 4640 509 4692 nauh.
544 4650 599 4693 v.
643 4641 703 4691 V.
740 4640 905 4702 Ligno
955 4678 970 4702 ,
1009 4637 1096 4699 op.
1132 4637 1283 4697 Mor„
1316 4637 1352 4687 1.
1387 4649 1465 4697 ιιι,
1500 4646 1554 4687 n.
1590 4639 1699 4688 ¹⁷².
1728 4636 1806 4687 Ad
1825 4636 2132 4700 juramenta
2174 4635 2523 4699 promissor-ia
2566 4642 2815 4685 revocan-

246 4702 316 4750 tur
337 4699 637 4763 iuramenta
669 4702 941 4755 fidelitatis
974 4699 1316 4752 subditorum
1350 4709 1477 4762 erga
1512 4698 1812 4762 principes3
1849 4697 1914 4750 de
1949 4698 2033 4750 his
2066 4699 2163 4751 erit
2197 4698 2310 4750 Lib.
2339 4709 2393 4749 tv
2428 4697 2655 4760 Append.
