3292 5167
1359 153 1437 198 οε
1484 152 1934 200 commortuus
2814 134 2947 202 347

258 250 581 320 *raverit
639 228 918 338 tempusx
949 253 1013 322 in
1066 253 1509 324 conventione
1556 256 2070 324 determinatum
2119 255 2200 323 ad
2251 257 2776 326 restitutionem:
2813 259 2938 329 nisi

268 357 562 428 obstet
620 369 1058 449 sequestrum,
1110 361 1235 431 vel·
1258 370 1704 449 cognoscatur
1751 381 1892 433 rem
1939 381 2088 433 esse
2135 364 2460 448 furtivam,
2506 366 2605 432 vel
2656 365 2937 434 evaserit

280 462 457 551 ipse
520 467 882 553 deponens
931 467 1013 534 ad
1063 469 1539 554 acceptandum
1591 471 1866 555 incapax
1916 489 1997 539 ex
2050 471 2221 556 lege3
2272 473 2340 558 3)
2390 471 2770 541 indemnem
2823 472 2945 542 de-

287 585 712 661 ponentem
760 594 1042 658 servare,
1090 577 1143 645 si
1186 596 1292 646 res
1342 596 1458 646 sua
1508 578 1701 664 culpa
1753 578 2048 648 deterior
2093 579 2260 647 facta
2311 579 2398 647 sit
2442 582 2503 646 ¹:
2576 580 2674 649 vel
2740 581 2940 651 etiam

270 682 346 751 si
405 683 518 751 sit
584 685 648 752 in
700 701 883 753 mora
930 683 1239 770 culpabili
1291 691 1356 753 et
1403 704 1510 753 res
1561 686 1854 771 perierit,
1920 687 2041 755 etsi
2111 704 2269 755 casu
2335 687 2637 756 fortuito.
2705 689 2936 770 Quoad

258 787 731 876 depositarii
781 790 1084 860 haeredes
1132 791 1275 860 baec
1315 793 1548 860 statuit
1582 793 1720 861 lex:
1768 794 2040 861 L’eredo
2087 794 2185 863 del
2230 794 2630 881 depositaria,
2668 797 2716 862 il
2758 798 2941 882 quale

274 898 387 964 &a
438 899 737 967 venemo
780 901 849 966 in
896 900 1099 966 baone
1143 899 1277 984 fede
1325 900 1389 966 la
1433 920 1577 966 cosa
1623 902 1731 968 che
1775 903 2087 986 iquorava
2133 921 2330 968 essere
2361 900 2727 987 depositam,
2768 904 2802 971 ὲ
2832 906 2942 973 ob·

270 1005 575 1091 bliqato
620 1007 887 1073 soltanto
932 1026 975 1075 a
1019 1007 1332 1073 restituire
1377 1008 1426 1074 il
1465 1027 1696 1094 prezzo
1743 1009 2016 1075 ricevuco
2063 1029 2099 1075 o
2145 1028 2186 1074 a
2233 1007 2441 1074 cedere
2475 1009 2538 1074 la
2568 1028 2687 1075 sua
2716 1014 2940 1080 azione

266 1134 507 1181 -υενεο
538 1114 612 1182 vil
657 1122 1045 1200 comprecare·
1084 1113 1186 1180 nel
1231 1134 1376 1180 caso
1423 1117 1529 1181 che
1576 1116 1626 1181 il
1687 1135 1922 1201 prezzo
1976 1137 2104 1183 non
2164 1117 2255 1201 qli
2318 1116 2417 1181 sia
2487 1127 2645 1183 stato
2710 1131 2939 1205 paqato

297 1220 485 1307 (art.
552 1223 778 1301 ⁴851).

399 1330 489 1396 R.
548 1329 648 1399 Ad
694 1331 770 1396 2:
822 1330 1177 1414 Deponens
1226 1335 1526 1396 tenetur:
1582 1328 1644 1412 l)
1691 1327 1769 1395 ad
1822 1337 2055 1397 nutum
2109 1329 2493 1412 depositarii
2546 1332 2697 1418 (etsi
2766 1341 2937 1401 tem-

274 1456 451 1524 *ρης
517 1445 841 1505 statutum
890 1437 1003 1523 sit)
1055 1455 1193 1505 rem
1243 1456 1429 1506 suam
1481 1440 1807 1524 recipere:
1842 1422 1923 1506 'et
1971 1438 2023 1506 si
2076 1438 2166 1505 illi
2218 1439 2597 1525 importuna
2639 1442 2940 1512 videatur

300 1545 700 1627 restitutio,
742 1545 946 1631 judex
996 1543 1294 1627 definiet,
1344 1547 1703 1630 2)‚damna
1753 1547 2092 1629 resarcire,
2130 1565 2280 1634 quaa
2321 1549 2487 1616 alter
2529 1567 2765 1635 passus
2801 1559 2933 1632 est;

290 1654 620 1738 aequitas
668 1653 844 1721 enim
893 1651 1205 1736 postulat,
1254 1658 1327 1719 ut
1366 1671 1445 1720 ex
1495 1671 1698 1721 onere
1749 1654 2036 1739 gratuito
2090 1673 2218 1722 non
2269 1656 2510 1723 sentiat
2567 1656 2936 1724 detrimen-

301 1767 513 1827 tum:
566 1760 699 1827 imo
753 1766 972 1844 potest
1021 1758 1465 1844 depositarius
1516 1761 1897 1847 depositum
1963 1760 2250 1829 retinere
2283 1761 2534 1831 ‘donec
2610 1763 2936 1850 integram

308 1870 670 1952 acceperit
720 1866 1238 1937 indemnitatem.
1288 1867 1483 1934 Addit
1534 1868 1793 1936 Codex:
1842 1873 1923 1935 In
1953 1890 2097 1935 caso
2129 1869 2419 1936 dimone
2450 1871 2549 1937 del
2578 1870 2931 1958 deponente,

320 1974 395 2040 la
446 1995 599 2041 cosa
642 1975 983 2062 depositam
1031 1994 1157 2041 non
1192 1973 1318 2061 pud
1362 1976 1701 2042 restituti-si
1730 1978 1837 2043 che
1867 1976 2170 2044 alt’erede.
2207 1980 2278 2044 Se
2313 1978 2377 2042 vi
2414 1998 2565 2044 sono
2594 1976 2714 2065 piet
2747 1978 2932 2060 erecti,

316 2082 389 2146 la
442 2103 593 2149 cosa
637 2083 981 2169 depositam
1026 2082 1170 2149 deve
1214 2083 1557 2149 restituirsi
1597 2084 1685 2148 ad
1727 2103 1976 2169 oqmmo
2024 2084 2090 2149 dt
2137 2085 2257 2150 essi
2311 2105 2431 2170 per
2476 2087 2543 2152 la
2602 2105 2722 2152 sua
2776 2104 2933 2172 por-

314 2189 534 2256 zione.
585 2191 657 2257 Se
706 2190 768 2255 la
810 2209 955 2256 cosa
997 2209 1124 2256 non
1169 2189 1203 2255 e
1246 2188 1567 2272 divisibile,
1617 2190 1738 2257 essi
1784 2192 2048 2258 debbono
2078 2192 2187 2276 fra
2234 2192 2366 2259 loro
2420 2193 2790 2259 accordarsi
2834 2194 2934 2259 sul

306 2296 517 2363 modo
560 2297 628 2375 di
673 2297 973 2362 riceverla
1021 2296 1168 2381 (art.
1223 2298 1444 2382 1855).

421 2403 641 2467 480.
690 2406 762 2484 Q.
813 2407 872 2472 3.
924 2405 1352 2492 Depositarius
1393 2416 1669 2492 potestne
1714 2424 1781 2471 re
1811 2406 1930 2472 sibi
1976 2406 2266 2492 depositos
2294 2406 2536 2473 tradita
2581 2406 2673 2473 uti
2694 2412 2725 2472 ?

420 2516 495 2581 R.
547 2513 615 2579 Si
667 2510 1046 2598 depositum
1095 2513 1181 2580 sit
1230 2530 1336 2580 res
1387 2500 1532 2581 usu'
1562 2514 2122 2598 consumptibiliS,
2171 2519 2246 2581 ut
2292 2512 2608 2595 triticum,
2663 2513 2925 2594 vinum,

308 2621 638 2705 pecunia,
689 2638 837 2705 quae
888 2620 953 2687 in
988 2619 1131 2705 ejus
1171 2639 1294 2688 usu
1330 2620 1726 2702 absumitur,
1763 2638 1971 2706 eaque
2007 2619 2240 2688 tradita
2282 2619 2367 2688 sit
2402 2627 2584 2687 certo
2626 2637 2926 2702 numero,

308 2726 634 2813 ‘pondere
682 2734 748 2795 et
796 2744 1126 2809 mensura,
1179 2745 1309 2794 non
1360 2727 1619 2795 videtur
1666 2726 2112 2812 depositarius
2162 2744 2436 2813 peccare
2485 2727 2722 2794 saltem
2788 2745 2931 2813 gra-

326 2836 503 2903 viter
550 2835 629 2903 iis
676 2841 890 2913 utem,
941 2833 995 2902 si
1043 2839 1262 2902 certus
1312 2832 1418 2916 sit,
1470 2833 1860 2901 tantundem
1925 2835 2306 2904 habiturum
2369 2834 2667 2920 eJ'usdem
2732 2836 2929 2904 boni-

326 2944 513 3025 tatis,
543 2941 809 3027 quando
837 2947 1210 3027 repetetur;
1248 2941 1400 3027 quia
1432 2949 1586 3009 tunc
1622 2942 2066 3010 communiter
2101 2942 2531 3028 praesumitur
2561 2959 2929 3011 consensus

326 3050 607 3119 domini.
659 3051 885 3130 Secus‚
937 3047 990 3115 si
1041 3058 1271 3133 agatur
1316 3049 1404 3124 de,
1436 3049 1712 3136 pecunia
1752 3049 2010 3131 tradita,
2046 3050 2312 3118 sacculo
2353 3050 2454 3117 vel
2490 3067 2637 3116 arca
2676 3050 2929 3118 inclusa

202 3194 215 3207 ·
328 3157 436 3226 vel
482 3158 734 3225 munita
783 3156 1036 3240 sigillo:
1086 3158 1137 3225 si
1190 3176 1264 3225 ea
1312 3164 1540 3224 utatur
1587 3157 2062 3242 depositarius,
2115 3158 2400 3242 graviter
2459 3165 2726 3242 peccat;
2794 3176 2926 3225 non

306 3273 551 3333 tamen
603 3266 855 3333 fructus
904 3265 1056 3333 inde
1105 3273 1456 3350 perceptos
1508 3272 1775 3333 tenetur
1821 3266 2195 3349 restituere,
2246 3265 2400 3351 quia
2451 3271 2605 3333 sunt
2672 3265 2927 3333 fructus

329 3370 703 3455 industriae,
752 3392 882 3440 non
933 3373 1027 3440 rei
1046 3398 1064 3454 3
1115 3391 1265 3441 cum
1315 3392 1421 3441 res
1469 3393 1596 3441 usu
1650 3374 2182 3458 consumptibilis
2223 3392 2342 3459 per
2387 3391 2584 3441 usum
2620 3390 2753 3441 non
2788 3373 2929 3440 iru-

332 3480 601 3563 ctificet,
650 3478 768 3549 sed
816 3479 1217 3548 destruatur.

412 3625 532 3688 Sed
582 3624 788 3704 quoad
836 3624 1296 3704 depositarium
1345 3624 1633 3703 pecuniae
1680 3625 1906 3686 statuit
1952 3623 2056 3685 lex
2101 3621 2347 3685 civilis:
2395 3623 2530 3687 Non
2572 3626 2601 3687 e
2652 3621 2927 3685 debitore

330 3707 399 3770 di
437 3708 631 3770 alcun
680 3709 975 3768 interesse
1017 3705 1114 3766 del
1155 3705 1397 3767 donaro
1439 3705 1806 3784 depositam,
1873 3721 1936 3766 se
1989 3721 2112 3766 non
2153 3704 2263 3766 dal
2301 3704 2542 3783 qiorno,
2588 3706 2656 3766 in
2706 3704 2811 3765 cui
2851 3702 2926 3781 fu

303 3789 654 3851 -eostituito
698 3786 767 3847 in
809 3803 984 3848 mora
1027 3802 1067 3847 a
1109 3784 1293 3865 farne
1338 3785 1401 3846 la
1453 3785 1875 3848 restituzione
1933 3784 2082 3864 (art.
2130 3785 2331 3861 1852).
2389 3784 2667 3848 Pecunia
2714 3792 2927 3844 autem

330 3870 466 3932 sive
496 3874 776 3930 creverit
807 3869 943 3928 sive
980 3864 1362 3938 decreverit,
1397 3866 1793 3930 restituenda
1828 3874 1925 3927 est
1951 3882 2021 3927 ea
2051 3881 2170 3945 qua
2205 3873 2464 3945 accepta
2499 3864 2639 3941 fuit,
2674 3864 2920 3941 specie;

328 3950 382 4011 si
430 3965 660 4027 nempe
709 3958 798 4023 tot
842 3946 1130 4026 argentei
1198 3946 1440 4008 nummi
1503 3947 1776 4026 depositi
1850 3946 2114 4021 fuerint,
2183 3954 2272 4006 tot
2317 3945 2606 4023 argentei
2676 3945 2923 4006 nummi

334 4026 888 4092 restituantur.·Si
935 4043 1087 4089 vero
1133 4026 1490 4104 depositum
1539 4043 1667 4088 non
1706 4028 1790 4089 sit
1836 4044 1936 4089 res
1979 4028 2183 4105 primo
2230 4042 2350 4088 usu
2382 4022 2925 4101 consumptibilis„

322 4122 404 4173 ut
444 4127 692 4185 currus,
735 4125 959 4188 equu3‚
1008 4116 1159 4170 tunc
1204 4108 1254 4167 si
1302 4106 1735 4180 depositarius
1780 4124 1851 4168 ea
1898 4115 2118 4170 utatur
2163 4107 2304 4167 sine
2350 4104 2734 4183 deponentis
2772 4120 2921 4165 con-

306 4206 889 4270 :sensu‚aeexpresso
935 4187 1033 4250 vel
1080 4195 1467 4266 praesumpto
1493 4187 1544 4263 ²,
1587 4196 1827 4266 peccat,
1871 4195 1934 4249 et
1980 4188 2224 4249 fructus
2269 4193 2605 4263 perceptos
2666 4192 2922 4248 tenetur

316 4276 700 4348 restituere,
743 4287 885 4333 cum
931 4287 1038 4332 res
1080 4270 1339 4331 domino
1387 4267 1766 4341 fructificet3
1814 4276 1880 4331 et
1922 4267 2155 4329 damna
2201 4280 2638 4343 compensare.

395 4478 413 4517 ¹
450 4479 512 4529 Et
546 4488 755 4528 carcere
788 4478 1009 4535 punitur
1039 4486 1164 4525 reus
1199 4474 1317 4524 God.
1348 4484 1505 4534 poen„
1543 4474 1643 4523 art.
1676 4474 1790 4523 631.

387 4540 411 4580 ἱ
453 4564 470 4583 ·
512 4542 610 4591 Per
638 4541 884 4601 esempto:
924 4539 998 4587 Ho
1031 4536 1332 4599 depositato
1383 4546 1456 4585 un
1504 4535 1711 4586 cavallo
1760 4544 1943 4596 presso
1997 4544 2071 4583 un
2123 4531 2316 4592 amico,
2368 4531 2465 4582 che
2512 4541 2573 4582 so
2624 4527 2924 4582 oltremodo

314 4605 540 4656 amante
573 4600 1052 4664 dell’equitazione;
1087 4600 1131 4650 si
1167 4598 1469 4662 presumere
1507 4599 1604 4649 che
1635 4596 1793 4648 abbia
1827 4596 2008 4647 voluto
2047 4594 2493 4659 permetteiguene
2525 4592 2681 4645 l'uso.
2720 4613 2740 4637 ι
