3292 5167
1265 243 1719 294 annom-montes
2667 232 2796 298 747
2843 253 2851 260 ·

191 350 399 420 milia,
443 344 549 408 vel
594 345 670 409 ad
717 361 861 408 eum
907 346 1239 426 ligandum
1283 356 1349 410 et
1390 347 1855 429 consuendum,
1901 350 2025 412 nisi
2073 349 2133 413 id
2185 351 2296 415 fiat
2355 369 2468 431 pro
2536 349 2637 429 iis,
2675 353 2797 434 qui

195 431 533 494 licentiam
580 427 833 490 habent.
880 425 1236 522 Excusatur
1281 428 1576 516 famulus
1621 431 1866 510 auriga,
1918 431 2024 511 qui
2075 429 2234 494 tales
2286 431 2485 496 libros
2546 439 2798 512 gestant

182 514 378 592 jussu
423 508 670 570 domini
717 507 1016 571 habentis
1063 509 1424 585 licentiam;
1466 511 1686 574 velex
1732 510 1908 589 gravi
1956 510 2211 573 damno.

273 591 574 672 Leqentes
617 596 768 672 sunt
810 591 915 668 qui
965 605 1093 652 non
1140 591 1351 672 solum¹
1389 591 1621 666 verbis,
1666 589 1775 654 sed
1821 594 2016 652 etiam
2076 592 2278 654 oculis
2351 589 2588 654 librum
2663 608 2797 672 per·

190 680 494 744 currunt,
547 667 730 730 modo
796 668 1198 748 intelligatur
1243 670 1637 734 sufficienter
1712 670 1990 745 idioma3
2062 688 2242 735 secus
2311 689 2436 734 non
2507 673 2797 752 legerent

198 754 325 815 nisi
374 745 818 813 materialiter.
865 751 1219 814 Excusatur
1258 754 1475 813 ‘tamen
1521 750 1852 814 ordinarie
1896 751 2004 830 qui
2066 754 2244 831 gravi
2320 765 2495 816 metu
2563 753 2638 814 ad
2712 754 2792 816 le-

188 831 481 913 gendum
528 839 697 893 esset
740 839 1013 892 coactus.
1067 831 1204 894 Non
1250 842 1463 895 autem
1508 840 1848 894 excusatur
1893 842 2219 895 corrector
2264 831 2414 894 libri
2478 833 2791 912 prohibiti

188 915 307 993 qui
374 913 811 989 imprimitur3
855 925 1000 973 nam
1049 913 1183 992 ipse
1227 928 1451 975 revera
1496 928 1642 975 eum
1689 911 1868 992 legit!¹
2409 936 2414 942 ·
2755 918 2760 926 ·

274 991 710 1071 Imprimentes
753 1000 902 1054 sunt
949 1007 1075 1053 non
1122 1003 1370 1064 tantum
1418 994 1797 1073 typographi
1843 1000 1951 1055 aut
1997 995 2248 1071 patroni
2322 992 2616 1062 officinae,
2680 993 2793 1055 sed

187 1074 730 1151 qui-humectant
775 1089 887 1134 seu
935 1082 1300 1152 praeparant
1345 1075 1653 1149 chartam,
1699 1072 2039 1153 imponunt
2082 1080 2536 1146 atramentum,
2609 1083 2791 1154 typos

200 1152 536 1226 ordinant,
587 1152 866 1216 torcular
913 1164 1233 1232 premunt;
1267 1156 1418 1216 item
1449 1157 1960 1236 transcriptores.
1987 1152 2121 1216 Non
2159 1161 2368 1215 tamen
2399 1155 2509 1234 qui
2547 1164 2792 1217 remote

194 1242 453 1296 tantum
499 1242 914 1308 concurrunt,
963 1243 1033 1296 ut
1077 1234 1432 1296 vendentes
1478 1235 1790 1307 chartam,
1845 1243 2049 1314 typos,
2095 1242 2547 1311 atramentum,
2594 1243 2713 1296 etc.

282 1312 687 1392 Defendentes
731 1321 883 1376 sunt
926 1329 1168 1391 omnes,
1213 1317 1317 1396 qui
1370 1330 1753 1395 quocunque
1820 1323 2137 1394 praetextu
2181 1313 2280 1376 vel
2327 1329 2509 1377 causa
2557 1315 2794 1378 librum

192 1404 519 1473 quatenus
564 1396 851 1457 haeretici
898 1411 1053 1473 opus
1097 1393 1214 1472 est',
1266 1395 1548 1470 laudant,
1570 1396 1877 1473 exaltant,
1920 1395 2198 1476 probant
2233 1410 2375 1475 quae
2416 1398 2477 1457 in
2512 1411 2587 1457 eo
2623 1404 2794 1471 sunt,

194 1474 627 1548 abscondunt,
668 1474 766 1537 vel
817 1476 1196 1553 impediunt,
1248 1492 1326 1538 ne
1373 1476 1663 1538 tradatur
1707 1477 2044 1556 superiori.
2090 1474 2297 1538 Aliter
2329 1486 2530 1554 esset,
2560 1477 2611 1538 si
2649 1477 2792 1554 quis

198 1554 499 1618 laudaret
544 1564 787 1617 tantum
835 1558 1163 1633 ingenium
1211 1559 1511 1630 auctoriS,
1547 1558 1780 1636 stylum
1821 1557 1919 1619 vel
1952 1556 2406 1618 eruditionem.
2438 1589 2515 1603 --
2551 1555 2608 1616 V.
2634 1555 2785 1618 Fer-

198 1637 402 1708 raris3
448 1635 520 1698 V.
564 1634 745 1700 Libri
782 1635 1090 1714 prohibiti
1103 1657 1129 1709 ‚·
1173 1671 1250 1682 —-
1294 1637 1599 1716 sperone,
1659 1637 1856 1699 Theol.
1904 1636 2188 1702 Mortalis.
2458 1644 2468 1651 '

278 1713 346 1788 Q.
392 1716 449 1777 2.
497 1715 658 1791 Ouid
702 1718 760 1777 si
799 1733 979 1778 error
1023 1716 1297 1781 inlibro
1339 1717 1541 1797 fuer-'it
1581 1717 1909 1781 abrasus?

278 1794 350 1858 R.
397 1796 522 1858 Alii
571 1807 836 1859 censent
881 1812 1022 1859 cum
1068 1796 1258 1860 Croix
1302 1797 1537 1862 librum
1588 1801 1708 1877 legi
1753 1813 1967 1878 posse3
2004 1798 2148 1877 quia
2188 1811 2314 1857 non
2351 1795 2631 1874 amplius
2665 1797 2793 1859 hae·

196 1877 397 1938 resim
443 1881 772 1943 continet:
806 1877 912 1941 sed
963 1878 1145 1940 multi
1193 1879 1303 1941 alii
1363 1896 1503 1942 cnm
1548 1878 1785 1942 Suarez
1831 1887 2107 1958 negant;
2152 1877 2301 1957 quia
2352 1874 2458 1936 illa
2510 1880 2788 1955 particu-

195 1954 352 2018 laris
395 1956 656 2020 abrasio
700 1975 828 2020 non
877 1957 1044 2020 tollit
1081 1974 1482 2022 communem
1554 1961 2059 2038 prohibitionem
2126 1957 2293 2019 libri.
2342 1954 2580 2018 Verum
2627 1957 2785 2018 mihi

189 2051 317 2097 non
366 2035 678 2117 displicet
722 2038 1053 2100 distinctio
1098 2037 1364 2119 Sporer:
1409 2043 1460 2102 si
1508 2039 1672 2102 liber
1718 2058 1792 2103 ex
1843 2039 2128 2119 professo
2164 2037 2242 2098 de
2288 2035 2626 2112 Religione
2659 2047 2783 2099 tra·

184 2123 339 2192 ciet,
382 2134 527 2180 mon
573 2118 870 2181 obstante
914 2118 1291 2196 abrasione,
1336 2132 1625 2183 remanet
1672 2121 2032 2200 prohibitus
2088 2120 2269 2198 juxta
2317 2116 2605 2194 Bullam,
2649 2134 2790 2198 quae

188 2197 507 2275 prohibet
569 2215 793 2261 omnes
852 2198 1049 2264 libros
1108 2202 1558 2263 haereticorum
1622 2200 1702 2264 de
1768 2201 2102 2281 Religione
2163 2207 2531 2261 tractantes,
2596 2197 2790 2261 Secus

190 2293 365 2354 vero,
425 2281 476 2340 si
526 2278 687 2342 liber
732 2290 954 2359 ageret
997 2280 1076 2342 de
1136 2280 1701 2355 indifferentibuS,
1756 2291 1823 2344 ut
1868 2282 1964 2343 de·
1993 2279 2436 2361 philosophia,
2488 2279 2794 2358 historia;

188 2358 301 2422 sed
346 2361 582 2437 excipe
631 2360 801 2422 illam
847 2359 1365 2424 centuriatorum
1409 2371 1518 2424 aut
1564 2362 1948 2441 hujusmodi,
1994 2376 2133 2440 quae
2166 2359 2232 2421 in
2270 2358 2625 2443 substantia
2664 2360 2794 2439 agit

192 2441 391 2502 etiam
448 2438 525 2502 de
569 2437 921 2520 Religione.
968 2441 1245 2519 Lignori,
1294 2441 1460 2522 Opus
1504 2442 1684 2518 Mor„
1731 2444 1766 2503 l.
1816 2458 1927 2512 vu,
1970 2458 2028 2503 n.
2073 2440 2207 2503 283.

312 2518 383 2594 Q.
434 2520 489 2584 3.
532 2520 690 2596 Quid
717 2522 774 2583 st·
817 2522 1065 2601 ἱερατικ-
1099 2524 1518 2586 tantummodo
1546 2523 1827 2586 ltoerett'ci
1852 2524 2080 2599 concie,
2114 2520 2212 2583 vet
2236 2519 2502 2599 epistola
2535 2520 2795 2582 seorsim

188 2598 389 2680 edita,
428 2602 522 2663 vel
562 2601 719 2681 folia
763 2599 917 2665 libri
958 2603 1296 2666 errantia?
2026 2620 2031 2624 ·

248 2677 353 2742 Ἤ.
408 2681 654 2759 Negant
743 2682 987 2761 lerique
1023 2699 1365 2746 censuram
1414 2684 1694 2760 incurri3
1737 2686 1883 2764 quia
1931 2684 2153 2745 concio
2198 2679 2298 2742 vel
2347 2679 2614 2758 epistola
2653 2696 2779 2742 non

199 2769 415 2836 potest
461 2761 584 2823 dici
635 2763 682 2824 ci
728 2780 813 2838 er,
859 2773 921 2825 et
966 2764 1082 2826 bac
1127 2764 1190 2826 in
1245 2781 1314 2826 re
1380 2768 1831 2844 interpretatio
1868 2764 2084 2827 stricta
2134 2761 2452 2824 facienda.
2497 2759 2619 2822 Sed
2671 2776 2784 2822 nos
2889 2779 2895 2786 ·

200 2853 351 2903 cum
395 2835 1011 2905 salmanticensibus
1056 2844 1467 2907 observamus
1516 2848 1578 2907 in
1624 2845 2089 2925 expurgatione
2119 2843 2337 2908 Romae
2374 2843 2574 2905 editio
2607 2844 2788 2920 jussu

194 2919 564 2985 Tridentini
614 2939 914 3003 expresse
963 2925 1289 3003 prohiberi
1337 2926 1452 2987 sub
1497 2928 2162 2989 excommunicatione
2206 2929 2367 3006 (uon
2427 2934 2640 2986 tamen
2690 2937 2789 2983 re·

202 3004 491 3084 servata)
535 3019 756 3067 omnes
802 3006 1153 3084 scripturas
1198 3007 1275 3068 ab
1323 3008 1646 3069 haereticis
1693 3007 2096 3084 compositas,
2143 3008 2394 3071 etiamsi
2461 3003 2685 3064 breves
2731 3013 2793 3065 et

203 3082 506 3146 haeresim
556 3102 682 3145 non
729 3088 1175 3162 continentes,
1219 3087 1422 3149 donec
1467 3087 1921 3167 approbentur.
1970 3087 2044 3147 Et
2087 3084 2145 3148 S.
2191 3086 2460 3151 Concilii
2509 3083 2787 3162 Congre-

203 3165 378 3241 gatio
424 3166 588 3244 apud
635 3164 924 3228 Ferraris
972 3167 1035 3227 in
1081 3182 1265 3230 causa
1315 3167 1506 3229 simili
1562 3170 1976 3247 interrogata,
2020 3167 2169 3246 quid
2208 3163 2791 3248 comprehendere·

206 3251 315 3306 tur
359 3246 623 3307 nomine
670 3244 844 3318 libri,
894 3247 1228 3326 respondit
1263 3246 1718 3325 comprehendi
1766 3250 2144 3326 conciones,
2193 3243 2530 3320 lectioneS,
2575 3243 2791 3324 dispu-

206 3326 485 3388 tationes
516 3334 579 3410 et
610 3327 852 3389 similes
898 3344 1125 3406 parvas
1168 3329 1515 3405 scripturas
1563 3327 1712 3389 licet
1747 3330 2179 3407 transcriptas.
2228 3330 2338 3392 Ubi
2390 3338 2600 3391 autem
2634 3341 2792 3405 opus

210 3403 502 3468 haeretici
549 3408 613 3468 in
664 3406 843 3485 plura
889 3409 1213 3470 volumina
1263 3408 1698 3484 distribuitur,
1738 3423 2006 3486 quorum
2039 3409 2313 3473 alterum
2352 3422 2608 3471 errores
2642 3419 2791 3467 con·

206 3488 454 3561 tineat,
496 3485 766 3550 alterum
814 3504 964 3563 non,
1008 3492 1058 3550 si
1109 3489 1242 3551 haec
1279 3489 1409 3550 sint
1454 3490 1531 3550 de
1591 3488 1842 3550 diversa
1909 3492 2175 3551 materia
2245 3506 2375 3551 non
2442 3494 2794 3549 censentur

204 3569 670 3645 comprehensa
717 3568 832 3631 sub
881 3569 1345 3652 prohibi-tione,
1389 3586 1570 3631 secus
1615 3569 1667 3629 si
1714 3568 1793 3630 de
1837 3567 2061 3631 eodem
2127 3579 2508 3649 argumento
2557 3574 2791 3628 tracte·

209 3652 315 3707 tur
361 3663 499 3709 cum
550 3648 951 3710 connexione
996 3651 1169 3711 inter
1213 3666 1295 3712 se.
1345 3647 1584 3712 Suarez
1628 3664 1771 3711 cum
1804 3652 2152 3712 communi.

286 3724 356 3799 Q.
401 3728 456 3789 4.
504 3726 662 3801 Quid
705 3729 777 3789 de
819 3728 1251 3791 hoercticorum
1293 3730 1797 3810 manuscriptis?
2545 3799 2556 3804 ,
2738 3804 2750 3815 ,

290 3802 360 3867 R.
405 3806 568 3870 Sunt
611 3810 714 3887 qui
766 3819 989 3870 tenent
1031 3825 1365 3873 censuram
1405 3827 1532 3873 non
1581 3811 1821 3873 incurri
1869 3811 1947 3872 ob
1997 3810 2186 3872 talem
2224 3809 2594 3878 lectionem3
2646 3819 2793 3881 quta

211 3888 474 3971 npmine
521 3887 827 3952 librorum
872 3894 1305 3969 manuscripta
1353 3905 1481 3953 non
1526 3890 2001 3970 intelliguntur,
2048 3891 2168 3951 nisi
2219 3888 2589 3967 improprie.
2639 3883 2787 3946 Pro·

207 3964 444 4029 babilis
489 3968 758 4031 fortasse
815 3969 938 4032 erit
982 3971 1303 4034 sententia
1348 3972 1521 4044 ista3.
1560 3970 1669 4032 sed
1737 3971 1938 4050 magis
1999 3969 2410 4031 adhaeremus
2454 3968 2795 4028 sententiae

206 4049 555 4112 contrariae
598 4059 662 4111 et
705 4054 1124 4114 communiori
1172 4065 1313 4114 cum
1358 4051 1566 4125 croix,
1612 4050 1962 4127 Holzman,
2006 4047 2313 4122 Sanchez,
2365 4046 2629 4120 Suarez,
2674 4055 2795 4107 etc.

208 4124 367 4200 Quia
413 4147 530 4192 usu
579 4129 822 4209 vulgari
873 4131 1297 4211 manuscripta
1346 4147 1513 4211 saepe
1558 4131 1867 4195 librorum
1908 4131 2164 4193 nomine
2202 4129 2506 4207 insigniri
2546 4125 2798 4199 solent3

122 4277 125 4280 ,
214 4210 307 4269 sic
350 4209 1091 4296 appellabantur-omnia
1140 4215 1397 4291 scripta,
1441 4219 1782 4292 antequam
1831 4211 2244 4291 typographia
2285 4217 2455 4271 esset
2491 4209 2797 4282 inventa3

212 4285 307 4351 sic
351 4292 413 4372 in
463 4291 713 4354 Rituali
754 4291 823 4354 R.
871 4290 1019 4354 libri
1066 4292 1470 4372 appellantur
1516 4295 1971 4371 manuscripta,
2013 4290 2119 4353 ubi
2153 4289 2550 4352 adnotantur
2596 4288 2791 4367 bapti-

212 4380 437 4446 smata,
486 4374 892 4437 matrimonia
941 4383 1003 4435 et
1040 4373 1263 4436 funera
1313 4373 1621 4436 fidelium.
1670 4372 1829 4435 Hinc
1863 4369 2255 4434 'Benedictus
2298 4368 2436 4432 xiv
2483 4378 2799 4449 quotquot

216 4452 550 4525 prohibuit
594 4453 815 4529 libros,
864 4459 1053 4516 etiam
1102 4456 1533 4533 manuscripta
1579 4453 2085 4533 comprehendit.
2468 4460 2473 4465 ·

202 4603 209 4622 .
294 4532 575 4594 ¹029.
616 4533 682 4607 Q.
727 4535 787 4596 5.
830 4532 993 4610 Quid
1022 4534 1096 4596 dc
1137 4532 1326 4597 libris
1366 4535 1686 4598 damnatis
1729 4538 1802 4597 ob
1847 4531 2411 4612 transyressionem
2439 4530 2667 4592 violati
2709 4529 2790 4589 si·

211 4609 411 4750 {antii
458 4612 540 4675 De
592 4614 849 4680 Gaticoet·
892 4615 1432 4693 condemnatione,
1460 4617 1548 4679 ‘ac
1589 4615 1661 4677 dc
1706 4611 1865 4678 libro
1927 4611 2244 4695 prohibito
2270 4658 2288 4689 ,
2329 4610 2438 4674 scd
2483 4612 2557 4673 in
2599 4609 2796 4671 aliam

244 4706 500 4771 mquam
540 4698 768 4758 verso?
1190 4703 1201 4720 ·
1691 4729 1692 4732 π
2194 4697 2200 4705 ’
2575 4711 2580 4716 ·
