3292 5167
1042 283 1122 329 nn
1168 281 1610 331 susm-uriom:
1659 284 1722 329 nv
1768 281 1978 329 specis
2690 261 2820 326 503

224 386 447 454 minus
493 384 719 468 nubat,
795 402 947 454 cum
1015 403 1233 472 neque
1297 385 1364 454 id
1437 394 1568 456 stet
1635 404 1758 473 per
1802 384 2110 471 puellam,
2180 383 2330 454 ideo
2398 383 2521 452 ista
2569 400 2837 469 semper

220 512 466 581 urgere
511 499 757 580 potest,
809 492 904 561 uti
958 494 1083 562 sibi
1134 501 1633 581 compensetur.

313 602 513 666 ἴω.
562 607 634 683 Q.
684 606 747 670 5.
804 602 967 684 Quid
1011 604 1069 670 si
1112 614 1460 691 stuprator,
1491 603 1601 689 qui
1630 604 1941 689 virginem
1963 600 2283 668 seduxerit
2331 619 2479 667 vera
2526 612 2639 667 aut
2673 600 2843 684 falsa

221 709 616 792 matrimonii
665 709 1100 796 promissione,
1149 721 1287 776 voto
1335 710 1641 777 castitatis
1708 721 1821 778 aut
1875 706 2295 794 ingredienda?
2368 707 2706 792 Religionis
2749 706 2839 773 sit
2934 785 2938 789 Α

226 815 477 902 liyatus,
527 817 622 884 vel
665 837 808 883 cum
850 829 1140 904 stuprata
1186 819 1729 904 consenquinitate
1773 820 1872 885 vel
1915 818 2212 905 affinitate
2259 816 2624 900 conjunctus
2651 819 2682 880 P

323 927 395 993 R.
441 921 539 991 Ad
592 926 671 990 l:
722 924 791 991 Si
841 930 1182 1009 stuprator
1213 932 1441 993 votum
1475 925 1638 993 illud
1675 924 1897 994 emisit
1946 930 2098 1010 post
2133 921 2681 1009 promissionem,
2723 921 2843 987 do-

231 1037 384 1100 cent
432 1030 880 1099 communiter
925 1030 1112 1098 illum
1162 1031 1371 1099 teneri
1421 1030 1502 1097 ad
1551 1031 1937 1116 coniugium
1956 1055 1974 1110 ;
2056 1046 2208 1098 nam
2279 1033 2509 1095 votum
2595 1027 2839 1096 nullius

227 1144 331 1207 est
378 1135 730 1224 ponderis·
767 1154 917 1206 cum
967 1136 1285 1205 emissum
1353 1137 1552 1206 fuerit
1603 1137 1668 1204 in
1719 1136 2025 1222 injuriam
2078 1134 2317 1221 puellae
2392 1132 2720 1218 deceptae.
2772 1132 2841 1200 Si

220 1261 380 1314 vero
429 1243 649 1312 emisit
697 1250 849 1313 ante
899 1243 1434 1329 promissionem,
1488 1244 1782 1313 Concina
1831 1249 1897 1311 et
1978 1245 2261 1327 Layman
2296 1247 2538 1326 negant
2585 1247 2844 1324 stupra-

223 1341 441 1421 torem
491 1350 570 1418 ad
618 1351 1003 1438 conjugium
1051 1352 1282 1420 teneri.
1354 1351 1485 1419 Sed
1591 1351 1919 1419 sententia
1968 1349 2378 1436 probabilior
2424 1354 2491 1417 et
2558 1345 2843 1415 tenenda

226 1465 408 1526 recte
456 1458 654 1526 tradit
702 1458 916 1526 adhuc
965 1458 1183 1543 ipsum
1234 1458 1548 1543 obligari;
1600 1460 1753 1543 quia
1803 1457 2117 1525 damnum
2167 1454 2643 1542 {deflorationis
2677 1472 2843 1521 nun-

224 1582 426 1650 quam
474 1565 820 1652 adaequate
868 1572 1231 1650 reparatur,
1286 1565 1410 1633 nisi
1461 1566 1853 1651 per-ipsum
1959 1563 2364 1649 conjugium.
2433 1564 2566 1629 Nec
2621 1561 2845 1628 obstat

225 1679 488 1754 votum3
539 1690 694 1740 nam
738 1672 959 1741 debita
1010 1690 1294 1741 onerosa
1345 1679 1498 1740 sunt
1547 1672 1994 1740 communiter
2062 1668 2475 1757 praeferenda
2513 1667 2838 1754 gratuitis,

225 1781 470 1866 quibus
518 1799 758 1868 nempe
807 1797 1075 1866 semper
1104 1780 1279 1847 inest
1313 1778 1647 1848 conditio:
1687 1781 1861 1859 dabo,
1909 1781 1967 1846 si
2009 1790 2209 1845 status
2253 1795 2468 1845 rerum
2515 1796 2644 1843 non
2689 1795 2828 1841 mu-

223 1898 406 1954 tetur.
458 1888 621 1956 Hinc
669 1888 723 1955 si
774 1886 923 1973 quis
970 1887 1243 1969 voverit,
1295 1906 1350 1952 V.
1402 1904 1459 1971 g.
1509 1885 1666 1954 dare
1714 1888 1888 1954 bona
1937 1903 2055 1953 sua
2106 1884 2425 1954 Ecclesiae
2477 1890 2543 1952 et
2609 1889 2839 1969 postea

225 1994 542 2063 damnum
590 1995 783 2063 alicui
833 1994 1091 2076 inierat,
1143 1995 1328 2080 prius
1370 2001 1636 2063 tenetur
1682 1994 2006 2064 resarcire
2071 1993 2385 2060 damnum
2457 1999 2525 2061 et
2600 1997 2839 2076 postea

223 2101 501 2188 implere
549 2109 793 2169 votum.
839 2103 981 2169 Imo
1032 2103 1216 2187 Lugo
1280 2107 1458 2169 certe
1507 2107 1572 2170 et
1621 2102 1816 2187 longe
1866 2101 2276 2188 probabilius
2325 2100 2390 2168 id
2440 2103 2668 2167 censet
2719 2113 2828 2163 va-

225 2210 383 2293 lere,
434 2208 560 2278 etsi
651 2210 835 2293 virgo
885 2209 1122 2276 violata
1170 2209 1368 2276 fuerit
1417 2210 1685 2278 conscia
1755 2210 1916 2290 voti;
1989 2208 2141 2295 quia
2192 2225 2345 2276 cum
2399 2214 2552 2293 post
2605 2224 2818 2291 copu-

226 2319 356 2387 lam
405 2317 593 2386 facile
642 2325 870 2404 posset
902 2319 1187 2388 obtineri
1239 2318 1371 2386 voti
1408 2318 1841 2403 dispensatio,
1877 2317 2094 2404 potuit
2129 2315 2397 2385 foemina
2433 2315 2822 2401 intelligere,

221 2426 349 2496 sibi
402 2425 695 2512 promitti
751 2424 1267 2512 dispensationis
1338 2425 1919 2511 procurationem:
1970 2441 2167 2510 quam
2239 2421 2387 2492 ideo
2439 2440 2671 2491 curare
2724 2429 2826 2492 te-

226 2541 427 2603 netur
472 2540 832 2619 stuprator.
884 2533 1075 2616 Quod
1123 2534 1177 2601 si
1228 2551 1370 2601 eam
1437 2532 1741 2601 obtinere
1790 2551 1923 2601 non
1976 2539 2224 2618 posset,
2278 2538 2543 2598 tenetur
2601 2531 2839 2599 saltem

227 2641 310 2709 ad
359 2640 929 2728 compensandum
976 2641 1311 2709 damnum.

313 2751 384 2817 R.
433 2750 530 2818 Ad
577 2752 660 2817 2:
708 2749 976 2820 Violans
1024 2748 1383 2834 virginem,
1433 2765 1631 2834 quam
1683 2747 1808 2816 scit
1857 2746 1981 2815 sibi
2032 2765 2180 2816 esse
2231 2745 2672 2832 conjunctam,
2708 2741 2833 2814 'sub

223 2855 633 2924 matrimonii
685 2855 1130 2942 promissione
1179 2855 1379 2924 etiam
1428 2855 1579 2924 ficta
1629 2855 1811 2940 (casu
1865 2870 1996 2940 quo
2048 2853 2292 2922 mulier
2323 2870 2454 2921 non
2501 2851 2831 2938 potuisset

226 2962 568 3032 fictionem
595 2962 1165 3049 animadvertere),
1226 2969 1491 3031 tenetur
1546 2959 2111 3047 dispensationem
2169 2959 2542 3045 impetrare,
2602 2973 2829 3044 quam-

233 3071 354 3153 vis,
405 3078 480 3138 ut
529 3071 745 3139 verius
796 3077 1125 3157 putamus,
1177 3070 1357 3138 nulla
1407 3069 1492 3138 sit
1539 3068 1707 3139 facta
1756 3070 1822 3137 in
1888 3069 1995 3136 illa
2070 3067 2513 3154 promissione
2585 3064 2837 3134 mentio

226 3173 752 3264 dispensationis
803 3177 1258 3265 impetrandae.
1309 3176 1380 3245 ld
1454 3180 1630 3246 enim
1701 3175 2260 3260 subintelligitur,
2334 3182 2534 3262 prout
2582 3174 2635 3242 si
2687 3172 2839 3241 reli·

233 3285 465 3372 giosus
500 3283 843 3370 promittat
878 3281 949 3353 se
983 3284 1229 3371 aliquid
1263 3283 1592 3366 daturum,
1628 3283 2153 3368 subintelligitur
2176 3283 2248 3348 de
2274 3282 2534 3350 licentia
2556 3280 2839 3360 Proelati3

243 3391 400 3461 ideo
464 3391 564 3459 vir
628 3399 894 3461 tenetur
959 3410 1315 3478 procurare
1376 3390 1946 3477 dispensationem
1996 3397 2060 3458 et
2110 3388 2607 3457 matrimonium
2675 3406 2891 3456 con--

229 3500 504 3570 trahere
553 3500 632 3568 ad
680 3499 915 3568 damna
963 3500 1183 3568 omnia
1233 3498 1650 3568 resarcienda
1700 3505 1765 3567 et
1814 3506 2002 3584 pacta
2052 3497 2414 3579 servanda3
2464 3514 2615 3564 cum
2658 3493 2839 3563 taciti

237 3617 312 3680 et
364 3609 662 3696 expressi
712 3607 941 3677 eadem
990 3606 1075 3675 sit
1123 3608 1315 3675 ratio.

327 3717 397 3785 Si
437 3724 656 3785 tamen
691 3720 1033 3801 stuprator
1064 3714 1557 3801 inculpabiliter
1580 3732 1713 3782 non
1742 3713 2134 3782 advertisset
2160 3711 2241 3780 ad
2267 3711 2838 3798 impedimentum,

232 3831 304 3895 et
376 3842 498 3911 pro
570 3821 1070 3912 dispensatione
1132 3838 1302 3906 opus
1368 3829 1544 3889 esset
1606 3839 1842 3907 magna
1906 3819 2293 3890 difficultate
2365 3829 2477 3887 aut
2539 3824 2835 3902 sumptu,

228 3933 396 4003 satis
448 3939 549 4001 est
599 3930 653 4000 si
704 3930 941 3997 damna
989 3928 1261 4011 reficiat,
1311 3929 1482 3998 sicut
1532 3929 1812 4014 quilibet
1860 3929 2027 3997 alius
2067 3928 2354 4014 injustus
2389 3926 2753 3994 deflorator
2787 3928 2877 3993 ¹.-

320 4031 527 4101 '328-
580 4042 651 4121 Q.
709 4041 771 4107 6.
822 4040 1125 4120 Quoenam
1169 4049 1316 4105 sunt
1358 4039 1734 4124 stupratoris
1780 4050 1836 4104 et
1887 4048 2184 4125 stuprata·
2228 4035 2626 4120 obligationes
2663 4052 2815 4119 erga

219 4149 492 4237 prolem,
540 4147 597 4213 si
642 4152 992 4213 nascatur?
1116 4141 1120 4144 ’

321 4257 393 4324 R.
443 4253 514 4322 Si
562 4252 787 4341 proles
839 4258 1207 4334 enascatur,
1255 4252 1464 4334 magis
1515 4256 1706 4335 urget
1756 4248 2071 4333 obligatio
2121 4246 2620 4315 matrimonium
2655 4247 2820 4314 cele-

227 4349 486 4432 brandi
543 4361 718 4429 inter
789 4366 1238 4446 stupratorem
1287 4365 1352 4425 et
1400 4363 1768 4441 stupratam
1816 4354 1897 4422 ad
1945 4354 2121 4423 illam
2201 4352 2688 4440 legitimandam
2759 4371 2835 4422 ac

239 4468 723 4540 sustinendam.
774 4465 965 4549 Quod
998 4467 1052 4534 si
1088 4465 1339 4552 nuptiae
1376 4463 1595 4533 locum
1631 4463 1874 4531 habere
1909 4469 2272 4549 nequeunt,
2322 4469 2478 4530 tunc
2513 4463 2566 4530 si
2604 4470 2835 4546 agatur

230 4578 316 4648 de
386 4582 621 4663 stupro
692 4574 1027 4657 violente,
1089 4576 1246 4643 Jure
1316 4578 1571 4640 natarae
1622 4571 1747 4639 sub
1798 4570 1971 4656 gravi
2020 4575 2362 4656 stuprator
2438 4577 2702 4638 tenetur
2750 4568 2831 4636 ad

294 4735 315 4777 ¹
361 4737 418 4787 V.
455 4733 685 4798 nguori‚
721 4733 809 4796 Ορ.
843 4727 998 4794 Hor„
1028 4732 1070 4783 l.
1109 4744 1189 4793 m,
1224 4743 1278 4783 n.
1314 4733 1435 4794 6603
1463 4731 1626 4787 Homo
1662 4729 1853 4792 Apost„
1890 4727 2041 4782 tract.
2078 4738 2137 4792 x,
2178 4739 2230 4783 n.
2263 4731 2343 4781 98.
