3292 5167
872 304 876 308 -
979 262 1084 330 'nu
1130 283 1568 332 nsssrtrurtont:
1616 288 1677 332 ιΝ
1727 287 1963 335 omnen
2678 274 2813 340 459

217 390 444 452 torum
496 384 844 466 exactioni,
898 394 1045 469 etc.,
1096 404 1130 453 a
1183 387 1498 476 principe,
1553 391 2029 459 communitate
2103 392 2203 461 vel
2276 393 2530 481 privato
2603 396 2833 483 praefi·-

213 489 508 558 ciuntur.
561 493 682 573 Qui
732 492 785 559 si
822 483 1148 562 'deficiant
1209 495 1481 582 proprio
1532 497 1787 565 muneri
1840 496 2119 584 (praeter
2179 509 2525 587 peccatum
2590 511 2823 572 contra

205 596 687 684 juramentum,
737 600 789 669 si
843 601 1002 669 illud
1053 603 1382 691 emittant)
1433 611 1706 689 peccant
1756 607 1952 673 etiam
2004 604 2233 675 contra
2277 609 2603 694 iustitiam
2639 629 2823 681 com-

220 705 605 774 mutativam
657 726 808 794 erga
857 708 1336 792 damnificatoS,
1371 716 1435 780 et
1471 718 1782 779 tenentur
1826 711 1909 780 de
1957 712 2213 783 damnis
2262 734 2381 784 sua
2420 718 2821 803 negligentia

218 831 355 881 non
404 811 740 900 impeditis
789 816 852 882 in
897 814 1159 884 defectu
1193 817 1769 887 damnificatorum
1806 823 1873 900 ι;
1923 838 2074 888 cum
2110 820 2259 889 ideo
2299 824 2630 909 stipendio
2665 843 2824 893 con-

217 919 402 989 ducti
448 923 620 1005 sint„
652 930 721 990 ut
771 922 1113 991 dominum
1164 933 1427 993 servent
1477 926 1880 995 indemnem.

311 1031 409 1096 An
457 1037 680 1101 autem
730 1040 973 1117 praeter
1019 1032 1253 1100 damna
1304 1041 1656 1101 teneantur
1702 1034 1766 1100 in
1835 1034 2247 1113 conscientia
2297 1038 2493 1104 etiam
2559 1039 2819 1109 solvere

215 1139 538 1222 mulctam,
576 1157 771 1224 quam
820 1138 1128 1206 dominus
1171 1157 1202 1205 a
1239 1141 1367 1207 reis
1405 1141 1834 1227 percepisset,
1874 1143 1926 1209 si
1963 1142 2090 1229 ipsi
2136 1162 2252 1211 eos
2292 1144 2814 1229 denuntiassent,

213 1245 589 1332 disputant,
632 1246 832 1315 Valde
906 1247 1339 1332 probabiliter
1408 1248 1732 1315 affirmant
1804 1251 2109 1335 Layman‚
2161 1252 2361 1318 Sotus
2412 1259 2475 1320 et
2525 1254 2811 1339 Sporer3

212 1355 375 1440 quia
426 1354 699 1423 omissio
750 1354 1302 1437 denunciationis,
1351 1373 1501 1442 quae
1569 1362 1671 1424 est
1743 1357 2036 1425 facienda
2116 1359 2369 1427 ratione
2444 1361 2663 1443 officii,
2717 1369 2820 1430 est

211 1480 441 1546 causa,
492 1471 563 1530 ut
613 1462 772 1530 illud
813 1463 924 1549 jus
976 1464 1341 1530 amittatur.
1392 1466 1694 1532 Attamen
1763 1466 2193 1533 communius
2235 1485 2309 1535 ac
2357 1469 2516 1535 satis
2574 1469 2815 1551 proba-

218 1568 446 1636 biliter
502 1578 744 1655 negant
817 1570 1110 1651 Lessius,
1162 1572 1661 1656 Lopez„Lugo,
1716 1572 2273 1641 salmanticenses
2347 1581 2411 1641 et
2484 1576 2846 1644 Sanchez:⁴

213 1676 390 1743 ratio
442 1685 561 1759 est,
614 1679 765 1763 quia
819 1677 920 1745 lex
973 1677 1250 1762 poenalis
1328 1696 1459 1746 non
1531 1677 1830 1763 intendit,
1887 1686 1956 1746 ut
2004 1676 2204 1748 fiscus
2255 1683 2351 1749 vel
2418 1682 2666 1753 domini
2718 1683 2819 1751 di-

217 1778 453 1850 tentu'r
499 1784 763 1851 mulctis
814 1786 880 1865 ²3
930 1783 1045 1851 sed
1093 1790 1373 1867 tantum,
1424 1792 1494 1851 ut
1547 1784 1632 1850 illi
1686 1794 2034 1853 serventur
2082 1786 2425 1857 indemnes
2476 1782 2818 1859 ac'trans-
2876 1818 2884 1827 ’

213 1908 573 1975 ‚gressores
623 1892 998 1978 puniantur.
1052 1892 1235 1961 Unde
1281 1911 1410 1960 non
1462 1900 1561 1959 est
1621 1893 1741 1961 nisi
1813 1893 2177 1978 indirecte,
2249 1897 2428 1981 quod
2498 1898 2628 1965 illae
2702 1898 2819 1968 de-

219 1998 382 2066 bitae
435 1998 588 2081 sint,
644 2017 881 2086 nempe
931 2006 1081 2086 post
1128 2000 1556 2068 sententiam:
1593 2019 1667 2070 ac
1700 2001 1978 2087 proinde
2020 2022 2138 2072 nec
2171 2004 2369 2073 fiscus
2410 2024 2531 2073 nec
2570 2006 2820 2077 domini

207 2106 328 2193 jus
376 2107 703 2190 strictum,
754 2125 871 2174 seu
923 2105 1318 2193 acquisitum
1371 2107 1612 2175 babent
1662 2107 1742 2174 ad
1791 2108 1956 2177 illas.
2009 2114 2146 2192 Qua
2195 2130 2274 2178 ex
2323 2111 2618 2181 doctrina
2655 2133 2816 2183 con-

218 2212 521 2296 cludunt,
573 2212 751 2299 quod
801 2213 1059 2282 fiscales
1114 2234 1242 2283 non
1296 2213 1748 2305 denuntiando
1800 2225 2075 2301 peccant
2125 2224 2382 2286 tantum
2434 2226 2663 2287 contra
2705 2221 2817 2306 ju·-

213 2319 468 2388 stitiam
520 2321 797 2406 legalem
837 2321 900 2388 in
937 2321 1167 2389 ordine
1204 2320 1282 2389 ad
1318 2322 1653 2405 mulctam,
1690 2322 1974 2409 ideoque
2012 2331 2322 2392 tenentur
2354 2327 2817 2397 tantummodo

218 2430 549 2497 resarcire
599 2429 909 2497 damnum
967 2431 1405 2517 vectigalium,
1458 2449 1606 2518 quae
1682 2442 2085 2500 mercatores
2160 2432 2569 2503 debuissent.
2638 2435 2819 2504 Idem

213 2533 454 2602 dicunt
525 2534 606 2603 de
669 2536 891 2622 judice
965 2536 1274 2604 mulctam
1348 2538 1746 2623 punitoriam
1822 2558 1952 2606 non
2013 2539 2352 2625 exigente:
2408 2549 2470 2609 et
2524 2541 2668 2609 talis
2719 2549 2820 2609 est

223 2641 448 2728 praxis
500 2661 579 2710 ex
630 2645 823 2728 Gury,
877 2643 978 2710 cui
1032 2644 1401 2712 communis
1451 2663 1689 2713 sensus
1740 2644 2119 2735 concordat.

312 2751 574 2819 Pariter
619 2750 1160 2819 communissima
1218 2750 1487 2834 dicunt,
1548 2771 1763 2837 neque
1834 2753 2017 2820 illum
2081 2754 2289 2822 teneri
2343 2753 2423 2820 ad
2472 2754 2818 2838 mulctam,

213 2857 336 2944 qui
385 2856 679 2944 impedit,
730 2877 812 2925 ne
863 2857 1105 2925 mulcta
1161 2858 1322 2926 fisco
1372 2859 1743 2945 applicetur
1791 2869 1941 2928 ante
1990 2862 2421 2930 sententiam:
2494 2863 2593 2930 vel
2665 2864 2821 2948 quia

217 2962 424 3032 fiscus
474 2972 624 3031 ante
672 2964 1068 3032 sententiam
1117 2965 1369 3032 nullum
1422 2965 1500 3032 ad
1552 2984 1812 3051 poenam
1857 2967 1966 3053 jus
2017 2967 2336 3052 acquirit;
2384 2968 2483 3037 vel
2521 2968 2671 3055 quia
2722 2969 2817 3037 sic

210 3070 455 3138 saltem
506 3072 827 3157 accipitur
867 3071 1313 3140 communiter
1360 3073 1485 3140 hoc
1536 3073 1676 3140 fisci
1721 3073 1829 3159 jus
1880 3073 1960 3141 ad
2009 3092 2260 3160 poenas,

503 3361 651 3426 Anr.
697 3359 772 3425 11.
825 3395 915 3405 —
961 3363 1049 3426 De
1092 3379 1160 3425 eo
1206 3361 1308 3426 cui
1352 3360 1657 3427 restitutio
1701 3360 1990 3445 facienda
2036 3372 2142 3442 est,
2193 3361 2266 3427 de
2311 3361 2527 3453 ordine

990 3514 1045 3569 et
1089 3504 1494 3570 restitutionis
1541 3503 2043 3571 circumstantiis,

307 3751 509 3816 8⁷8.
563 3752 634 3831 Q.
688 3753 744 3818 1.
797 3751 1062 3818 Cuinam
1107 3753 1489 3820 restituenda
1536 3766 1681 3820 sunt
1728 3755 1885 3822 bona
1933 3760 2150 3821 certa?

308 3860 379 3927 R.
428 3860 610 3925 Bona
660 3867 838 3926 certa
886 3857 1216 3927 ordinarie
1264 3860 1600 3945 loquendo
1652 3860 2061 3928 restituenda
2096 3868 2251 3928 sunt
2293 3858 2670 3946 possessori
2720 3858 2811 3926 le·

217 3965 475 4048 giumo,
525 3965 824 4049 quamvis
875 3983 1004 4032 non
1056 3965 1142 4032 sit
1190 3984 1422 4033 eorum
1497 3967 1829 4047 dominuS,
1881 3976 1950 4035 ut
1998 3969 2049 4035 si
2103 3976 2281 4035 esset
2349 3964 2814 4051 depositarius,

225 4070 611 4151 locatarius;
664 4071 767 4139 bic
816 4072 989 4139 enim
1031 4071 1142 4158 jus
1192 4073 1388 4141 habet
1436 4074 1609 4141 bona
1659 4074 1766 4142 illa
1819 4093 2022 4160 penes
2094 4092 2169 4143 se
2231 4071 2582 4141 retinendi.
2631 4070 2814 4138 Dixi-

221 4196 370 4247 mus
417 4178 737 4245 ordinarie
784 4180 1102 4265 loquendo,
1151 4180 1304 4269 quia
1352 4180 1406 4249 si
1455 4169 1642 4249 bona'
1704 4180 2112 4250 restituenda
2160 4181 2226 4249 in
2275 4198 2474 4247 manu
2548 4196 2817 4265 posses-

286 4408 308 4448 1
332 4405 568 4472 Excipe:
603 4408 703 4461 nist
738 4408 1023 4473 prudenter
1055 4394 1304 4473 praesumi
1341 4409 1527 4474 possit,
1562 4408 1845 4460 dominum
1880 4408 2139 4461 damnum
2185 4407 2512 4469 condonare,
2562 4406 2624 4458 ut
2653 4406 2811 4459 eveni

224 4471 280 4522 in
310 4471 471 4522 rebus
505 4472 720 4524 levioris
753 4472 1029 4532 momenti,
1066 4473 1159 4524 aut
1199 4483 1324 4524 cum
1357 4472 1613 4525 damnum
1648 4471 1709 4523 nt
1741 4483 1773 4522 a
1807 4472 2003 4535 pueris,
2038 4481 2134 4533 pro
2166 4470 2361 4532 quibus
2389 4483 2500 4523 una
2530 4469 2616 4521 vel
2648 4470 2819 4521 altera

222 4533 338 4584 vice
370 4534 567 4585 sufficit
599 4547 663 4586 ex
687 4537 1008 4608 praesumpta
1039 4535 1243 4587 domini
1268 4536 1621 4607 voluntatem
1642 4532 2250 4586 consuetudinesecreta
2266 4532 2506 4586 monitio,
2529 4559 2592 4572 -
2616 4534 2675 4585 V.
2699 4533 2819 4583 Fer·
2843 4561 2858 4575 ,

226 4596 386 4656 raris;
425 4597 483 4646 V.
520 4598 750 4656 Locutio,
782 4598 1068 4658 Restitutio,
1105 4608 1151 4648 a.
1188 4610 1222 4647 ι.
1255 4623 1320 4636 -
1356 4598 1585 4660 Liguort,
1621 4597 1712 4659 011.
1750 4597 1906 4656 Mor„
1943 4598 1975 4647 l:
2011 4608 2086 4652 ιιι,
2123 4607 2176 4647 ιι.
2210 4597 2327 4657 383:
2363 4596 2396 4646 l.
2433 4609 2505 4658 tv,
2536 4610 2589 4649 n.
2625 4597 2735 4648 237.

283 4659 309 4698 ²
344 4659 510 4720 Hujus
544 4660 753 4721 generis
788 4659 1017 4719 mulctae,
1049 4671 1169 4723 quae
1202 4660 1456 4712 cedebant
1491 4659 1641 4718 fisco,
1679 4661 1731 4710 in
1768 4658 2173 4710 pedemontano
2226 4671 2394 4721 regno
2444 4659 2600 4709 bodie
2651 4655 2820 4718 applt·
2906 4729 2911 4738 Ι

215 4724 413 4772 cantur
445 4720 806 4773 beneficentia:
841 4721 1120 4786 Operibus,
1156 4734 1275 4786 quae
1311 4723 1376 4774 tis
1413 4723 1466 4774 tn
1505 4721 1636 4773 locis
1669 4722 1922 4783 existunt,
1958 4721 2051 4773 ubi
2084 4722 2436 4782 transgressio
2465 4722 2749 4783 contingit.
