3292 5167
1266 238 1724 290 Annonrlonns
2318 204 2324 210 ⁴
2671 223 2801 290 769

213 341 375 405 ratio
421 348 812 404 nostranon
860 348 1030 404 esset
1072 340 1200 404 nisi
1244 342 1639 411 materialis:
1686 357 1897 421 neque
1940 343 2113 408 enim
2160 349 2378 423 peccat
2419 343 2656 422 viator,
2690 347 2800 425 qui

212 422 443 485 latroni
492 423 888 501 marsupium
935 421 1168 485 tribuit
1210 424 1391 502 gravi
1437 430 1612 486 metu
1658 422 2046 502 compulsus.
2407 453 2412 460 ι
2617 429 2628 446 ·

371 501 428 564 3.
472 502 552 564 Ut
594 500 948 565 materialis
994 508 1210 565 nostra
1256 505 1624 583 cooperatio
1669 519 1795 565 non
1844 505 1928 565 sit
1990 501 2135 565 aliis
2198 501 2499 566 scandalo
2530 550 2546 577 ,
2615 505 2799 588 quasi

211 598 443 660 nempe
487 592 715 661 putent
758 598 874 644 nos
917 598 997 644 ex
1039 584 1253 647 animo
1298 583 1376 645 ad
1422 585 1741 646 actionem
1787 582 1962 647 illam
1997 598 2411 646 concurrere.
2457 581 2801 665 Quousque

208 662 581 725 scandalum
630 680 758 724 non
806 669 1157 741 amovetur,
1200 667 1565 742 cooperatio
1609 672 1707 726 est
1736 666 2021 744 graviter
2057 663 2416 743 prohibita;
2462 677 2801 729 amovetur

214 753 451 814 autem,
495 760 553 805 v,
598 761 678 821 g..
724 750 944 804 contra
992 743 1399 806 coactionem·
1435 746 1720 823 iniquam
1768 744 2200 823 protestando,
2247 745 2420 807 illam
2467 760 2638 823 aegre
2683 762 2792 807 ex·

212 833 416 886 terius
463 822 751 912 ferendo,
795 823 855 885 ei
900 824 1105 902 quoad
1153 832 1360 904 potest
1403 825 1786 900 resistendo,
1829 837 1893 886 et
1936 824 2059 887 alia
2104 825 2344 887 similia
2392 824 2532 902 plus
2579 828 2797 890 minus

210 913 483 967 externe
527 903 777 982 agendo
823 919 936 983 pro
981 905 1637 967 circumstiantiarum
1683 916 1792 968 aut
1837 921 2259 984 personarum
2298 907 2628 968 varietate.
2677 905 2797 969 Ne·

213 1000 337 1064 que
384 985 529 1046 ideo
574 1000 794 1047 sumus
837 999 871 1045 a
919 983 1103 1046 nobis
1147 986 1303 1064 ipsis
1348 985 1828 1059 dissentiente3‚
1874 993 2089 1063 postea
2135 985 2345 1047 dando
2405 986 2570 1064 quod
2620 989 2800 1066 prius

210 1070 622 1142 negavimus:
668 1079 973 1142 negamus
1002 1081 1075 1126 ac
1112 1068 1471 1128 resistimus
1506 1068 1732 1142 primo,
1765 1081 1846 1127 ne
1881 1066 2218 1129 videamur
2268 1067 2584 1143 iniquiter
2611 1082 2801 1145 agen·

210 1145 381 1207 tibus
428 1144 670 1208 lubenti
717 1147 933 1207 animo
977 1148 1348 1221 connivere,
1390 1157 1455 1208 et
1497 1147 1583 1209 ita
1628 1145 2003 1209 scandalum
2034 1163 2066 1208 a
2102 1146 2399 1208 fidelibus
2429 1158 2807 1220 amovetur;

210 1230 436 1287 damus
484 1225 731 1300 ultimo,
780 1229 926 1304 quia
967 1241 1093 1287 nou
1141 1242 1475 1304 possumus
1522 1224 1668 1288 ullo·
1699 1213 1892 1288 modo*
1936 1230 2242 1298 retinere,
2275 1237 2477 1306 'atque
2522 1227 2601 1289 ad
2667 1244 2797 1291 ma-

206 1307 349 1385 jora
397 1305 624 1367 damna
672 1305 996 1368 evitanda.
1039 1306 1200 1372 Hinc
1232 1309 1351 1368 etsi
1380 1305 1664 1370 'velimus
1694 1308 1772 1368 ab
1805 1311 1978 1370 omni
2018 1307 2200 1385 culpa
2233 1308 2586 1382 absolvere,
2625 1325 2679 1370 v.
2713 1327 2793 1387 g.,

217 1385 324 1463 qui
372 1397 641 1449 externa
686 1385 925 1449 laetitiae
972 1387 1155 1464 signa
1203 1387 1493 1465 praebent
1536 1403 1651 1466 pro
1695 1387 1909 1466 aliquo
1955 1389 2293 1467 reprobato
2343 1389 2544 1466 ‘opere
2610 1388 2781 1451 faces

211 1475 406 1530 noctu
450 1466 901 1541 incendend03
944 1466 1174 1528 vexilla
1227 1467 1606 1545 pandend03
1646 1467 1916 1538 ,domum
1947 1469 2278 1543 ornand03
2314 1484 2655 1545 campanas
2692 1478 2802 1532 aut

202 1548 644 1614 instrumenta
689 1550 928 1609 musica
974 1547 1329 1625 pulsando.;
1371 1548 1862 1610 adhortationes
1908 1550 2022 1611 liae
2068 1549 2148 1610 de
2207 1566 2276 1611 re
2344 1548 2421 1610 ab
2486 1552 2806 1626 operariis

210 1626 411 1705 praelo
456 1626 859 1705 subjiciendo
903 1627 1003 1688 vel
1052 1626 1372 1706 vulgando
1419 1629 1518 1689 vel
1564 1629 1927 1706 affigendo,
1996 1630 2306 1708 gestando
2372 1631 2552 1706 signa
2613 1646 2803 1708 pecu-

212 1708 400 1769 liaria
447 1725 519 1770 ac
564 1707 713 1769 mali
759 1708 974 1786 operis
1018 1708 1409 1782 distinctiva,
1453 1718 1792 1785 etc.,·etc.;
1838 1709 1979 1771 ideo
2018 1712 2164 1789 quia
2202 1725 2387 1771 secus
2423 1709 2570 1771 mali
2608 1710 2809 1773 multa

209 1790 307 1850 eis
357 1805 578 1851 revera
625 1790 911 1866 graviter
953 1789 1324 1862 minantur3
1370 1805 1496 1850 non
1530 1800 1684 1851 sunt
1713 1799 1888 1852 certo
1920 1790 2273 1852 excusandi
2312 1790 2418 1867 qui
2456 1789 2608 1852 talia
2654 1807 2808 1868 prae·

210 1877 388 1933 stant
431 1868 663 1943 subito,
709 1884 834 1929 non
881 1878 1336 1946 repugnante3‚
1395 1868 1702 1949 nulloque
1770 1871 2052 1948 periculo
2125 1871 2524 1944 imminenti,
2600 1886 2809 1949 neque

213 1961 462 2011 remoto
507 1948 850 2011 scandalo:
894 1948 1059 2027 quod
1108 1948 1481 2011 scandalum
1526 1959 1698 2013 esset
1742 1961 1918 2013 certe
1964 1951 2225 2028 maJoris
2285 1950 2524 2029 damni,
2555 1950 2607 2013 si
2647 1950 2806 2014 illud

210 2031 580 2092 tribuerent
623 2030 1043 2091 ecclesiastici
1094 2030 1234 2090 viri.
2539 2065 2543 2070 -

371 2109 425 2171 4.
474 2109 554 2172 Ut
595 2111 1282 2188 possimus·cooperari
1328 2107 1562 2172 damno
1609 2111 2323 2189 proximi,-requiritur,
2373 2118 2440 2171 ut
2503 2108 2807 2172 damnum

208 2189 380 2268 quod
426 2190 725 2251 timemus
770 2188 975 2263 nobis,
1017 2191 1101 2251 sit
1143 2190 1392 2252 ordinis
1433 2193 1826 2268 superioris:
1893 2206 1950 2252 v,
2007 2208 2085 2269 g„
2132 2207 2279 2253 cum
2351 2188 2456 2253 fur
2521 2192 2807 2252 minatur

212 2269 327 2331 tibi
373 2270 632 2333 auterre
677 2270 840 2334 bona
889 2278 1014 2344 tua,
1061 2270 1181 2332 nisi
1229 2273 1591 2347 coopereris
1641 2283 1708 2333 ut
1752 2270 1865 2332 ille
1909 2274 2219 2350 surripiat
2292 2270 2454 2334 bona
2520 2271 2824 2346 alterius;

213 2367 344 2412 non
393 2361 572 2429 potes
614 2348 787 2411 furto
831 2365 1180 2428 cooperari.
1226 2350 1420 2413 Secus
1463 2362 1632 2413 esset
1675 2353 1726 2413 si
1780 2352 1870 2412 illi
1922 2367 2048 2413 non
2092 2352 2496 2430 cooperando
2556 2351 2631 2413 ad
2668 2368 2807 2413 sur-

211 2431 513 2509 ripienda
559 2430 667 2493 illa
715 2430 900 2506 bona,
950 2441 1023 2493 tu
1070 2431 1400 2494 subiturus
1463 2448 1635 2493 esses
1703 2432 1852 2494 vitae
1918 2440 2026 2494 aut
2090 2430 2280 2494 famae
2346 2430 2809 2510 dispendium3

212 2512 362 2589 quia
411 2522 561 2573 tunc
602 2526 746 2573 cum
795 2512 857 2571 in
904 2520 1188 2573 extrema
1236 2515 1322 2573 sis
1367 2513 1752 2573 constitutus
1802 2513 2208 2587 necessitate,
2255 2520 2523 2575 tenetur
2595 2513 2807 2591 proxi-

209 2606 352 2654 mus
396 2592 474 2653 ad
521 2591 1015 2670 permittendam
1064 2592 1177 2654 tibi
1227 2590 1402 2653 illam
1458 2597 1975 2670 cooperationem
2030 2593 2095 2653 in
2167 2599 2428 2654 suorum
2493 2591 2810 2654 bonorum

205 2670 547 2749 jacturam,
591 2680 811 2750 utpote
855 2672 1113 2734 ordinis
1165 2670 1517 2746 interium,
1564 2689 1643 2735 ne
1693 2683 1760 2735 tu
1806 2674 1937 2735 vita
1996 2682 2106 2735 aut
2170 2672 2336 2735 fama
2404 2673 2811 2751 pericliteris.

209 2751 497 2829 Liguori,
534 2751 647 2814 Ho.
692 2753 927 2831 Apost„
973 2760 1151 2815 tract.
1197 2769 1281 2828 w,
1323 2768 1381 2813 n.
1427 2752 1525 2815 32.

290 2832 569 2911 Sporer,
645 2832 850 2895 Tract.
914 2849 953 2894 v
1007 2851 1077 2895 m
1131 2834 1439 2912 quintum·
1465 2839 1843 2912 proecepcum
1906 2832 2201 2911 Decaloqi
2267 2832 2452 2912 plura
2526 2831 2811 2911 disputat

210 2913 287 2973 ad
337 2915 584 2990 praxim
632 2924 953 2975 nostram:
1015 2937 1038 2968 ι
1083 2911 1219 2992 lpsa
1268 2916 1430 2975 ratio
1484 2914 1735 2992 (babet)
1807 2912 2161 2976 famulatus
2219 2930 2330 2976 seu
2398 2914 2647 2974 servitii
2715 2922 2813 2975 est
2903 2911 2914 2920 “

162 3049 163 3056 ,
209 2993 534 3056 sufficiens
575 3009 783 3069 causa,
829 3004 898 3057 ut
940 3002 1327 3056 excusentur
1370 2992 1591 3055 famuli
1640 3005 1704 3055 et
1752 2993 2054 3066 ancillae3
2097 2996 2248 3055 item
2295 2991 2699 3054 filiifamilias
2735 3001 2804 3054 et

212 3088 340 3135 uno
387 3073 580 3136 verbo
625 3073 885 3150 subditi,
928 3076 979 3136 si
1021 3077 1205 3152 jussu
1248 3072 1658 3136 dominorum
1720 3083 1829 3136 aut
1888 3072 2312 3136 Praelatorum
2342 3072 2584 3136 faciant
2613 3089 2809 3151 opera

212 3166 293 3215 ex
337 3171 406 3216 se
451 3153 887 3216 indifferentia
931 3164 996 3216 et
1040 3164 1283 3216 remote
1330 3163 1579 3216 tantum
1625 3154 1704 3215 ad
1766 3162 2090 3231 peccatum
2151 3170 2219 3215 se
2286 3154 2585 3216 habentia
2650 3154 2720 3231 (n
2772 3170 2812 3216 n

212 3235 390 3300 item,
418 3237 779 3314 propinque
813 3244 877 3297 et
914 3236 1201 3313 proxime
1245 3233 1325 3295 ad
1375 3244 1708 3313 peccatum
1753 3233 2105 3311 ordinata).
2159 3233 2238 3296 Ut
2282 3245 2492 3296 esset:
2532 3236 2595 3313 1)
2639 3237 2693 3295 si
2729 3171 2817 3295 21-

213 3315 430 3378 mulus
469 3309 652 3393 jussu
697 3316 835 3376 lieri
881 3316 1161 3378 usurarii
1213 3319 1549 3393 pecuniam
1600 3315 1679 3376 ad
1732 3330 1992 3376 usuram
2039 3314 2331 3377 dandam
2364 3323 2679 3388 numeret,
2715 3315 2816 3376 de·

214 3393 382 3457 ferat
442 3411 515 3457 ac
559 3398 829 3473 recipiat
874 3396 1341 3468 tantummodo,
1385 3397 1451 3456 iu
1500 3394 1744 3456 librum
1793 3393 2160 3456 referendo:
2217 3394 2456 3474 absque
2487 3394 2610 3457 alia
2646 3394 2813 3458 mala

214 3473 577 3537 intentione
621 3476 722 3537 vel
767 3476 1229 3554 complacentia
1276 3475 1349 3538 ad
1396 3485 1766 3553 peccatum3
1813 3474 1880 3550 2)
1927 3477 1979 3538 si
2014 3473 2236 3538 famuli
2282 3485 2346 3536 et
2390 3474 2663 3548 ancillae,
2694 3492 2811 3538 seu

212 3559 399 3635 coqui
445 3564 511 3618 et
552 3572 769 3636 coquae
814 3556 1092 3630 dominis
1126 3557 1445 3634 jejunium
1493 3555 1834 3617 violatoris
1871 3571 2118 3618 coenam
2164 3564 2228 3617 et
2271 3571 2498 3618 carnes
2529 3565 2811 3634 coquant

212 3637 316 3697 vel
366 3638 779 3709 ministreut;
821 3638 969 3713 quia
1016 3637 1152 3698 liaec
1196 3638 1361 3698 actio
1408 3645 1633 3697 natura
1662 3652 1771 3697 sua
1804 3651 1931 3698 non
1977 3636 2317 3698 ordinatur
2347 3636 2426 3698 ad
2459 3644 2809 3716 peccatum,

212 3715 327 3777 sed
351 3716 555 3779 solum
587 3718 664 3779 ad
690 3717 1109 3780 substantiam
1135 3725 1312 3778 actus
1350 3716 1829 3778 commestionis
1856 3725 2205 3796 spectantis
2233 3716 2307 3779 ad
2346 3717 2816 3780 nutrimentum

215 3794 647 3873 dominorum,
688 3797 856 3877 quod
903 3796 1127 3859 famuli
1172 3804 1238 3859 et
1278 3795 1534 3858 ancillae
1580 3797 1895 3875 impedire
1934 3812 2062 3858 non
2116 3806 2439 3871 tenentur,
2496 3795 2608 3859 sed
2656 3794 2801 3859 fuu-

214 3886 459 3953 guntur
514 3895 628 3940 suo
692 3878 899 3940 officio
944 3879 1110 3939 sicut
1151 3876 1299 3939 aliis
1344 3876 1625 3951 diebus;
1689 3877 1755 3955 3)
1821 3878 1874 3938 si
1909 3876 2220 3941 .l'amulus
2278 3878 2462 3954 jussu
2538 3876 2806 3953 domini,

212 3971 407 4033 quem
449 3959 569 4019 scit
613 3958 708 4020 ire
752 3957 831 4019 ad
876 3957 1403 4032 adulterandum,
1434 3965 1686 4021 sternat
1714 3973 1975 4038 equum,
2010 3959 2215 4038 ipsum
2255 3974 2428 4021 mere
2467 3961 2816 4021 comitetur

214 4050 525 4117 mereque
569 4046 880 4117 expectet,
923 4054 1101 4102 more
1144 4037 1334 4100 solito
1395 4048 1546 4101 ante
1592 4039 1763 4102 fores
1806 4040 2054 4105 servitii
2119 4055 2304 4105 causa
2370 4039 2465 4119 (id
2523 4046 2623 4102 est
2682 4054 2812 4101 non

213 4125 288 4178 ut
309 4118 651 4191 custodiat,
688 4134 984 4182 securum
1012 4118 1113 4181 vel
1143 4119 1603 4181 animosiorem
1646 4119 1723 4182 ad
1764 4131 2086 4199 peecatum
2133 4121 2403 4195 reddat;
2447 4129 2603 4183 tunc
2635 4121 2813 4182 enim

220 4198 567 4277 peccaret).
613 4197 769 4268 ltem
811 4200 864 4259 si
911 4198 1174 4261 foemina
1219 4212 1362 4262 cum
1408 4215 1529 4277 qua
1577 4199 1891 4261 dominus
1936 4207 2314 4277 peccaturus
2375 4210 2508 4273 est,
2575 4201 2644 4260 in
2710 4200 2816 4263 do·

214 4289 392 4341 mum
437 4278 753 4354 admittat,
802 4278 1003 4341 facem
1052 4278 1376 4358 praeferat,
1424 4282 1658 4343 lectum
1704 4287 1974 4353 sternat,
2023 4280 2237 4341 cibum
2285 4279 2378 4340 vel
2434 4287 2655 4357 potum
2694 4284 2811 4343 mi-

219 4357 472 4422 nistret.
516 4357 671 4421 Item
716 4359 769 4422 si
815 4359 1053 4422 ancilla
1098 4360 1321 4421 beram
1365 4375 1544 4422 suam
1590 4361 1995 4421 meretricem
2040 4368 2231 4421 ornet
2277 4368 2346 4420 et
2397 4358 2657 4421 similia.
2702 4385 2723 4414 t

298 4438 547 4504 ΙθθῦΙ.
590 4437 1113 4516 {lunationes
1153 4437 1590 4520 praetiosus
1638 4454 1750 4518 pro
1795 4437 1983 4502 modo
2026 4437 2334 4518 exempli:

297 4515 366 4589 Q.
410 4520 464 4584 i.
521 4517 683 4594 Quia
722 4519 783 4582 si
826 4521 968 4599 quis
1010 4536 1052 4582 a
1098 4519 1389 4599 capitulo
1431 4520 1656 4584 absens
1698 4518 1858 4583 milii
1918 4519 2192 4597 mandet,
2259 4525 2334 4580 ut
2378 4520 2513 4597 ejtas
2571 4520 2816 4584 nomine
2909 4579 2918 4586 ,

217 4597 595 4742 suff-agium
635 4601 838 4680 feram
876 4617 991 4681 pro
1043 4600 1209 4663 Titio
1251 4608 1420 4664 corte
1463 4600 1726 4679 indique
1753 4603 1785 4663 9
1992 4627 2000 4638 «

361 4726 373 4739 .
473 4696 555 4743 on
595 4696 848 4760 possum
897 4680 1268 4745 mandatum
1315 4689 1648 4761 acceptare
1690 4690 1756 4745 et
1798 4690 2015 4743 votum
2068 4679 2145 4742 ad
2190 4679 2328 4758 ejus
2375 4686 2654 4743 mentem
2712 4679 2846 4766 tri·-
