3292 5167
500 191 633 258 280
1230 212 1347 259 me.
1386 213 1451 260 11.
1501 214 1713 260 eruor.
1759 212 1840 260 vt.
1883 214 2037 261 mss.
2081 214 2163 260 ιν.
2209 215 2342 262 cn.
2387 214 2454 259 11.

501 339 653 407 quae
682 322 960 407 proinde
986 320 1210 388 statim
1242 319 1373 388 vim
1412 320 1623 389 exerit
1657 337 1880 401 suam3
1921 319 2037 405 qui
2070 319 2246 389 enim
2280 319 2671 406 simpliciter
2702 318 2924 402 debet,
2959 325 3093 387 sta-

500 429 618 496 tim
664 428 880 497 debet.
933 427 1323 518 Qplificata,
1377 444 1535 513 quae
1577 427 1869 513 aliquam
1914 443 2141 496 secum
2176 426 2363 496 affert
2395 426 2758 497 clausulam
2789 445 2912 495 seu
2948 444 3094 496 mo-

499 532 981 615 dificationem3·
1029 540 1095 602 et
1144 533 1288 601 haec
1337 534 1685 620 multiplex
1732 532 1913 602 est¹.

678 644 736 708 1.
782 642 882 709 Ad
926 641 1106 724 diem,
1157 657 1305 724 quae
1347 658 1585 726 nempe
1633 645 1867 714 statuit
1925 641 2101 711 diem
2163 641 2600 724 executionis,
2647 646 2722 709 ut
2768 641 2824 708 si
2872 639 3094 712 dicas:

488 749 783 835 promitto
829 749 941 816 tibi
986 760 1227 815 centum
1271 761 1448 815 scuta
1495 751 1769 833 sequenti
1815 770 1982 817 anno
2028 748 2342 817 solvenda.
2393 752 2550 817 Haec
2625 766 2755 816 non
2828 747 3096 833 obliga-

501 854 750 923 tionem
796 856 1026 941 ipsam,
1075 853 1193 923 sed
1243 853 1419 922 illius
1468 862 1727 923 tantum
1774 856 2235 925 executionem
2284 853 2653 940 suspendit.
2703 854 2861 923 Dies
2911 872 3095 940 prae-

504 961 789 1029 sumitur
836 962 1134 1048 apposita
1183 962 1251 1030 in
1297 961 1589 1029 favorem
1637 961 1980 1045 debitoris,
2035 962 2157 1030 nisi
2225 961 2401 1030 aliud
2448 967 2744 1044 constet3
2792 961 2891 1028 vel
2962 961 3094 1030 nisi

503 1067 763 1137 debitor
808 1070 993 1137 cadat
1041 1087 1074 1137 a
1122 1068 1448 1138 beneficio
1498 1070 1954 1154 praestabilitae
2003 1070 2154 1153 diei,
2189 1070 2343 1156 quia
2391 1068 2613 1138 deficit
2648 1069 2717 1137 in
2749 1069 2889 1137 suis
2926 1067 3100 1137 obli-

503 1176 898 1262 gationibuS,
946 1185 1057 1245 aut
1098 1177 1308 1262 impar
1356 1176 1676 1244 solvendo
1723 1177 2013 1246 evaserit
2061 1178 2219 1263 (art.
2272 1177 2472 1263 1172)
2522 1173 2576 1245 ².

675 1286 737 1351 2.
783 1285 883 1353 Ad
925 1285 1193 1367 modum,
1243 1303 1392 1370 quae
1442 1284 1740 1353 continet
1790 1284 2059 1372 aliquod
2098 1303 2292 1368 onuS,
2330 1303 2388 1349 v,
2423 1302 2483 1369 g.
2538 1284 2615 1351 do
2646 1285 2759 1351 tibi
2785 1284 2899 1350 hoc
2923 1301 3097 1370 μνω-

502 1388 674 1456 dium
718 1410 858 1457 cum
903 1392 1273 1477 obligatione
1317 1390 1573 1458 detondi
1617 1403 1704 1458 tot
1742 1393 1990 1479 puellos
2044 1391 2395 1458 annuatim.
2470 1394 2678 1458 Porro
2751 1389 2858 1458 bic
2929 1406 3098 1457 cou-

505 1501 752 1564 tractus
798 1496 1024 1564 statim
1070 1498 1259 1580 valet,
1309 1503 1618 1565 manente
1669 1497 1731 1566 in
1782 1504 2125 1584 comparte
2172 1516 2374 1566 onere
2437 1495 2760 1582 implendi
2832 1494 3101 1582 obliga—

502 1606 786 1672 tionem:
837 1622 1034 1689 quam
1081 1604 1136 1671 si
1186 1621 1490 1690 compars
1541 1624 1672 1674 non
1725 1604 2012 1691 impleat,
2061 1613 2291 1691 peccat
2337 1612 2569 1674 contra
2614 1601 2984 1690 justitiam3
3035 1609 3103 1670 at

505 1728 636 1778 non
688 1710 841 1779 ideo
888 1717 1104 1778 tamen
1154 1711 1405 1779 corruit
1452 1719 1856 1793 contractuS,
1895 1717 1968 1780 ut
2005 1712 2424 1781 communius
2457 1711 2704 1779 dicunt.
2739 1712 2904 1778 Nam
2947 1727 3101 1779 mo-

506 1817 629 1886 dus
679 1836 810 1886 non
863 1836 935 1885 se
983 1819 1180 1886 habet
1231 1817 1326 1886 uti
1376 1818 1676 1910 conditio
1749 1818 1855 1888 cui
1930 1818 2301 1887 adnectitur
2369 1806 2736 1888 consensus
2784 1816 2868 1902 (si
2917 1815 3107 1885 aliud

507 1942 638 1992 non
688 1923 1161 2010 exprimatur);
1210 1924 1328 1992 sed
1376 1931 1636 1993 tantum
1682 1931 1755 1993 ut
1792 1943 1962 1993 onus
2013 1925 2138 2010 ipsi
2176 1924 2531 1994 consensui
2565 1922 2918 2009 adjectum.

682 2031 743 2097 3.
791 2031 1203 2114 Alter-nativa,
1240 2031 1506 2117 quando
1546 2031 1696 2101 duae
1731 2050 1837 2100 res
1873 2031 2005 2118 (vel
2039 2031 2235 2124 etiam
2272 2031 2524 2118 plures)
2560 2029 2866 2114 obligatae
2904 2034 3103 2097 sunt:

510 2134 626 2205 sed
674 2136 952 2219 debitor,
1002 2138 1190 2224 cujus
1238 2145 1340 2206 est
1389 2138 1648 2220 electio,
1699 2138 1753 2206 si
1803 2138 1994 2207 aliter
2025 2144 2425 2208 conventum
2459 2156 2593 2206 non
2636 2136 2743 2218 sit,
2778 2135 3106 2206 liberatur

509 2243 888 2311 alterutram
936 2244 1276 2326 solvend0‚
1329 2252 1401 2312 ut
1448 2246 1502 2312 si
1552 2264 1632 2314 ex
1681 2252 2030 2313 contractu
2094 2246 2380 2315 tenearis
2446 2246 2600 2314 dare
2646 2243 2747 2311 vel
2819 2242 3104 2311 fundum

510 2350 611 2418 vel
658 2349 949 2419 domum.
1000 2351 1273 2431 Quando
1322 2368 1452 2418 una
1493 2369 1600 2420 res
1650 2370 1731 2420 ex
1777 2351 2034 2421 duabus
2111 2352 2341 2438 nequit
2415 2369 2562 2420 esse
2607 2351 2886 2418 materia
2932 2367 3101 2418 con-

514 2463 762 2526 tractus
809 2457 909 2526 ’vel
959 2458 1250 2545 perierit,
1302 2465 1458 2544 puta
1506 2458 1561 2527 si
1605 2458 1714 2526 illa
1763 2458 1998 2527 domus
2044 2459 2114 2527 in
2163 2465 2577 2527 contractum
2627 2456 2915 2526 deducta
2963 2474 3104 2524 uon

515 2564 601 2631 sit
647 2572 778 2648 tua,
826 2566 925 2632 vel
976 2572 1085 2632 tua
1136 2565 1402 2652 quidem
1449 2566 1555 2649 sit,
1605 2566 1725 2633 sed
1769 2567 2038 2652 perierit
2088 2566 2153 2633 in
2208 2566 2535 2648 incendic,
2583 2583 2694 2634 res
2755 2571 3106 2651 superstes

519 2670 831 2740 debetur:
881 2679 947 2740 et
995 2672 1285 2741 creditor
1331 2691 1475 2741 eam
1508 2679 1774 2741 tenetur
1807 2679 2171 2760 acceptare,
2207 2692 2327 2741 neo
2367 2673 2458 2741 rei
2496 2672 2770 2760 perditae
2806 2671 3104 2757 pretium

510 2778 772 2864 exigere
819 2785 1058 2864 potest,
1109 2778 1361 2849 etiamsi
1411 2779 1603 2866 culpa
1651 2779 1972 2848 debitoris
2023 2779 2354 2865 periisset,
2389 2780 2443 2846 si
2481 2786 2702 2847 tamen
2736 2778 2976 2846 electio
3014 2781 3103 2845 sit

511 2886 720 2971 ipsius
768 2885 1108 2955 debitoris.
1158 2887 1226 2954 Si
1275 2905 1428 2955 vero
1479 2889 1691 2957 ambae
1746 2906 1852 2956 res
1889 2887 2235 2974 perierint,
2269 2887 2326 2954 si
2360 2886 2629 2955 debitor
2662 2887 2747 2954 sit
2777 2885 2846 2954 in
2879 2884 3102 2971 culpa,
3167 2897 3172 2904 ·

512 2996 776 3059 tenetur
820 2992 1074 3061 solvere
1123 2992 1409 3078 pretium
1457 2994 1550 3062 rei
1601 3012 1749 3080 quae
1800 2993 2030 3063 ultimo
2081 2993 2315 3078 periit;
2366 2992 2426 3062 si
2475 3011 2610 3061 non
2656 2992 2741 3062 sit
2779 2993 2844 3060 in
2879 2990 3103 3078 culpa,

512 3099 710 3167 rebus
759 3100 1207 3184 pereuntibus,
1256 3100 1568 3185 obligatio
1618 3101 2026 3186 extinguitur
2079 3100 2230 3186 (ort.
2282 3101 2502 3186 1177).

688 3209 748 3273 4.
795 3208 1125 3289 solidaria,
1173 3215 1274 3275 est
1321 3207 1584 3292 quando
1631 3208 1733 3276 vel
1780 3214 1996 3276 totum
2042 3208 2366 3277 creditum
2413 3213 2635 3292 potest
2683 3204 2857 3290 exigi
2891 3223 2927 3271 a
2964 3204 3105 3272 sin-

516 3311 684 3396 gulis
732 3313 1191 3397 creditoribuS,
1242 3315 1525 3402 ideoque
1574 3315 1822 3383 solutio
1872 3314 2037 3385 facta
2089 3315 2203 3385 uni
2255 3313 2568 3383 creditori
2623 3313 2857 3382 liberat
2906 3309 3103 3381 debi-

513 3423 726 3486 torem
774 3421 853 3488 ab
902 3421 1179 3489 aliorum
1227 3420 1632 3491 creditorum
1678 3422 2018 3505 molestia;
2067 3422 2166 3490 vel
2220 3421 2300 3490 ad
2347 3429 2561 3490 totum
2611 3420 2907 3489 debitum
2955 3418 3105 3488 sol-

518 3524 799 3594 vendum
846 3527 1082 3613 singuli
1130 3529 1464 3597 debitores
1513 3530 1682 3614 adigi
1735 3537 2035 3615 possunt,
2091 3529 2180 3597 ita
2234 3536 2307 3596 ut
2353 3528 2598 3597 solutio
2632 3528 2797 3596 facta
2843 3527 2926 3595 ab
2961 3543 3102 3595 uno

518 3632 817 3701 debitore
864 3642 1119 3704 ceteros
1166 3636 1398 3704 liberet
1446 3638 1665 3723 quoad
1715 3637 1893 3723 ipsos
1942 3637 2325 3706 creditores.
2375 3627 2653 3706 Debitor
2699 3642 2927 3722 potest
2964 3635 3102 3703 sol·

521 3758 669 3809 vere
715 3743 818 3810 cui
870 3742 1144 3810 voluerit
1193 3759 1275 3811 ex
1321 3743 1785 3825 creditoribus,
1835 3742 1962 3811 nisi
2013 3743 2251 3811 borum
2315 3741 2644 3828 quispiam
2690 3740 3105 3810 solutionem

519 3847 810 3933 postulet
857 3848 1031 3935 apud
1067 3848 1378 3934 Judicem.
1415 3851 1724 3919 Ceterum
1764 3849 2072 3919 solidaria
2107 3849 2422 3935 obligatio
2459 3866 2589 3916 non
2624 3847 3105 3935 praesumitur;

522 3954 692 4025 unde
739 3961 840 4024 est
884 3956 953 4024 in
998 3963 1264 4042 pactum
1310 3957 1713 4041 deducenda,
1763 3957 1887 4025 nisi
1954 3957 2093 4043 jam
2138 3957 2226 4025 sit
2271 3955 2541 4025 inducta
2598 3956 2658 4023 vi
2733 3955 2934 4041 legis:
3012 3954 3107 4023 ita

525 4193 937 4331 &Gai-ghrwsss
962 4242 1026 4255 —
1047 4218 1103 4269 c.
1127 4219 1183 4268 A.
1203 4220 1326 4281 888;
1353 4244 1417 4256 -
1439 4218 1492 4270 c.
1520 4218 1577 4269 G.
1596 4220 1752 4282 uem
1772 4186 1850 4256 ’--
1872 4217 1925 4269 c.
1961 4216 2197 4280 &11383
2231 4240 2294 4255 -
2317 4217 2371 4268 c.
2399 4217 2459 4267 P.
2487 4215 2639 4280 ηοω
2671 4239 2735 4252 -
2760 4215 2816 4267 c.
2838 4215 2914 4267 κ.
2940 4218 3103 4278 laam

586 4338 614 4380 ²
650 4359 671 4378 ο
705 4340 803 4391 Per
828 4343 1076 4403 exempto:
1110 4342 1175 4393 Se
1221 4341 1257 4392 il
1289 4342 1522 4396 debitore
1553 4343 1835 4394 atterrasse
1869 4342 2030 4394 molta
2062 4341 2238 4405 plante
2270 4337 2355 4392 del
2397 4338 2562 4391 bosco
2607 4350 2673 4390 su
2706 4338 2792 4390 cui
2845 4337 2999 4391 Tizio
3031 4339 3108 4391 ha

526 4399 560 4450 1‘
581 4401 785 4464 ipoteca
819 4415 850 4452 a
879 4405 1125 4465 garanzia
1172 4403 1256 4455 del
1286 4416 1386 4455 suo
1418 4404 1614 4456 credito
1647 4416 1803 4456 verso
1835 4404 1886 4454 di
1923 4404 2017 4465 lui,
2054 4416 2086 4454 a
2118 4404 2326 4467 pagarsi
2360 4401 2445 4458 nel
2478 4412 2632 4454 corso
2676 4400 2733 4453 di
2773 4400 2912 4453 diecl
2948 4402 3103 4462 anui,

526 4461 883 4515 decederebbe
914 4465 998 4516 dal
1032 4465 1288 4516 beneflzlo
1318 4467 1373 4517 di
1404 4465 1477 4519 tal
1509 4467 1747 4518 termine.
1781 4467 1967 4518 Invece
1999 4479 2056 4518 se
2088 4476 2194 4516 non
2228 4466 2478 4528 segnisse,
2512 4476 2605 4528 per
2625 4463 2755 4515 tatto
2780 4464 3026 4527 proprio,
3053 4464 3106 4516 la

526 4522 885 4576 diminuzlone
915 4525 1049 4579 delle
1081 4528 1300 4590 cautele,
1334 4541 1385 4592 p.
1417 4540 1489 4588 e.,
1529 4540 1588 4579 se
1608 4530 1884 4579 rovinasse
1917 4530 1972 4580 in
2003 4530 2153 4591 parte
2187 4539 2278 4601 per
2319 4527 2601 4579 terremoto
2628 4526 2681 4577 la
2717 4536 2843 4578 casa
2875 4528 3106 4587 gravat·

526 4583 1096 4701 ggpfflrffiitssssa’nfffflzff
1128 4590 1224 4641 cbe
1253 4591 1382 4653 pere
1413 4591 1640 4653 divenga
1685 4590 1980 4644 insolvente
2012 4589 2048 4641 il
2080 4588 2339 4650 debitore,
2373 4588 2642 4651 godrcbbe
2689 4599 2890 4640 ancora
2923 4590 3104 4652 questi
