3292 5167
967 322 1064 368 -mr,
1111 322 1549 369 nterii-orions
1596 322 1659 368 ιΝ
1705 323 1914 368 sesscm
2629 301 2767 367 509·

168 406 525 495 spiciones,
573 406 1023 478 dubitationes
1073 414 1138 476 et
1186 407 1540 494 opiniones
1575 408 1898 495 majorem
1932 406 2424 494 quodammodo
2461 406 2766 476 videntur

168 512 407 582 iisdem
454 512 758 599 inJ'uriam
811 513 1074 599 inferre,
1124 531 1322 601 quam
1371 514 1426 582 si
1467 521 1724 583 certum
1770 513 2129 582 haberetur
2175 532 2407 585 eorum
2438 512 2765 600 judicium

168 619 255 689 de
301 618 559 689 delictis
609 621 915 706 gravibus
965 620 1341 691 ordinariis.

260 726 599 795 Diximus:
648 729 711 795 2.
762 729 1119 796 Proesem‘m
1166 730 1224 796 si
1264 729 1604 817 procedant
1651 750 1735 797 eoe
1770 719 1983 796 errore
2038 729 2423 807 intellectus;
2493 744 2642 794 nam
2711 724 2767 793 si

173 834 515 904 orirentur
555 854 635 904 ex
684 836 1162 921 malevolentia,
1216 846 1281 906 et
1329 838 1394 907 in
1444 838 1680 907 iisdem
1714 839 2002 924 graviter
2037 838 2404 907 temerariis
2440 837 2587 923 quis
2624 853 2769 921 per-

172 941 482 1010 tinaciter
525 941 1009 1028 immoraretur,
1058 944 1339 1014 mortale
1385 946 1493 1014 vix
1541 946 1867 1032 effugeret
1916 946 2002 1015 ob
2052 944 2311 1031 injuriae
2363 943 2773 1030 gravitatem.

262 1045 471 1115 789.
524 1051 598 1128 Q.
649 1050 711 1115 2.
749 1050 850 1116 An
895 1050 1084 1119 dubia
1113 1071 1351 1139 semper
1373 1054 1497 1119 sint
1530 1054 1597 1118 in
1629 1053 1948 1120 meliorem
1981 1065 2228 1139 partem
2259 1049 2779 1137 interpretanda?

261 1157 337 1222 R.
387 1156 759 1224 Generatim
806 1158 1048 1227 sufficit
1093 1158 1293 1226 dubia
1338 1159 1411 1225 de
1447 1162 1735 1247 personis
1781 1160 2110 1246 explicare
2159 1158 2477 1244 negative,
2533 1173 2775 1240 nempe

175 1260 358 1348 ipsas
408 1280 529 1331 nec
562 1263 771 1332 bonas
812 1282 933 1333 nec
981 1266 1183 1333 malas
1225 1265 1622 1352 judicando:
1676 1273 1815 1335 tum
1865 1268 2019 1353 quia
2070 1284 2209 1334 non
2261 1272 2363 1333 est
2413 1262 2777 1332 necessitas

168 1369 439 1456 jndicii3
487 1377 628 1439 tum
678 1373 830 1459 quia
879 1390 999 1459 per
1044 1391 1117 1441 se
1164 1391 1360 1442 nemo
1412 1381 1676 1442 tenetur
1725 1373 1806 1441 ad
1854 1374 2042 1441 illum
2090 1389 2459 1454 assensum,
2524 1372 2589 1438 in
2640 1387 2777 1456 quo

55 1521 58 1524 -
175 1495 249 1546 se
299 1478 572 1564 exponit
619 1479 877 1547 errandi
926 1481 1294 1563 formidini3
1373 1487 1513 1550 tum
1587 1482 1737 1568 quia
1811 1481 1964 1550 licet
2021 1479 2320 1568 Judicare
2388 1496 2508 1565 pro
2574 1477 2775 1546 modo

177 1585 459 1672 objecti:
509 1586 691 1673 quod
737 1606 887 1656 cum
936 1595 1246 1657 neutrum
1294 1588 1400 1673 sit,
1453 1594 1763 1657 neutrum
1812 1587 1934 1656 erit
1977 1587 2325 1674 judicium.

266 1695 342 1762 Si
391 1701 608 1763 tamen
657 1715 789 1764 non
840 1697 1115 1782 placeat,
1164 1703 1277 1764 aut
1325 1715 1458 1765 non
1509 1697 1703 1765 liceat
1751 1697 2163 1783 suspendere
2205 1694 2552 1782 jndicium,
2619 1702 2779 1764 tunc

176 1802 231 1871 si
279 1801 502 1887 agitur
547 1800 629 1871 de
677 1801 915 1872 damno
960 1802 1247 1887 vitando,
1298 1822 1660 1890 possumus
1712 1802 1912 1872 dubia
1961 1803 2043 1872 de
2104 1804 2408 1890 personis
2476 1793 2781 1889 pejorem

177 1909 247 1977 in
295 1916 552 1995 partem
600 1911 919 1996 accipere,
971 1929 1105 1980 non
1154 1911 1425 1999 quidem
1478 1910 1877 1992 definiendo,
1936 1918 2010 1979 ut
2057 1912 2146 1979 ait
2183 1910 2536 1996 Angelicus
2570 1913 2626 1993 ¹,
2661 1907 2784 1978 sed

178 2023 441 2085 tantum
489 2018 949 2103 supponendo,
999 2035 1236 2105 nempe
1286 2019 1375 2086 ita
1425 2037 1547 2087 nos
1600 2018 1893 2105 gerendo
1936 2017 2125 2105 quasi
2178 2017 2285 2086 illa
2337 2034 2621 2104 persona
2692 2017 2782 2084 sit

179 2142 413 2194 revera
458 2126 661 2194 mala:
711 2125 779 2194 in
827 2134 1007 2195 tanta
1058 2127 1403 2196 hominum
1452 2128 1889 2214 corruptione
1955 2126 2065 2213 (ad
2139 2144 2279 2195 rem
2352 2125 2567 2212 Stapf)
2633 2124 2783 2222 talis

183 2231 696 2319 circumspectio
745 2233 992 2319 regulis
1032 2234 1235 2320 justae
1312 2233 1686 2321 prudentiae
1753 2242 2197 2303 consentanea
2267 2240 2390 2317 est,
2455 2240 2525 2301 et
2586 2248 2783 2300 nemo

186 2337 436 2408 obinde
486 2347 798 2425 tanquam
844 2339 927 2409 de
977 2340 1214 2426 injuria
1263 2341 1388 2410 sibi
1445 2342 1622 2410 illata
1694 2341 2011 2429 conqueri
2079 2347 2338 2427 potest3
2404 2358 2538 2408 non
2608 2338 2787 2414 enim

187 2439 357 2513 alios
403 2446 631 2531 magis,
682 2464 878 2532 quam
930 2447 1401 2533 nosmetipSOS,
1451 2449 1728 2534 diligere
1798 2450 2134 2536 jubemur.
2187 2448 2351 2516 Hinc
2421 2448 2567 2529 Job,
2629 2445 2788 2514 licet

185 2553 354 2624 nihil
401 2553 855 2639 suspicaretur
899 2553 982 2622 de
1029 2554 1180 2624 filiis
1229 2556 1388 2639 suiS,
1439 2557 1761 2625 offerebat
1810 2565 2029 2625 tamen
2078 2555 2465 2624 holocausta
2529 2572 2647 2639 pro
2684 2553 2788 2637 iis,

184 2679 262 2727 ne
309 2661 471 2744 forte
512 2662 919 2745 peccaverint.
968 2665 1195 2749 Neque
1245 2662 1393 2732 ideo
1443 2664 1715 2750 aliquod
1785 2683 2013 2733 verum
2077 2663 2392 2731 damnum
2458 2661 2793 2747 irrogatur

187 2767 519 2854 personis,
570 2784 723 2835 cum
770 2769 854 2836 sit
903 2768 1184 2856 simplex
1256 2770 1704 2856 suppositum.
1756 2771 1921 2839 Hinc
1970 2771 2081 2857 qui
2140 2771 2440 2856 ignotum
2474 2767 2652 2836 domi
2689 2785 2791 2835 re-

189 2873 375 2960 cipit,
426 2881 653 2961 potest
698 2894 771 2946 se
820 2895 1071 2961 gerere,
1125 2878 1313 2965 quasi
1381 2886 1559 2948 esset
1625 2879 1760 2948 tur:
1828 2879 1980 2950 hinc
2046 2881 2357 2965 superior
2418 2896 2490 2946 se
2556 2893 2788 2962 gerere

187 2986 436 3067 potest,
473 2997 549 3049 ac
594 2982 648 3048 si
697 2971 944 3052 subditi
992 2983 1399 3071 delinquant,
1434 3002 1585 3055 cum
1618 2985 1746 3054 hoc
1780 2986 2023 3056 sitnisi
2074 2982 2155 3052 ad
2202 2982 2544 3065 cautelam,
2594 2986 2795 3068 atque

189 3089 271 3158 ad
320 3088 813 3175 invigilandum.

284 3200 359 3268 Si
410 3216 564 3268 vero
617 3217 751 3268 non
799 3207 1029 3285 agatur
1075 3201 1156 3271 de
1204 3202 1446 3271 damno
1501 3202 1791 3285 vitando,
1858 3201 2178 3271 debemus
2247 3199 2446 3268 dubia
2513 3198 2797 3286 positive

193 3307 617 3394 interpretari
691 3307 756 3375 in
828 3309 1172 3378 meliorem
1219 3305 1497 3397 p'artem,
1547 3329 1788 3396 nempe
1853 3310 2135 3397 positive
2204 3307 2568 3377 asserendo
2637 3324 2798 3393 prov

200 3416 458 3484 ximum
507 3434 640 3483 non
690 3414 1087 3503 deliquisse;
1131 3418 1240 3503 jns
1289 3418 1466 3487 enim
1515 3417 1796 3505 quilibet
1854 3419 2056 3488 habet
2120 3417 2199 3484 ad
2268 3415 2542 3485 famam.-
2605 3433 2800 3500 neque

193 3526 266 3592 in
313 3523 496 3591 dubio
543 3536 630 3592 est
667 3525 1176 3611 proesumendum
1221 3525 1530 3594 delictum.
1577 3527 1809 3612 Neque
1875 3525 2219 3612 proximus
2283 3525 2429 3593 sine
2496 3541 2693 3592 causa
2762 3537 2801 3590 a

196 3631 632 3718 possessione
679 3650 819 3700 suae
868 3631 1265 3718 integritatis
1314 3634 1726 3721 dejiciendus
1802 3641 1940 3703 est:
1995 3640 2061 3701 et
2111 3632 2346 3702 melius
2410 3639 2512 3702 est
2578 3646 2801 3700 errare

202 3739 398 3823 hene,
449 3755 648 3825 quam
699 3739 870 3806 male
910 3738 1290 3824 judicando.

279 3917 599 3982 Hactenus
660 3919 713 3980 si
759 3917 949 3982 dubia
995 3918 1127 3980 sint
1169 3917 1248 3980 de
1291 3920 1617 3997 personis3
1682 3919 1735 3981 si
1799 3934 1953 3981 vero
2016 3918 2208 3981 dubia
2276 3919 2409 3980 sint
2475 3915 2550 3977 de
2594 3910 2804 3990 rebus,

198 4016 259 4062 v.
303 4015 385 4076 g„
433 4014 514 4061 an
560 3996 704 4061 talis
773 4006 1141 4061 contractus
1184 3999 1268 4061 sit
1329 3997 1565 4076 licitus,
1611 4015 1739 4060 non
1787 4000 2148 4062 necessario
2212 4009 2362 4060 sunt
2428 4011 2501 4058 ea
2552 3994 2616 4055 in
2667 4009 2801 4054 me-

203 4079 428 4142 liorem
476 4086 721 4159 partem
768 4077 1272 4158 interpretanda,
1332 4079 1443 4142 sed
1490 4096 1592 4142 res
1636 4088 1734 4142 est
1778 4082 1909 4142 suis
1965 4078 2341 4141 aestimanda
2414 4075 2802 4167 momentis3

201 4162 349 4239 quia
399 4160 464 4220 in
509 4160 610 4222 his
653 4158 855 4223 solum
899 4160 1112 4239 agitur
1156 4159 1234 4221 de
1278 4175 1373 4234 eo,
1419 4168 1488 4224 ut
1531 4162 1768 4223 veritas
1810 4160 2198 4237 attingatur3
2243 4174 2362 4220 nec
2410 4155 2555 4217 ideo
2601 4154 2802 4217 alicui

205 4242 531 4318 irrogatur
591 4240 849 4320 injuria.
891 4239 1076 4303 Unde
1136 4240 1192 4302 si
1254 4240 1446 4302 audio
1511 4239 1794 4318 aliquem
1858 4241 2363 4318 propositionem
2435 4237 2808 4298 haereticam

205 4320 665 4399 proferentem,
707 4322 1212 4403 propositionem
1257 4320 1628 4383 haereticam
1669 4318 1977 4399 judicabo
2004 4367 2020 4396 ,
2063 4320 2214 4399 quia
2246 4327 2347 4381 est
2375 4317 2692 4395 judicium
2724 4313 2807 4376 de

209 4400 439 4478 rebus3
485 4400 596 4464 sed
643 4405 850 4483 ipsum
913 4402 1020 4482 qui
1066 4416 1207 4464 eam
1252 4401 1519 4480 profert,
1582 4400 1965 4463 haereticum
2030 4416 2171 4462 esse
2237 4414 2367 4462 non
2445 4399 2527 4458 ita
2594 4394 2808 4459 subito

209 4480 444 4557 dicam,
493 4498 636 4546 cum
701 4483 902 4562 possit
958 4498 1039 4545 ex
1082 4480 1555 4545 inadvertentia
1604 4480 1705 4543 vel
1767 4482 2131 4560 ignorantia
2202 4480 2265 4544 id
2337 4479 2624 4551 evenire,
2675 4490 2808 4567 nou

209 4559 424 4625 autem
469 4579 550 4626 ex
593 4564 987 4643 pertinacia:
1030 4562 1336 4640 Etiamsi,
1367 4564 1460 4625 ait
1503 4578 1551 4624 s.
1595 4559 1983 4638 BernarduS,
2030 4577 2361 4642 perperam
2404 4566 2618 4621 actum
2659 4554 2812 4636 quid

282 4786 834 4852 ¹2,2‚q.60‚a.4.
