3292 5167
182 361 1071 576 :LIBER
1136 323 2646 579 SECUNDUS

766 770 1514 887 iniciatus
1603 766 2092 958 sextus
2760 691 2772 710 ⁶

601 1085 764 1174 DE
850 1026 1478 1177 ῊΒΤΠΤΕ
1563 1086 2256 1177 JUSTITIAE

228 1530 412 1591 295.
457 1530 630 1595 inter
674 1531 960 1595 Virtutes
1003 1532 1303 1608 moram,
1346 1541 1488 1611 post
1516 1531 1939 1611 Religionem,
1972 1531 2240 1595 veniunt
2275 1539 2546 1612 quatuor
2579 1547 2715 1594 car·

174 1610 411 1675 dinatus:
452 1611 825 1687 Prudentia,
869 1611 1200 1691 fortitudo,
1237 1613 1511 1691 Justitia
1555 1621 1619 1674 et
1685 1613 2116 1692 temperantia.
2173 1610 2413 1674 Verum
2447 1612 2719 1690 justitia

174 1704 272 1755 tam
325 1693 641 1770 copiosum
687 1707 757 1755 ac
804 1696 1238 1756 necessarium
1284 1710 1503 1756 rerum
1550 1692 1971 1756 dicendarum
2005 1691 2270 1756 exhibet
2315 1702 2716 1771 apparatum,

177 1781 231 1835 ut
260 1771 325 1835 ab
363 1773 485 1851 ipsa
530 1773 895 1835 Tractatum
945 1785 1238 1852 putemus
1284 1767 1766 1838 inscribendum
1806 1776 1903 1836 his
1949 1773 2193 1836 verbis:
2252 1771 2594 1836 Tractatus
2642 1775 2717 1837 dc

186 1852 381 1916 Virtute
417 1852 711 1916 Iustitiae.
756 1851 1132 1917 Scholastici
1179 1856 1251 1917 de
1290 1853 1560 1918 Iustitia
1602 1865 1669 1916 et
1703 1853 1856 1916 Jure
1903 1861 2296 1933 nuncupant.

243 1931 363 1996 Cum
401 1944 610 1997 autem
654 1938 860 1996 virtus
902 1933 1179 1997 Justitiae
1226 1936 1292 1997 in
1336 1951 1411 1998 eo
1455 1937 1574 1998 sita
1609 1938 1712 2010 sit,
1755 1942 1824 1998 ut
1863 1936 1968 2013 jus
2012 1950 2196 1998 suum
2228 1936 2458 2014 cuique
2502 1950 2718 1997 serve·

189 2024 287 2088 tur,
314 2029 549 2077 necesse
612 2014 896 2093 profecto
960 2025 1079 2092 est,
1143 2023 1212 2079 ut
1273 2015 1464 2078 simul
1529 2031 1672 2078 cum
1711 2015 1961 2095 justitia
2011 2015 2149 2078 idea
2197 2015 2487 2078 tradatur
2548 2017 2716 2094 Juris

192 2102 338 2173 atque
367 2093 646 2172 dominii,
688 2099 1070 2175 quippequae
1116 2096 1253 2158 haec
1296 2105 1447 2160 sunt
1483 2097 1753 2175 justitiae
1801 2096 1979 2176 quasi
2027 2097 2178 2158 finis
2223 2103 2287 2159 et
2332 2104 2522 2158 meta.

546 2424 1237 2521 QUAESTIO
1294 2425 2292 2505 PRAEAMBULA.

1008 2642 1104 2698 DE
1140 2639 1459 2698 JUSTITIA
1500 2640 1598 2726 ET.
1629 2639 1826 2696 suun.

241 2877 429 2941 206.
481 2879 554 2956 Q.
605 2878 663 2942 i.
716 2876 879 2956 Quid
920 2889 1008 2944 est
1051 2876 1308 2944 Iustitia
1352 2889 1406 2944 et
1451 2878 1838 2963 quotuplex?

238 2982 295 3049 R.
333 2983 422 3050 Ad
472 2984 843 3052 1:1ustitia
893 2983 1235 3051 interdum
1288 2985 1610 3070 accipitur
1661 3003 1777 3069 pro
1828 2985 2142 3050 virtutum
2197 2981 2494 3051 omnium
2530 2999 2715 3048 com-

182 3086 349 3171 plexu,
394 3090 478 3157 ita
528 3099 601 3157 ut
649 3091 750 3158 vir
782 3092 996 3177 justus
1038 3090 1214 3159 idem
1262 3092 1348 3160 sit
1395 3112 1471 3158 ac
1515 3092 1615 3157 vir
1662 3090 1833 3158 omni
1878 3091 2180 3157 virtutum
2224 3110 2445 3176 qenere
2516 3090 2704 3155 dona-

178 3206 274 3261 tus.-
306 3196 419 3265 hoc
464 3215 665 3265 sensu
718 3197 1060 3282 inquiebat
1109 3197 1449 3265 Christus:
1502 3199 1661 3264 beati
1705 3198 1814 3283 qui
1858 3196 2159 3278 esurium,
2208 3207 2265 3263 et
2332 3196 2552 3263 sitiunt
2602 3197 2717 3281 ju-

178 3303 400 3384 stitiam;
444 3313 510 3373 et
557 3304 641 3372 de
679 3325 733 3374 s,
779 3303 1071 3391 Josepho
1111 3304 1383 3390 dicitur]:
1432 3307 1658 3392 Ioseph
1694 3316 1985 3372 autem...
2034 3324 2177 3371 cum
2223 3314 2373 3370 esset
2406 3306 2620 3390 justus
2667 3301 2716 3371 ¹.

180 3408 281 3486 Quo
320 3412 509 3479 etiam
558 3430 761 3480 sensu
808 3411 869 3479 d.
934 3412 1492 3497 chrysostomus:
1552 3412 1807 3499 justitia
1882 3412 2044 3479 nihil
2103 3410 2283 3477 aliud
2348 3422 2452 3492 est,
2526 3428 2716 3495 quam

174 3516 396 3584 omnium
438 3519 885 3586 mandatorum
922 3519 1114 3607 piena
1158 3519 1438 3587 custodia
1485 3525 1534 3587 ².
1583 3522 1657 3587 ln
1707 3518 1999 3605 presenti
2053 3525 2270 3585 tamen
2313 3516 2571 3601 J'ustitia
2604 3534 2716 3584 su·

173 3620 327 3689 mitur
367 3631 564 3710 prout
614 3634 715 3694 est
761 3625 972 3694 virtus
1020 3643 1056 3693 a
1106 3626 1344 3695 ceteris
1402 3625 1624 3712 specie
1698 3626 2031 3707 distincta,
2108 3633 2174 3693 et
2243 3623 2558 3693 definitur
2627 3623 2709 3691 ab

171 3729 524 3814 Augustino:
566 3733 776 3801 Virtus
821 3751 963 3818 quoe
1005 3751 1125 3800 sua
1168 3733 1386 3819 cuique
1429 3734 1646 3801 tribuit
1696 3733 1746 3801 ³.
1798 3733 2257 3801 communiter
2303 3740 2524 3799 autem
2595 3730 2713 3798 de·

170 3837 333 3934 scribi⁸
351 3840 549 3907 solet:
608 3840 814 3906 Virtus
843 3840 1106 3907 moralis
1136 3853 1487 3907 constanter
1518 3840 1837 3908 inclinans
1882 3839 2152 3908 hominis
2195 3840 2580 3906 voluntatem
2622 3837 2708 3904 ad

172 3942 488 4013 reddendum
534 3947 720 4014 alteri
752 3948 866 4033 jus
907 3966 1093 4014 suum
1135 3947 1222 4013 ad
1263 3948 1699 4033 (equalitatem.

299 4052 582 4122 Dicitur:
639 4056 699 4122 i.
746 4055 987 4139 Virtus,
1034 4053 1186 4141 quia
1238 4054 1572 4123 hominem
1623 4062 1690 4124 et
1738 4073 1908 4140 opus
1950 4053 2125 4121 iliius
2176 4051 2390 4120 reddit
2426 4052 2714 4132 bonum;

178 4174 283 4228 nam
322 4161 567 4231 bonum
621 4171 722 4232 est
771 4162 1048 4232 reddere
1095 4163 1336 4248 cuique
1378 4182 1610 4232 suum:
1664 4162 1847 4250 quod
1893 4161 2154 4229 virtutis
2195 4167 2296 4228 est
2346 4158 2712 4245 proprium.

299 4269 356 4339 2.
400 4269 692 4353 Mardis,
737 4270 890 4356 quia
930 4287 1063 4338 non
1099 4271 1329 4351 Deum,
1369 4269 1488 4337 sed
1524 4269 1869 4337 hominum
1904 4269 2321 4336 honestatem
2358 4267 2552 4335 habet
2587 4284 2710 4351 pro

179 4370 384 4459 objecto
428 4394 555 4446 suo
606 4375 1029 4460 immediat03
1079 4395 1230 4464 quae
1280 4376 1547 4464 quidem
1598 4378 1913 4445 honestas
1962 4376 2088 4444 sita
2123 4384 2221 4446 est
2258 4374 2322 4444 in
2358 4373 2712 4446 tribuendo

173 4495 358 4569 cuique
393 4484 505 4574 jus
544 4502 768 4555 suum.

215 4705 410 4765 ¹matth.
442 4727 458 4766 ι
492 4715 545 4766 et
575 4724 633 4764 v.
944 4711 970 4755 ἱ
1003 4715 1153 4767 Hom.
1191 4726 1264 4769 xii
1298 4716 1353 4767 ἰη
1386 4714 1568 4768 Mateta.
1886 4714 1910 4756 ⁸
1944 4715 2013 4767 De
2051 4715 2154 4768 civ.
2189 4713 2299 4776 Dei,
2332 4725 2380 4765 c.
2415 4725 2507 4766 κη.
2573 4706 2584 4715 ’
