3292 5167
550 242 677 306 lto
1250 263 1363 307 un.
1411 263 1474 308 n.
1522 265 1732 310 ‘rnAc‘tu
1779 266 1834 310 v.
1882 265 2033 310 nise.
2082 265 2144 310 n.
2192 265 2323 311 clu».
2370 262 2437 310 ιι.

633 364 805 433 Talis
854 372 955 434 est
988 365 1186 443 etiam
1223 368 1618 452 permutatio
1658 368 2144 438 Beneficiorum
2175 368 2784 438 ecclesiasticorum
2818 366 2995 434 inter
3027 383 3129 447 se,

545 472 608 538 in
657 472 897 558 quibus
948 491 1078 541 non
1129 474 1410 543 habetur
1455 474 1583 543 nisi
1634 476 1997 562 prohibitio
2045 476 2397 557 Ecclesiae;
2447 493 2598 544 cum
2660 473 2922 543 aliunde
2983 490 3132 541 ser-

545 584 729 645 vetur
767 579 833 647 in
881 579 1007 691 illis
1057 580 1399 665 aequalitas
1448 600 1670 649 rerum
1709 581 2175 651 commutando
2212 581 2551 668 spirituale
2583 600 2734 651 cum
2767 580 3128 668 spirituali.

621 718 816 782 uo.
860 721 923 795 Q.
968 723 1025 786 6.
1067 726 1168 787 An
1208 727 1410 806 possit
1449 727 1517 787 in
1549 727 1817 788 simonia
1857 727 2007 788 dari
2022 728 2324 788 »materiae
2362 728 2698 806 parvitas?

621 799 690 863 R.
732 799 797 865 Si
840 804 1035 882 agitur
1086 805 1163 868 de
1208 806 1474 869 simonia
1507 807 1679 873 Juris
1713 807 1938 884 divini,
1967 810 2286 869 sententia
2322 823 2677 873 communis
2712 814 2829 879 est,
2867 802 3126 867 nullam

540 879 678 942 dari
729 887 1012 946 materiae
1055 891 1463 964 parvitatem3
1513 905 1659 966 quia
1706 888 1917 1029 Ὦς
1961 904 2215 965 semper
2258 896 2353 949 est
2397 891 2462 949 in
2521 904 2625 949 res
2687 901 2903 948 sacras
2950 886 3122 946 irre-

530 966 829 1025 ‘verentia
875 965 1127 1028 easdem
1172 970 1490 1030 aestimare
1534 971 1736 1030 instar
1894 985 1995 1030 um
2030 967 2488 1045 ‘temporalium
2515 1014 2531 1043 ‚
2571 975 2636 1029 et
2678 964 3129 1044 utpote’tales

542 1044 973 1133 contractibus
1040 1048 1375 1126 subjicere.
1441 1048 1599 1110 Hinc
1664 1047 1723 1110 d.
1780 1048 2005 1116 Petrus
2067 1046 2389 1110 Simonem
2458 1048 2750 1125 Magum,
2818 1045 3129 1107 criminis

545 1123 907 1212 lJuJusmodi
954 1143 1152 1202 reum,
1195 1130 1286 1190 sic
1330 1128 1890 1191 vehementissime
1936 1131 2257 1208 increpat:
2299 1129 2565 1208 pecunia
2611 1134 2722 1189 tua
2783 1133 2984 1188 tecum
3030 1127 3131 1186 sit

541 1219 610 1271 m,
648 1205 1078 1281 perditionem,
1124 1209 1414 1287 quoniam
1455 1211 1683 1271 donum
1725 1208 1836 1270 Dei
1864 1210 2251 1271 existimasti
2277 1211 2542 1289 pecunia
2576 1206 2924 1287 possideri!
2972 1221 3129 1284 quae

542 1284 734 1346 verba
783 1287 1069 1348 indicant
1113 1289 1427 1367 piaculum
1475 1289 1657 1351 valde
1701 1289 2054 1352 infandum.
2125 1289 2272 1351 ideo
2334 1291 2604 1352 simonia
2669 1287 2844 1348 Juris
2907 1285 3127 1347 divini

547 1377 670 1423 non
721 1376 925 1442 potest
966 1384 1105 1429 esse
1149 1371 1418 1431 venialis
1445 1370 1541 1447 ⁵ob
1583 1373 1869 1431 materiae
1918 1372 2336 1447 parvitatem,
2386 1369 2512 1443 sed
2580 1378 2826 1431 tantum
2871 1367 2952 1428 ob
3001 1368 3153 1427 imv

544 1442 1001 1519 perfectionem
1045 1459 1243 1523 actus,
1290 1461 1400 1512 aut
1439 1449 1519 1511 ob
1565 1450 2018 1528 ignorantiam.

621 1521 685 1585 Si
723 1542 888 1586 vero-
918 1544 1126 1590 sermo
1169 1533 1252 1591 sit
1295 1531 1373 1590 de
1418 1531 1689 1593 simonia
1726 1529 1895 1592 Juris
1929 1531 2189 1592 humani
2226 1526 2683 1605 tantummodo,
2715 1524 3124 1591 admittenda

542 1619 637 1665 est
681 1610 967 1670 materiae
1010 1616 1288 1688 parvitas
1332 1626 1474 1672 cum
1518 1608 1710 1673 Croix
1753 1626 1825 1673 ac
1866 1609 2184 1683 Navarro;
2227 1613 2370 1688 quia
2416 1608 2672 1688 quando
2731 1624 2849 1670 nec
2891 1608 3134 1677 accipi·

545 1694 645 1745 tur
692 1702 809 1748 nec
852 1686 1038 1751 datur
1085 1693 1347 1767 praecise
1386 1690 1735 1769 temporale
1776 1707 1886 1770 pro
1922 1692 2126 1769 pretio
2166 1693 2257 1751 rei
2298 1689 2671 1768 spiritualis,
2705 1688 2814 1751 sed
2855 1688 3129 1748 traditio

541 1765 640 1826 vel
685 1771 967 1845 acceptio
1011 1771 1386 1848 prohibetur
1431 1771 1760 1835 dumtaxat
1801 1771 1876 1833 ad
1925 1772 2272 1832 cavendam
2345 1771 2637 1832 simoniae
2692 1768 2942 1841 labem,
2988 1783 3126 1827 non

545 1847 613 1906 lit
659 1848 891 1925 injuria
942 1853 1036 1911 rei
1082 1851 1200 1929 ipsi
1248 1852 1610 1930 spirituali,
1655 1850 1762 1913 sed
1831 1861 2129 1928 peccatur
2193 1859 2442 1912 tantum
2513 1857 2738 1911 contra
2809 1845 3131 1909 Ecclesiae

543 1939 952 2006 praeceptum,
998 1932 1060 1991 in
1106 1947 1229 2009 quo
1266 1948 1488 1993 omnes
1534 1933 1820 1994 materiae
1864 1933 2244 2010 parvitatem
2289 1931 2636 1993 admittunt
2671 1927 2714 1991 ¹.

628 2066 825 2134 150.
877 2068 948 2146 Q.
998 2068 1057 2132 7.
1111 2068 1266 2147 Quot
1310 2068 1507 2134 modis
1539 2069 1942 2133 committitur
1985 2067 2252 2133 simonia
2288 2067 2466 2134 Iuris
2496 2065 2693 2132 divini
2731 2076 2787 2131 et
2817 2065 3133 2131 humani?

629 2174 698 2238 R.
746 2170 844 2238 Ad
893 2174 957 2238 l:
1007 2172 1301 2240 Simonia
1346 2174 1521 2241 Juris
1570 2173 1769 2240 divini
1804 2171 2259 2241 'committitur
2307 2172 2713 2259 praesertim:

719 2282 776 2345 1.
818 2281 1341 2367 nando-aliquid
1389 2281 1751 2367 temporale
1798 2282 1891 2351 uti
1944 2281 2228 2366 pretium
2274 2282 2366 2348 rei
2412 2279 2828 2365 spiritualis:
2884 2276 2973 2343 ita
3021 2275 3127 2341 Si-

541 2403 694 2453 mon
742 2389 976 2471 Magus
1017 2388 1357 2472 pecuniam
1405 2389 1720 2456 offerebat
1770 2405 1887 2473 pro
1936 2386 2128 2455 donis
2177 2387 2461 2472 Spiritus
2511 2385 2752 2453 Sancti.
2799 2384 2907 2451 Sic
2941 2390 3128 2451 esset

539 2493 818 2560 simonia
861 2493 1036 2561 Juris
1083 2494 1281 2562 divini
1333 2496 1694 2581 temporale
1741 2494 1896 2562 dare
1942 2493 2041 2563 vel
2092 2494 2387 2578 accipere
2425 2488 2519 2559 uti
2565 2493 2848 2577 pretium
2891 2492 3128 2565 Sacra-

541 2610 934 2685 mentorum,
985 2602 1614 2682 Sacramentalium,
1665 2602 2160 2689 Reliquiarum,
2211 2601 2308 2668 vel
2360 2618 2478 2685 pro
2528 2606 2861 2686 potestate
2918 2598 3127 2685 spiri-

541 2710 693 2777 tuali
728 2709 988 2778 Ordinis
1016 2719 1125 2777 aut
1146 2710 1806 2796 JurisdictioniS,.pro
1836 2708 2220 2796 applicanda
2259 2705 2691 2793 Indulgentia,
2733 2725 2850 2792 pro
2878 2706 3127 2773 divinis

537 2816 781 2883 Officiis
831 2816 1200 2898 recitandis,
1252 2816 1368 2902 pro
1420 2817 1741 2885 concione
1789 2815 2300 2905 pronuncianda,
2340 2822 2475 2882 etc.

713 2926 774 2989 2.
824 2922 1053 3007 Dando
1103 2923 1442 3009 spirituale
1492 2922 1941 3009 principaliter
1979 2923 2065 2991 ob
2101 2921 2481 3007 temporale,
2508 2920 2608 2987 vel
2643 2927 2901 2988 contra:
2938 2927 3127 2988 esset

536 3028 593 3095 si
644 3029 852 3095 Titius
902 3046 1130 3096 avarus
1180 3028 1455 3096 donaret
1503 3030 1838 3114 ingentem
1883 3045 2211 3096 summam
2260 3026 2670 3119 Sempronio,
2719 3025 2831 3110 qui
2881 3025 2965 3091 ad
3015 3043 3130 3094 ec-

536 3134 979 3202 clesiasticum
1029 3135 1430 3205 Beneficium
1480 3135 1821 3219 nominare
1853 3134 2089 3203 debet:
2139 3141 2282 3202 esto
2312 3131 2506 3219 *quod
2554 3131 2850 3200 videatur
2882 3131 3120 3200 libera-

537 3239 614 3306 lis
647 3238 958 3320 donati03
1008 3249 1071 3306 at
1119 3241 1530 3309 considerata
1581 3241 1907 3327 qualitate
1945 3257 2253 3325 personae
2290 3238 2618 3320 donantis,
2653 3255 2802 3323 quae
2838 3243 2940 3305 est
2975 3254 3126 3303 ava·

537 3347 706 3412 ritiae
754 3344 1016 3429 dedita,
1068 3365 1141 3416 ac
1208 3349 1521 3434 qualitate
1594 3349 1686 3415 rei
1756 3347 2018 3416 donatae
2078 3364 2228 3432 quae
2291 3353 2439 3432 apta
2511 3352 2612 3414 est
2675 3345 2756 3412 ad
2826 3351 3123 3412 mentem

536 3453 804 3520 alterius
855 3454 1369 3539 pervertendam,
1416 3456 1469 3523 si
1522 3464 1751 3541 postea
1803 3455 1937 3522 sere
1983 3455 2206 3522 statim
2257 3452 2663 3521 Beneficium
2713 3451 2929 3535 detur,
2981 3468 3122 3537 me-

537 3560 664 3626 rito
714 3559 1293 3628 censetur-datum
1343 3561 1792 3647 principaliter
1837 3561 1921 3629 ob
1972 3544 2667 3646 pretium'temporale
2705 3553 2756 3625 ².

710 3667 769 3732 3.
819 3666 1110 3734 Simonia
1156 3674 1257 3734 est
1285 3668 1461 3736 Juris
1495 3668 1693 3735 divini
1730 3669 2135 3752 promittere,
2174 3666 2331 3734 dare
2366 3669 2464 3734 vel
2512 3666 2813 3750 accipere
2862 3672 3125 3750 tempo-

536 3772 670 3839 rale
716 3773 1105 3841 aestimabile
1154 3792 1271 3859 pro
1321 3774 1696 3855 collatione,
1768 3774 2113 3857 electione,
2177 3774 2710 3859 praesentatione,
2770 3773 3123 3839 confirma·

538 3882 715 3948 tione
761 3880 842 3947 ad
888 3882 1410 3959 ecclesiasticum
1481 3882 1920 3973 Beneficium,
1984 3887 2432 3949 commutatur
2501 3881 2676 3948 enim
2749 3879 3125 3965 temporale

537 4006 684 4056 cum
734 3988 1084 4073 spirituali.
1132 3989 1299 4055 Item
1355 3989 1517 4056 illud
1553 3996 1927 4075 permutare
1960 4005 2108 4055 cum
2147 3988 2463 4073 pensione
2497 4005 2661 4073 pure
2695 3986 2927 4069 laicali,
2965 3987 3125 4056 licet

492 4135 504 4159 .
537 4096 838 4162 Pontifex
889 4103 959 4162 ut
1006 4113 1358 4181 supremus
1391 4095 1836 4181 dispensator,
1878 4086 2382 4180 praescindendo
2417 4111 2451 4159 a
2485 4093 2870 4175 mutatione,
2906 4094 3124 4179 possit

597 4321 617 4361 ¹
660 4322 713 4371 V.
755 4322 980 4383 Liguori,
1018 4323 1153 4385 opus
1184 4324 1344 4383 Mor„
1378 4323 1407 4372 Ι.
1443 4335 1518 4383 ιη,
1558 4336 1610 4373 n.
1644 4327 1720 4374 51.

596 4385 621 4425 ²
655 4386 825 4443 Quare
859 4386 1044 4436 merito
1078 4387 1145 4436 ab
1177 4386 1485 4436 lunocentio
1519 4387 1586 4436 xl
1620 4387 1886 4437 damnatae
1917 4386 2045 4436 sunt
2076 4386 2206 4444 istae,
2242 4397 2329 4436 im.
2364 4386 2426 4434 45
2456 4387 2511 4434 et
2542 4384 2604 4434 46
2640 4383 3039 4447 propositiones
3068 4398 3080 4434 τ

660 4451 707 4506 ¹)
742 4448 874 4495 Dare
906 4448 1184 4508 temporale
1215 4461 1309 4508 pro
1342 4451 1603 4509 spirituali
1636 4462 1739 4498 non
1770 4455 1842 4499 est
1873 4451 2112 4506 simonia,
2145 4450 2347 4508 quando
2382 4447 2657 4506 temporale
2690 4460 2792 4496 non
2823 4448 2984 4497 dalai-
3006 4453 3118 4498 lan-

532 4521 687 4571 quam
715 4510 958 4569 pretium,
992 4511 1076 4558 secl
1106 4513 1378 4561 dumtaxat
1411 4514 1657 4573 tanquam
1684 4514 1928 4562 motivam
1959 4510 2266 4571 conserendi,
2302 4512 2378 4559 vel
2409 4510 2646 4572 efficiendi
2694 4511 2988 4570 spirituale,
3041 4512 3121 4559 vel

532 4574 689 4621 etiam
720 4574 923 4633 quando
955 4574 1235 4632 temporale
1256 4574 1323 4621 stt
1352 4573 1515 4622 solum
1547 4577 1777 4634 qratalta
1808 4572 2173 4635 compensatio
2199 4584 2297 4632 pro
2329 4573 2610 4633 spis-stanti,
2633 4577 2722 4621 aut
2747 4575 2957 4629 contem
2990 4574 3040 4627 2)
3063 4571 3119 4622 id

535 4645 726 4695 qaoque
759 4633 926 4682 locam
959 4632 1121 4692 habet,
1155 4636 1355 4683 etiamst·
1390 4638 1668 4696 temporale
1720 4638 1786 4685 sit
1829 4636 2114 4697 principale
2163 4635 2413 4683 motivam
2463 4634 2621 4683 dandi
2670 4634 2958 4694 spirituale,
3015 4636 3119 4684 inc.»

534 4698 733 4747 etenum·
764 4697 830 4745 sit
858 4694 975 4757 finis
1008 4696 1166 4755 ipsias
1196 4697 1273 4745 ret
1300 4697 1587 4757 spiritualis
1612 4699 1701 4756 sic,
1739 4699 1794 4747 at
1825 4698 1953 4747 illuct
1977 4696 2148 4758 pluris
2179 4697 2475 4755 oesttmetar,
2511 4707 2666 4757 qaam
2701 4708 2780 4744 res
2810 4695 3118 4757 spiritualis.
