3292 5167
1177 282 1186 292 ,
1292 227 1749 293 macru-iones
2681 209 2815 280 ⁸⁵⁰

218 329 418 398 etiam
465 337 724 392 tenetur
763 345 1027 394 monere
1071 328 1423 403 dominum,
1466 338 1536 395 ut
1579 331 1738 395 dicit
1781 330 2070 408 Lessius,
2129 340 2243 396 aut
2305 331 2594 395 indicare
2664 348 2834 395 ema.

222 410 416 487 ptori,
459 407 626 488 quod
672 426 775 472 res
817 411 902 472 sit
943 410 1174 487 aliena,
1217 411 1271 472 si
1316 418 1459 490 post
1501 412 1941 474 venditionem
1987 412 2153 475 bona
2192 411 2332 474 fide
2379 421 2698 491 peractam
2744 412 2811 474 id

220 488 525 556 venditor
572 492 895 566 resciscat,
942 499 1008 555 et
1041 506 1172 553 non
1215 494 1419 569 possit
1461 492 1735 571 amplius
1772 492 2220 571 pretium,quo
2268 494 2401 572 ipse
2447 509 2585 555 rem
2631 493 2811 569 emit,

220 585 641 648 recuperare;
682 572 831 650 quia
874 584 1019 634 cum
1065 586 1199 634 rem
1244 570 1521 635 alienam
1563 570 1841 650 amplius
1887 588 2015 634 non
2059 573 2307 649 babeat,
2347 589 2463 648 nec
2493 574 2578 634 sit
2609 589 2800 636 causa

216 664 337 712 cur
380 649 677 712 dominus
720 668 791 714 re
833 668 945 715 sua
993 653 1299 731 privetur,
1344 668 1472 715 non
1521 660 1777 716 tenetur
1821 668 1966 714 cum
2013 668 2244 731 magno
2279 671 2394 716 suo
2426 654 2666 715 damno
2701 670 2807 716 cu-

218 745 389 800 rare,
433 739 503 793 ut
545 731 842 793 dominus
887 731 1062 794 illam
1107 731 1552 811 redipiscatur.
1596 766 1675 779 -
1732 730 1788 792 V.
1833 732 2116 810 Lignori,
2169 731 2335 811 Opus
2382 733 2561 807 Mor„
2609 732 2649 793 l.
2706 750 2806 810 111,

216 826 333 872 nn.
377 810 533 954 {321
557 811 697 887 570,
762 811 901 893 600,
968 812 1084 876 601
1151 819 1218 875 et
1285 812 1424 877 800.
1485 846 1565 860 -
1628 811 1945 889 Garriere,
2013 811 2099 874 De
2166 812 2435 875 lustitia
2486 820 2570 875 ct
2637 812 2810 890 lure,

218 906 334 954 nn.
580 900 645 953 et
692 908 759 954 se
851 939 864 953 .

299 968 522 1033 809.
566 908 1031 1033 Possfflssm·
1056 971 1302 1032 malm
1338 968 1535 1032 nelei
1562 970 1841 1051 quoad
1866 976 2408 1053 augmentum
2434 970 2565 1033 rei
2591 990 2615 1032 ι
2651 981 2804 1036 ante

209 1052 483 1116 omnia:
527 1052 591 1130 1)
635 1052 916 1130 fingatur
961 1068 1142 1114 casus
1186 1050 1265 1115 de
1306 1063 1652 1132 augmento
1697 1054 2070 1115 intrinseco.
2116 1053 2320 1115 Titius
2364 1051 2620 1114 iuratur
2669 1050 2805 1129 pul-

216 1129 353 1193 lum
397 1131 707 1211 equinum
754 1132 1072 1195 valentem
1116 1134 1583 1211 quinquaginta
1628 1131 1902 1207 libellis;
1972 1134 2137 1211 apud
2185 1133 2393 1196 iurem
2461 1134 2532 1195 fit
2598 1149 2802 1211 equus

216 1210 459 1274 babilis
503 1212 580 1274 ad
628 1211 893 1275 rhedam
940 1211 1160 1275 valens
1205 1211 1440 1275 libellis
1484 1222 1784 1286 centum;
1857 1223 2069 1292 postea
2147 1212 2364 1275 labore
2429 1212 2671 1276 fractus
2736 1222 2803 1275 et

212 1291 422 1367 senio,
468 1293 802 1364 macrescit
864 1291 964 1357 vel
1009 1294 1293 1366 interim
1336 1293 1403 1367 2)
1447 1307 1631 1356 casus
1674 1291 1956 1372 fingatur
2000 1310 2078 1355 ex
2142 1302 2491 1372 augmento
2559 1294 2803 1355 extrin-

211 1387 384 1434 seco.
427 1373 631 1436 Titius
675 1373 927 1436 furatur
970 1373 1210 1435 dolium
1260 1373 1388 1434 vini
1438 1372 1661 1435 valens
1708 1373 1944 1440 libellis
1988 1374 2247 1446 decem3
2307 1380 2443 1434 acta
2515 1389 2592 1434 ex
2661 1374 2797 1436 ino·

212 1454 437 1530 pinata
485 1452 544 1516 ir
632 1455 849 1516 nentia
893 1461 1253 1532 emptorum
1298 1454 1540 1515 etvini
1607 1456 1897 1527 caritate,
1965 1454 2135 1515 idem
2201 1452 2443 1516 dolium
2515 1455 2800 1532 acquirit

212 1530 508 1596 valorem
547 1470 917 1597 menarum
964 1534 1224 1612 viginti:
1273 1540 1408 1596 tum
1440 1534 1839 1597 cessantibus
1875 1535 1975 1596 his
2006 1532 2527 1608 circumstantiis,
2564 1534 2800 1596 iterum

213 1612 395 1676 redit
435 1613 514 1677 ad
562 1614 840 1677 valorem
887 1613 1106 1676 decem
1153 1612 1541 1689 libellarum‚
1590 1625 1654 1678 et
1701 1616 1764 1675 in
1812 1617 1932 1677 boc
1974 1621 2141 1677 statu
2189 1616 2405 1676 vinum
2471 1614 2796 1675 consumi-

213 1700 347 1756 tur.
394 1694 463 1755 ln
511 1694 685 1760 bisce
729 1694 980 1759 casibus
1024 1696 1355 1775 quaeritur,
1400 1703 1616 1757 utrum
1660 1695 2028 1774 supputatio
2077 1693 2310 1756 valoris
2356 1694 2499 1772 equi
2540 1703 2605 1755 et
2641 1694 2797 1756 dolii

212 1774 356 1836 vini
404 1776 606 1853 repeti
654 1774 883 1838 debeat
911 1792 962 1838 a
1007 1783 1314 1854 tempore,
1358 1791 1483 1854 quo
1526 1775 1827 1839 dominus
1873 1774 2001 1837 illis
2031 1775 2221 1838 rebus
2258 1773 2383 1836 suit
2418 1774 2634 1853 inique
2669 1776 2800 1853 pri·

216 1863 432 1933 vatus,
475 1871 555 1918 an
603 1870 757 1917 vero
800 1872 832 1918 a
883 1865 1166 1935 tempore
1210 1856 1472 1934 majoris
1514 1856 1929 1930 incrementi,
1980 1855 2226 1918 scilicet
2269 1870 2301 1916 a
2340 1866 2644 1932 tempore,
2672 1870 2796 1934 quo

207 1951 421 2015 equus
464 1935 719 1999 valebat
764 1935 1003 1999 libellis
1047 1944 1330 2011 centum,
1378 1944 1443 1998 et
1486 1937 1617 1998 vini
1666 1934 1911 1998 dolium
1961 1936 2186 2015 viginti
2236 1933 2525 1998 libellis?

294 2014 486 2092 Sunt,
530 2018 638 2096 qui
689 2018 771 2078 ita
819 2015 1259 2094 distinguunt:
1329 2016 1380 2078 si
1446 2015 1747 2079 dominus
1812 2016 2038 2079 fuisset
2103 2030 2239 2078 rem
2302 2022 2798 2077 conservaturus

215 2111 426 2176 usqne
463 2096 540 2160 ad
592 2107 840 2175 tempus
875 2097 1139 2175 majoris
1184 2097 1589 2172 incrementi,
1623 2113 1735 2161 seu
1781 2113 1979 2175 usque
2023 2097 2101 2159 ad
2167 2104 2400 2159 statum
2469 2096 2561 2157 rei
2633 2096 2797 2173 opti-

213 2190 420 2246 mum,
466 2175 571 2240 tur
618 2184 872 2240 tenetur
916 2192 1329 2256 compensare
1374 2175 1705 2240 dominum
1767 2178 1951 2255 juxta
2007 2185 2259 2256 pretum
2324 2192 2552 2253 maJuS,
2631 2175 2797 2254 quod

212 2253 330 2318 illa
380 2273 483 2318 res
530 2256 772 2332 babuit,
820 2255 1047 2320 saltem
1092 2261 1345 2320 ratione
1390 2255 1550 2320 lucri
1598 2260 1928 2334 cessantis,
1974 2257 2073 2320 vel
2118 2257 2332 2322 damni
2383 2257 2795 2333 emergentis.

209 2331 278 2397 Si
327 2352 484 2399 vero
529 2336 831 2401 dominus
876 2338 1101 2401 fuisset
1143 2345 1318 2399 certo
1365 2336 1761 2414 vendituruS,
1804 2338 1906 2400 vel
1964 2346 2460 2416 consumpturus
2526 2351 2659 2398 rem
2729 2337 2795 2398 iu

135 2447 140 2452 ·
201 2424 390 2479 ‘statu
433 2417 573 2496 eJus
619 2421 888 2492 minore,
931 2427 1109 2496 Juxta
1159 2418 1330 2480 bunc
1374 2425 1612 2480 statum
1657 2419 1948 2490 sentiunt
1990 2435 2129 2481 esse
2175 2416 2535 2480 faciendam
2568 2415 2797 2478 damni

215 2495 382 2558 illati
428 2498 945 2576 supputationem
989 2507 1054 2560 et
1101 2509 1399 2577 tanquam
1447 2496 1727 2560 fructum
1768 2514 1959 2561 merae
2008 2498 2348 2561 industriae
2424 2494 2793 2558 babendum

212 2590 356 2639 esse
406 2577 1109 2659 incrementum‚·quod
1156 2577 1320 2655 apud
1369 2576 1576 2641 furem
1621 2580 1886 2657 accepit,
1932 2596 2049 2640 nec
2094 2594 2218 2640 non
2271 2578 2506 2639 iterum
2574 2585 2792 2656 postea

213 2658 454 2720 amisit.
494 2657 781 2735 (Molina,
824 2657 1502 2738 Vasquius,·Layman,
1545 2657 1850 2737 Lessius.)

295 2736 539 2801 Verum
584 2738 696 2800 alii
743 2738 1138 2817 probabilius
1174 2746 1440 2801 censent
1483 2738 1689 2819 (nulla
1738 2738 1897 2802 iacta
1947 2738 2328 2816 exceptione
2392 2737 2529 2798 sive
2597 2735 2799 2799 tuerit

219 2818 359 2881 sive
405 2835 533 2881 non
580 2816 782 2881 fuerit
824 2818 1123 2882 dominus
1165 2829 1661 2883 conservaturus
1732 2835 1868 2882 rem
1930 2834 2109 2881 suam
2182 2834 2382 2894 usque
2449 2815 2528 2878 ad
2590 2817 2798 2894 majus

218 2899 412 2976 pretii
459 2897 958 2979 incrementum)
995 2900 1236 2979 justam
1279 2900 1773 2962 aestimationem
1816 2903 1909 2962 rei
1958 2897 2377 2960 restituendae
2409 2913 2552 2959 esse
2599 2895 2790 2959 desu-

219 2978 524 3040 mendam
567 2994 601 3042 a
646 2987 818 3041 statu
859 2979 1135 3053 meliori,
1184 2996 1372 3058 quam
1418 2997 1519 3042 res
1567 2980 1791 3044 babuit
1835 2981 1997 3042 intra
2050 2988 2295 3057 tempus
2366 2977 2620 3056 injustae
2685 2976 2796 3039 de·

220 3061 554 3134 tentionis‚
597 3060 743 3137 quia
791 3074 893 3121 res
936 3060 1242 3139 quaelibet
1283 3063 1535 3135 crescit,
1578 3070 1850 3138 augetur
1907 3061 1972 3122 in
2022 3059 2257 3122 bouum
2304 3057 2500 3120 solius
2545 3057 2794 3119 domini

214 3141 350 3213 sui;
397 3138 550 3201 dum
585 3157 619 3201 e
664 3142 988 3202 contrario
1034 3142 1098 3202 in
1143 3142 1446 3204 damnum
1511 3141 1710 3204 solius
1777 3139 1959 3203 maloe
2024 3140 2174 3202 fidei
2244 3141 2628 3217 possessoris
2691 3153 2796 3199 res

214 3221 389 3297 perit
430 3230 495 3282 et
538 3220 821 3282 deterior
864 3220 1155 3285 efficitur.
1202 3221 1510 3286 Dominus
1554 3231 1768 3283 autem
1815 3221 2053 3284 retinet
2095 3233 2354 3298 semper
2393 3217 2485 3280 rei
2523 3232 2655 3282 suae
2685 3216 2796 3279 do-

214 3300 511 3376 minium,
552 3317 677 3379 quo
723 3302 946 3380 nequit
986 3300 1299 3380 expoliari
1347 3301 1564 3380 iniqui·
1597 3301 1955 3364 detentoris
2025 3299 2290 3378 inJuria,
2333 3307 2397 3359 et
2463 3313 2534 3361 ea
2602 3298 2797 3359 etiam

218 3382 531 3458 temporis
576 3380 860 3459 periodo,
901 3397 1023 3461 qua
1071 3399 1174 3445 res
1214 3381 1531 3444 existebat
1575 3383 1639 3443 in
1687 3389 1857 3444 statu
1900 3380 2176 3456 meliori,
2220 3389 2285 3441 et
2328 3377 2590 3457 plurimi
2636 3379 2799 3439 aesti·

213 3460 533 3534 mabatur,
580 3460 891 3524 clamabat
933 3461 1013 3524 ad
1058 3457 1409 3538 dominum,
1454 3461 1849 3541 urgebatque
1897 3460 2204 3538 injustum
2251 3460 2652 3521 detentorem
2715 3456 2796 3519 ad

215 3540 710 3603 restituendum.
754 3541 1097 3604 Enimvero
1143 3543 1482 3621 fingamus,
1523 3542 1689 3621 quod
1737 3544 1802 3604 in
1849 3541 2061 3604 allatis
2107 3538 2565 3619 hypothesibus
2632 3539 2796 3616 inju-

215 3628 352 3684 stus
395 3622 697 3683 detentor
720 3620 1088 3685 vendiderit
1117 3629 1250 3687 tum
1286 3639 1540 3703 equum,
1575 3632 1704 3685 tum
1740 3623 1873 3683 vini
1900 3621 2138 3684 dolium
2181 3621 2248 3683 in
2287 3619 2537 3681 meliori
2574 3634 2795 3681 eorum

215 3711 419 3764 statu:
469 3704 858 3781 percepisset
899 3718 1053 3765 saue
1096 3719 1177 3766 ex
1220 3720 1383 3782 equo
1411 3716 1687 3766 -centum
1735 3703 2006 3777 libellaS,
2049 3717 2134 3764 ex
2168 3702 2301 3764 vini
2333 3700 2507 3762 dolio
2548 3698 2797 3760 libellas

213 3784 467 3862 viginti,
511 3782 692 3860 cujus
737 3797 927 3860 porro
972 3783 1098 3845 erit
1141 3785 1259 3845 boc
1305 3784 1627 3862 pretium?
1673 3800 1751 3845 an
1803 3783 2027 3862 injusti
2076 3781 2490 3845 detentoris‘?
2559 3795 2790 3857 nequa-

215 3877 440 3942 quam,
483 3863 631 3942 quia
677 3862 779 3925 tur
823 3878 950 3924 non
996 3862 1186 3927 debet
1228 3862 1358 3928 ullo
1404 3873 1691 3943 tempore
1733 3865 2049 3926 ditescere
2092 3879 2173 3925 ex
2218 3880 2287 3924 re
2331 3861 2562 3925 aliena.
2626 3860 2797 3936 Ergo

215 3946 345 4005 erit
385 3943 651 4018 domini,
696 3941 988 4005 deductis
1033 3953 1267 4018 tamen,
1315 3960 1458 4023 quae
1504 3954 1657 4007 sunt
1722 3943 2119 4017 deducenda,
2192 3957 2424 4019 nempe
2492 3940 2796 4016 expensis

217 4024 599 4085 necessariis
644 4023 828 4086 factis
871 4040 906 4086 a
953 4022 1112 4086 ture.
1169 4022 1226 4084 V.
1271 4023 1549 4102 Liguori,
1597 4023 1762 4103 Opus
1809 4024 1985 4098 Mor„
2030 4022 2071 4084 l.
2118 4038 2216 4097 ιιι,
2261 4039 2320 4082 ιι.
2363 4019 2507 4083 621.

291 4103 498 4165 810.
544 4102 610 4177 Q.
657 4104 709 4166 i.
753 4104 854 4166 An
895 4101 1007 4183 fur
1048 4110 1338 4167 teneatur
1378 4106 1446 4167 in
1487 4105 1871 4166 conscientia
1914 4121 2043 4166 rem
2105 4101 2375 4164 alienam
2442 4099 2802 4174 restituere,

214 4185 407 4247 etiam
449 4185 692 4263 quando
737 4201 868 4246 rem
909 4186 1113 4264 ipsam
1154 4186 1539 4262 consumpsit
1578 4184 1781 4246 eodem
1827 4185 1955 4245 loco
1996 4190 2060 4244 et
2102 4184 2279 4244 intra
2323 4180 2481 4242 idem
2540 4184 2802 4256 tempus,

217 4279 335 4343 quo
365 4264 509 4342 jam
544 4265 912 4344 praeviderit
951 4282 1080 4328 rem
1120 4264 1292 4344 apud
1328 4263 1642 4326 dominum
1684 4280 1851 4342 mque
1890 4263 2289 4342 perituram.-
2352 4265 2516 4321 esset
2575 4260 2632 4320 si
2697 4276 2801 4320 su·

103 4403 108 4410 .
216 4359 352 4406 mas
391 4346 604 4407 vinum
635 4344 916 4408 alienum
957 4344 1211 4421 ‘amjam
1240 4345 1522 4407 inccndio
1544 4344 1904 4424 periturum
1938 4358 2014 4405 ac
2042 4341 2495 4420 dissipandum,
2525 4339 2802 4432 illudque

216 4426 435 4486 statim
476 4442 617 4488 cum
656 4421 878 4506 amicis
961 4424 1145 4489 ibas?
2548 4469 2549 4472 =

299 4502 368 4567 R.
411 4505 606 4584 Lugo‚
656 4506 954 4585 Layman‚
998 4505 1271 4580 Lessius‚
1334 4503 1729 4578 Tambnrini‚
1790 4501 2023 4565 Molina
2089 4510 2155 4564 et
2219 4499 2507 4580 vasquez
2568 4507 2791 4564 contra

230 4582 389 4647 alios
434 4587 661 4648 merito
707 4586 1126 4665 probabiliter
1171 4593 1396 4665 putant
1438 4599 1566 4646 non
1615 4585 1822 4646 teneri
1853 4582 1935 4646 ad
1973 4582 2489 4656 restitutionem3
2525 4581 2675 4659 quia
2708 4595 2803 4643 re·

232 4678 380 4728 vera
426 4666 676 4732 nullum
718 4665 1022 4731 damnum
1068 4666 1273 4748 pretio
1316 4663 1699 4729 aestimabile
1741 4664 2003 4728 domino
2046 4661 2299 4726 illatum
2344 4670 2461 4740 est,
2504 4678 2649 4726 cum
2693 4676 2800 4723 res
