3292 5167
553 189 684 262 664
1228 204 1344 252 tin.
1392 204 1458 253 ll.
1506 207 1719 254 rator.
1767 203 1907 253 vm.
1954 204 2106 253 mse.
2151 205 2194 252 ι.
2243 207 2374 253 cap.
2424 205 2502 252 iv.

634 309 696 372 Si
741 310 883 389 quis
926 324 1078 387 ergo
1122 324 1237 371 nos
1280 310 1360 372 de
1405 310 1847 372 intollerantia
1911 309 2215 390 audacter
2272 316 2526 372 accuset
2562 355 2578 385 ,
2620 316 2687 373 et
2776 317 2983 375 uaerat
3031 325 3141 376 cur

636 408 771 454 cem
820 390 1114 452 nolumus
1183 391 1246 451 in
1295 391 1486 453 rebus
1530 391 1676 452 fidei
1723 407 1868 452 cum
1916 393 2106 451 sectis
2135 389 2578 465 adversariis,
2624 388 2878 454 faciem
2928 393 2988 454 ei
3033 392 3140 457 da·

600 474 766 535 imus
811 471 1293 550 responsionem
1341 469 1467 534 illis
1520 470 1714 533 Tullii
1769 469 1983 532 verbis
2027 470 2107 547 (si
2162 471 2314 550 ipsis
2360 470 2477 532 hac
2526 470 2714 556 in‚re·
2753 480 2845 534 uti
2894 470 3140 552 liceat):

560 550 689 613 Cur
735 568 945 631 pacem
986 550 1323 613 nolumus?
1366 552 1517 630 quia
1561 550 1770 629 turpis
1814 558 1958 622 est,·
2013 551 2164 631 quia
2208 550 2562 630 periculosa
2603 560 2698 613 est
2720 571 2742 624 ,·
2803 555 2956 631 quia
3014 571 3139 617 esse

554 650 675 695 non
715 638 918 712 potest
952 631 996 692 ¹.
1037 628 1194 704 Quia
1239 634 1448 709 turpis
1493 639 1622 703 ωτι,-
1669 630 1822 710 quid
1866 631 2041 692 enim
2088 632 2288 709 magis
2336 642 2539 708 turpe,
2582 632 2741 710 quid
2788 632 2993 713 magis
3044 635 3143 696 [ω-

556 712 704 775 dum
752 715 814 775 in
865 714 1123 774 homine
1167 715 1417 774 sincere
1453 710 1789 785 catholice,
1832 714 2403 791 quam-veritatem
2449 727 2592 774 cum
2640 728 2866 775 errore
2912 715 3141 777 adver·

557 800 768 856 tenter
817 793 965 870 pati,
1027 792 1126 856 vel
1172 795 1362 855 etiam
1409 791 1808 873 solummodo
1854 808 1993 853 sese
2060 792 2545 855 indifferentem
2588 808 2739 870 erga
2800 794 2988 864 illum
3037 797 3138 857 ha·

554 874 751 936 bere‘l
799 872 960 947 Quia
990 872 1341 953 periculosa
1384 881 1517 935 est.-
1556 874 1663 950 qui
1698 875 1870 934 enim
1906 872 2247 935 veritatem
2280 888 2638 950 agnoscens
2674 888 2799 935 non
2835 874 3143 939 abhorret

555 954 633 1016 ab
663 971 884 1017 errore
927 957 1249 1036 contrario
1298 956 1358 1015 in
1409 953 1598 1015 rebus
1641 970 1784 1035 quae
1818 962 2126 1015 aeternam
2160 952 2436 1015 salutem
2480 954 2857 1031 respiciunt,
2887 955 3140 1018 eviden-

558 1036 872 1097 tissimum
921 1036 1193 1096 incurrit
1238 1034 1590 1111 periculum
1646 1052 1676 1094 a
1729 1031 1850 1094 tide
1913 1033 2217 1110 paulatim
2286 1033 2670 1097 discedendi
2728 1045 2792 1096 et
2856 1051 3141 1099 errorem

556 1115 757 1194 ipsum
804 1114 1251 1193 amplexandi3
1293 1129 1436 1176 cum
1486 1123 1642 1176 teste
1687 1115 2108 1192 experientia,
2155 1113 2349 1176 facile
2409 1118 2493 1176 sit
2535 1117 2891 1178 errantium
2937 1133 3141 1180 corru-

557 1196 773 1274 ptione
802 1211 909 1256 cor
944 1195 1220 1257 hominis
1265 1197 1607 1272 corrumpi,
1655 1204 1719 1256 et
1763 1210 1984 1256 eorum
2023 1194 2313 1257 tenebris
2360 1203 2645 1257 mentem
2672 1196 2949 1258 obvolvi.
2987 1195 3139 1271 Quia

556 1292 685 1337 esse
728 1293 847 1337 non
887 1284 1127 1353 potest;
1175 1275 1405 1337 clamat
1449 1276 1815 1353 Apostolus:
1864 1274 2008 1349 Once
2035 1276 2199 1336 enim
2246 1275 2660 1355 participatio
2689 1275 2977 1352 Justitioe
3008 1294 3143 1339 eum

556 1355 944 1437 iniquitate?
987 1364 1103 1417 ant
1145 1373 1276 1434 quoe
1317 1358 1576 1418 societas
1624 1356 1781 1416 lacis
1826 1357 1907 1418 ad
1952 1353 2246 1418 tenebras
2276 1359 2307 1417 9
2363 1372 2497 1432 quie
2552 1362 2767 1419 autem
2821 1360 3141 1421 conventio

563 1436 803 1498 Christi
844 1437 926 1498 ad
969 1436 1221 1498 Belial?
1261 1444 1378 1497 aut
1419 1454 1549 1516 quae
1590 1451 1742 1514 pars
1785 1436 1953 1515 fideli
1984 1452 2135 1498 <cum
2181 1432 2419 1514 infideli
2462 1434 2489 1477 ²
2515 1439 2546 1498 ?

633 1515 843 1577 942.
889 1516 956 1589 Q.
999 1517 1056 1579 2.
1104 1515 1264 1588 Ouid
1305 1518 1373 1578 de
1416 1518 1655 1579 recenti
1695 1516 1838 1596 fidei
1881 1518 2309 1594 impedimento
2353 1518 2421 1578 in
2467 1516 2705 1579 ltalia?

637 1596 705 1658 R.
748 1596 1043 1661 Summus
1087 1595 1376 1659 Pontifex
1423 1596 1569 1659 Pius
1613 1595 1714 1670 IX,
1756 1597 2086 1675 Eucyclica
2129 1596 2341 1660 Nostis
2383 1595 2456 1657 ad
2508 1597 3037 1677 Archiepiscopos
3080 1608 3141 1662 et

554 1676 894 1756 Episcopos
933 1678 1129 1740 ltaliae
1164 1679 1231 1757 (8
1266 1676 1623 1741 decembris
1658 1678 1830 1753 1849,
1875 1678 2135 1755 Neapoli
2173 1677 2316 1738 data
2354 1679 2418 1738 in
2457 1676 2838 1740 Suburbano
2875 1679 3140 1759 Portici)

557 1758 975 1823 solertissime
1023 1757 1264 1821 indicat
1309 1774 1531 1820 recens
1573 1758 1896 1836 quoddam
1941 1768 2005 1819 et
2062 1756 2385 1836 peculiare
2431 1758 2577 1819 fidei
2613 1759 3139 1836 impedimentum

556 1843 622 1900 in
670 1837 847 1902 ltalia
893 1841 1111 1918 inique
1159 1834 1441 1916 serpens
1487 1839 1600 1900 Est
1662 1849 1872 1901 autem
1938 1838 2403 1900 audacissimus
2451 1855 2794 1916 pravorum
2842 1850 3139 1913 conatus,

554 1920 660 1999 qui
708 1917 1090 1980 diabolicum
1138 1919 1343 1980 iniere
1385 1919 1726 1980 consilium
1773 1920 1852 1981 de
1900 1917 2080 1980 Italis
2124 1917 2376 1998 populis
2427 1917 2834 1982 traducendis
2868 1922 2951 1981 ad
2996 1922 3135 1985 Pro·

559 2001 925 2061 testantium
966 1999 1202 2078 placita
1236 1999 1788 2072 eteonventicula.
1824 1998 1998 2072 Quod
2046 2007 2117 2061 ut
2158 1999 2516 2074 obtineant,
2550 1999 2843 2077 pluribus
2874 2010 3141 2065 utuntur

556 2081 789 2142 mediis
817 2127 832 2153 ,
877 2089 945 2141 ut
988 2080 1143 2141 scite
1191 2086 1368 2142 notat
1413 2080 1730 2142 Perrone:
1799 2083 1966 2141 inter
2025 2087 2232 2141 cetera
2282 2088 2431 2141 sunt
2475 2082 2803 2142 societates
2850 2078 3137 2158 biblieoe,

556 2161 836 2227 studium
878 2159 1222 2238 occupandi
1262 2159 1589 2222 cathedras
1634 2162 1702 2223 in
1745 2160 2073 2222 catholicis
2116 2158 2368 2235 scholis,
2409 2161 2792 2222 domicilium
2836 2164 2903 2223 in
2948 2166 3141 2243 reqio-

558 2238 746 2303 nibus
788 2240 1116 2303 catholicis
1160 2257 1294 2300 cum
1343 2242 1645 2320 emptione
1692 2239 2008 2312 bonorum,
2055 2246 2116 2301 et
2154 2238 2474 2319 publicum
2512 2240 2738 2305 ibidem
2770 2246 3142 2307 exercitium

461 2324 468 2331 ’
558 2322 662 2382 sui
702 2322 928 2395 cultus,
969 2321 1267 2382 editiones
1313 2320 1641 2395 librorum,
1694 2322 1758 2382 in
1803 2319 2029 2401 quibus
2076 2321 2625 2385 eorum.doctrina
2670 2322 2972 2386 traditur
2998 2342 3141 2404 pas·

557 2400 838 2465 sionibus
880 2403 1125 2476 amica,
1167 2401 1581 2463 incitamenta
1612 2450 1627 2475 ,
1672 2395 2142 2464 embortationes
2187 2408 2248 2462 et
2305 2401 2491 2463 etiam
2554 2406 2972 2481 pecuniarum
3028 2406 3139 2468 ali-

564 2483 807 2560 qnando
848 2482 1251 2560 elarqitiones
1278 2528 1293 2556 ‚
1368 2481 1707 2549 theoretica
1748 2483 2114 2562 pradicatio
2159 2482 2226 2542 in
2281 2482 2556 2559 privatis
2599 2484 2789 2544 etiam
2825 2484 3139 2561 domibus,

556 2563 962 2624 matrimonia
1004 2562 1209 2624 mioeta
1253 2562 1417 2624 inter
1476 2570 1897 2641 protestantes
1958 2572 2020 2624 et
2082 2562 2453 2639 catholicas¹
2486 2571 2809 2641 promota,
2870 2566 3142 2646 culpata

558 2642 989 2720 ephemerides,
1036 2643 1274 2702 demum
1316 2643 1644 2705 calumniae
1674 2651 1735 2705 et
1761 2642 2050 2717 dicteria,
2086 2641 2313 2720 quibus
2358 2643 2571 2720 putide
2606 2643 2985 2722 Reliqionem
3035 2664 3133 2710 ea-

561 2722 851 2784 tkolicam
895 2724 1288 2785 insectantur
1332 2722 1378 2783 3.
1423 2723 1646 2785 Merito
1693 2740 1844 2802 ergo
1890 2723 2238 2785 Praesulum
2286 2740 2470 2785 curas
2515 2725 2859 2787 excitando
2906 2725 3137 2791 Christi

559 2803 851 2866 vicarius
898 2801 1174 2864 remedia
1225 2805 1466 2881 praebet
1507 2804 1581 2865 ad
1634 2814 1873 2866 tantam
1922 2812 2163 2882 pestem
2206 2803 2689 2869 eliminandam..
2732 2814 2797 2867 et
2840 2816 3028 2869 sunt:

723 2885 773 2945 1.
825 2882 1128 2961 Populum
1169 2882 1247 2949 de
1293 2886 1529 2963 paratis
1575 2884 1694 2945 sibi
1745 2884 1997 2946 insidiis
2042 2885 2355 2958 edocere,
2411 2893 2476 2945 et
2526 2884 3032 2964 diligentissime
3080 2891 3139 2951 in

559 2962 854 3027 doctrina
903 2965 1251 3027 christiana
1300 2966 1636 3041 instruere,
1683 2973 1751 3025 ut
1793 2967 1986 3027 vitam
2034 2965 2108 3026 ad
2162 2964 2335 3026 illius
2384 2979 2672 3027 normam
2719 2977 3079 3044 componat.

715 3045 772 3106 2.
817 3043 1404 3108 Ecclesiasticorum
1472 3048 1754 3107 omnium
1803 3046 2196 3124 (praesertim
2240 3045 2346 3124 qui
2428 3046 2491 3106 in
2553 3048 2915 3108 animarum
2963 3052 3142 3129 cura)

559 3122 768 3185 zelum
816 3125 1186 3199 accendere,
1231 3132 1300 3187 ut
1335 3125 1565 3201 majori
1608 3143 1800 3203 usque
1843 3127 2208 3200 alacritate,
2241 3132 2432 3204 prout
2468 3133 2807 3204 temporum
2850 3130 3022 3192 ratio
3042 3148 3140 3209 po·

563 3205 784 3279 stulat,
832 3207 893 3267 iu
941 3204 1174 3268 dictam
1219 3205 1587 3268 christianis
1627 3204 1824 3285 plebis
1872 3208 2349 3268 instructionem
2393 3205 2780 3281 incumbant,
2822 3207 2987 3272 illud
3010 3228 3143 3290 spe·

561 3285 778 3347 ciatim
818 3286 1038 3364 doqma
1079 3286 1346 3365 singulis
1391 3286 1819 3362 inculcantes,
1867 3290 1999 3349 sine
2042 3287 2155 3365 fide
2211 3285 2525 3348 catholica
2591 3286 2974 3366 impossibile
3019 3308 3145 3354 esse

562 3365 811 3444 placere
859 3365 993 3440 Deo,
1037 3370 1100 3428 et
1138 3373 1435 3431 oeternam
1477 3368 1768 3446 consequi
1807 3368 2091 3430 salutem.

720 3445 777 3508 3.
820 3444 887 3507 ln
934 3447 1332 3510 orationibus
1379 3448 1651 3526 publicis
1697 3448 1920 3510 fideles
1966 3449 2160 3509 laicos
2219 3462 2487 3511 unacum
2559 3446 2744 3509 Clero
2788 3451 3144 3524 peculiares

564 3524 918 3589 identidem
965 3527 1091 3588 Deo
1137 3530 1374 3604 gratias
1419 3545 1608 3606 agere
1656 3545 1769 3607 pro
1814 3540 2070 3609 accepto
2115 3527 2449 3590 catholicae
2494 3526 2851 3606 Religionis
2906 3530 3139 3594 benefl-

561 3607 693 3681 cio,
735 3615 800 3668 et
844 3606 1217 3686 suppliciter
1261 3624 1384 3670 una
1434 3609 1621 3671 simul
1670 3608 2062 3688 efflagitare,
2126 3617 2195 3670 ut
2248 3608 2539 3686 ejusdem
2584 3609 3039 3689 professionem
3082 3612 3142 3674 in

560 3684 918 3765 reqionibus
962 3688 1198 3750 nostris
1247 3690 1410 3751 tueri
1452 3696 1512 3751 et
1555 3690 1925 3752 inviolatam
1967 3705 2336 3752 conservare
2378 3689 2697 3769 dipnetur.

719 3767 775 3828 4.
822 3766 1383 3830 Confirmationem
1431 3773 1806 3849 tempestive
1850 3772 2178 3849 suscipere
2208 3769 2283 3830 ad
2324 3770 2578 3832 fortiter
2620 3771 3145 3849 pugnandum,et

560 3849 798 3927 saepius
847 3848 1226 3911 Poenitentia
1286 3850 1531 3928 expiari
1577 3860 1768 3929 atque
1811 3850 1905 3912 Ss.
1951 3851 2352 3920 Eucharistia
2410 3851 2667 3913 muniri.

717 3927 773 3990 ὅ.
812 3927 1235 3992 parochorum
1272 3929 1672 4010 aliorumque
1707 3931 2107 3993 sacerdotum
2152 3930 2383 3993 studiis
2439 3931 2503 3991 in
2551 3930 2890 3992 ordinario
2921 3931 3144 4011 praedi·

557 4010 947 4073 cationionis
991 4011 1351 4075 ministerio
1395 4011 1748 4090 adjungere
1793 4011 2117 4074 interdum
2154 4009 2671 4074 extraordinaria
2713 4012 3145 4090 spiritualium

618 4174 640 4219 ¹
675 4175 844 4237 Philip
884 4142 968 4227 ica
999 4187 1089 4226 vn.
1129 4203 1195 4235 --,
1225 4179 1300 4231 La
1330 4178 1496 4228 verita
1526 4178 1627 4239 pub
1664 4181 1805 4228 tanto
1836 4181 2086 4230 tollerare
2122 4181 2359 4241 herrore,
2397 4185 2590 4242 quanto
2627 4193 2696 4230 un
2748 4173 3014 4240 peometra
3055 4180 3145 4245 pull

467 4314 480 4327 ⁸
557 4239 782 4299 soffrire,
819 4252 846 4287 c
937 4240 1149 4301 qualche
1181 4242 1440 4303 trianyolo
1474 4241 1872 4304 abbiaquattro
1906 4244 2042 4294 lati:
2078 4244 2156 4293 Ta
2195 4242 2362 4303 arelli,
2403 4242 2587 4305 Saepto
2626 4245 2888 4295 teoreticO.

657 4302 742 4374 ιν.
777 4302 997 4374 Franco,
1033 4304 1258 4364 Risposte
1291 4305 1544 4366 populari.
1581 4330 1643 4341 —
1677 4303 1865 4363 segur,
1902 4306 2129 4366 Risposte
2194 4307 2300 4355 reci
2333 4319 2359 4354 e
2391 4306 2667 4367 [amitini-i.
2702 4331 2764 4342 —
2815 4305 3050 4367 Balmes,
3084 4307 3149 4377 Lo

559 4362 1151 4476 Regmfwgo‘rltffisss‘zffm
1182 4365 1271 4417 ell'
1291 4366 1617 4427 intelliyenza
1650 4368 1729 4418 dei
1762 4366 2016 4426 sanciulli.
2048 4393 2112 4405 —
2146 4368 2386 4428 Goussel‚
2423 4367 2469 4418 Il
2500 4368 2696 4430 piccolo
2740 4368 2874 4420 libro
2926 4368 2983 4418 di
3014 4371 3146 4420 tuta.

620 4486 642 4524 ⁸
677 4438 797 4538 ilinc
830 4464 1003 4557 medja'
1032 4463 1269 4560 recenset
1299 4488 1365 4539 cl.
1403 4490 1651 4562 Pei-rone,
1691 4490 1782 4555 qni
1818 4491 1923 4541 alia
1956 4489 2105 4542 addit
2135 4490 2332 4555 quihus
2381 4492 2605 4543 utuntur
2658 4492 3014 4565 protestantes
3048 4490 3152 4543 nhi-

559 4559 688 4609 que:
727 4557 916 4607 nempe
947 4548 1221 4609 Jubtlaeum
1269 4550 1679 4613 reformationiS‚
1717 4552 2140 4605 anniversarium
2178 4554 2571 4605 reformationis
2607 4555 2815 4612 testum.
2865 4553 3151 4606 missiones

559 4609 702 4671 apud
739 4608 991 4669 infideleS,
1025 4612 1077 4660 et
1109 4610 1346 4662 studium
1379 4615 1748 4686 conversionis
1776 4614 2095 4676 judoeorum.
2152 4616 2381 4667 Praelect.
2415 4617 2475 4667 de
2506 4629 2629 4667 vera
2680 4616 2860 4679 Retio„
2959 4628 3036 4668 ar.
3076 4616 3149 4675 2⁸,

559 4681 617 4722 n.
649 4672 761 4722 251.
796 4695 860 4706 -
899 4671 954 4720 V.
1023 4670 1229 4732 Remu,
1265 4675 1404 4735 Deali
1436 4675 1600 4739 ssorzi
1627 4676 1707 4727 del
1735 4678 2182 4737 protestantesimo
2217 4680 2270 4728 in
2304 4680 2531 4741 Europa.
2571 4680 2782 4739 Parma,
2820 4629 2964 4731 ¹86²).
