3292 5167
528 127 655 194 484
1225 150 1341 197 mn.
1391 150 1456 197 n.
1507 150 1721 196 rnAcr.
1779 148 1885 197 vu.
1933 153 2088 199 ntsr.
2136 152 2202 200 11.
2254 154 2385 201 cap.
2434 153 2475 199 1.

527 249 702 318 enim
754 251 880 319 sub
912 269 1160 320 -eorum
1212 252 1418 321 tutela
1467 270 1543 322 ac
1591 271 1747 322 cura
1764 280 1784 336 3
1835 273 2052 342 neque
2101 272 2229 342 qua
2278 254 2525 327 milites
2592 254 2907 326 desinunt
2980 274 3129 327 esse

526 356 902 440 christiani3
952 359 1101 428 ideo
1152 368 1218 429 et
1266 361 1695 430 commodum
1743 362 1823 429 ad
1871 363 1981 430 illa
2032 363 2441 432 observanda
2490 371 2554 433 et
2619 364 3005 434 sacerdotes
3051 366 3131 435 ad

525 462 589 529 id
625 467 1040 535 necessarios
1089 467 1223 536 illis
1273 470 1398 538 sub
1434 470 1608 555 gravi
1644 468 1981 557 assignare
2016 471 2284 541 debent.
2326 474 2494 541 Item
2535 473 2919 542 omnimode
2954 492 3127 560 prae-

524 590 773 655 cavere,
806 593 888 643 ne
915 576 1178 664 populis
1224 577 1539 647 scandalo
1590 577 1726 646 sint
1759 579 1860 648 vel
1897 578 2138 648 damno
2160 605 2178 663 3
2229 580 2381 649 ideo
2419 580 2665 650 debent
2705 581 2835 651 illis
2874 582 3129 668 stipen-

524 680 627 748 dia
678 682 1080 767 persolvere,
1136 685 1430 771 alioquin
1481 693 1872 755 tenerentur
1919 687 2042 773 ipsi
2094 707 2529 775 compensare
2565 688 2800 757 damna
2850 698 2916 758 et
2965 690 3133 759 mili-

524 788 723 873 tibus,
774 799 838 858 et
886 793 1083 860 etiam
1121 793 1287 872 aliis,
1329 794 1438 880 qui
1491 811 1525 860 a
1576 794 1896 875 militibus
1932 793 2166 863 damna
2202 803 2636 881 acceperunt;
2687 815 2840 865 cum
2875 797 3113 867 horum

522 897 820 965 omnium
851 907 1025 969 *tunc
1074 900 1206 969 sint
1254 918 1445 970 causa
1497 901 1761 988 injusta,
1812 910 2012 988 atque
2060 902 2423 972 efficaciter
2468 920 2762 973 movens.

617 1008 756 1087 Qua
805 1006 867 1075 in
922 1026 992 1076 re
1041 1007 1361 1077 dicimus:
1439 1015 1714 1094 peccant
1784 1007 2011 1093 duces,
2064 1010 2334 1095 tribuni,
2387 1011 2813 1080 centuriones
2885 1010 3128 1097 aliique

524 1114 859 1197 officialeS‚
893 1124 959 1184 et
1006 1124 1319 1184 tenentur
1365 1117 1447 1185 ad
1495 1117 2025 1186 restitutionem:
2084 1118 2149 1205 l)
2198 1120 2251 1187 si
2305 1119 2653 1205 pauciores
2689 1119 2975 1188 habeant
3006 1119 3125 1187 mi-

523 1221 694 1307 liteS‚
746 1240 944 1309 quam
993 1224 1308 1293 exhibent
1356 1225 1420 1292 in
1471 1224 1958 1311 stipendiorum
2007 1225 2371 1309 solutione,
2420 1233 2495 1293 ut
2548 1244 2699 1295 cum
2736 1244 2770 1293 a
2809 1225 3126 1294 commis-

527 1330 716 1398 sariis
758 1330 1126 1398 lustrantur
1173 1330 1406 1417 copiae,
1459 1331 1580 1417 ipsi
1633 1350 1766 1399 non
1822 1332 2070 1400 milites
2119 1332 2245 1402 sub
2296 1333 2525 1402 babitu
2574 1332 2843 1401 militari
2876 1332 2976 1401 vel
3025 1333 3127 1402 bis

523 1436 806 1505 eundem
858 1436 1135 1505 militem
1185 1444 1634 1523 praesentent3
1686 1439 1756 1525 2)
1808 1439 2074 1524 quando
2125 1446 2538 1508 commeatus
2603 1458 2781 1509 curae
2832 1440 3127 1527 praefecti

521 1544 676 1612 dant
723 1545 1044 1614 militibus
1094 1544 1316 1614 cibum
1366 1544 1463 1613 vel
1502 1552 1734 1632 potum
1770 1553 2180 1633 corruptum,
2233 1567 2313 1615 ex
2363 1564 2497 1634 quo
2534 1547 2746 1616 morbi
2784 1549 3115 1630 oriantur3

523 1652 591 1737 3)
617 1650 901 1737 quando,
931 1651 994 1719 in
1031 1652 1311 1719 transitu
1345 1671 1466 1739 per
1501 1652 1830 1738 regiones,
1875 1654 2209 1741 accipiunt
2255 1655 2568 1741 pecunias
2604 1673 2645 1722 a
2679 1654 2874 1723 variis
2916 1656 3118 1741 pagi3‚

520 1777 603 1829 ne
651 1760 757 1827 hic
807 1760 905 1827 vel
946 1759 1078 1827 illic
1127 1768 1557 1846 pernoctent:
1593 1761 1711 1828 ,vel
1761 1761 2026 1848 quando
2078 1764 2187 1830 uni
2249 1763 2439 1831 militi
2492 1762 2648 1831 dant
2699 1762 2924 1849 plures
2974 1782 3119 1848 syn-

522 1867 803 1953 graphas
853 1866 932 1935 ad
982 1866 1218 1936 domos
1270 1867 1595 1937 diversas:
1645 1870 1745 1938 vel
1796 1869 2203 1956 stipendium
2254 1870 2587 1939 militibus
2638 1870 2938 1940 debitum
2971 1873 3123 1941 sub-

521 1976 810 2058 trahunt,
862 1981 927 2043 et
976 1976 1391 2061 permittunt,
1438 1984 1509 2044 ut
1556 1975 1665 2044 isti
1717 1972 1817 2046 ab'
1870 1978 2344 2046 innocentibus
2419 1984 2898 2065 extorqueant;
2970 1996 3118 2047 nam

520 2092 680 2151 tunc
731 2082 852 2169 ipsi
904 2081 983 2149 ad
1033 2083 1158 2151 hoc
1207 2101 1433 2152 ansam
1483 2064 1739 2152 darent.

608 2195 682 2261 R.
713 2191 810 2261 Ad
844 2195 919 2258 2:
955 2192 1193 2261 Milites
1228 2193 1292 2261 in
1331 2194 1454 2260 tria
1497 2192 1781 2260 maxime
1819 2198 2088 2278 peccata
2135 2192 2529 2278 impingunt,
2566 2211 2600 2259 a
2641 2194 2888 2279 quibus
2938 2194 3123 2262 forti-

520 2308 622 2368 ter
669 2300 931 2369 arcendi
982 2307 1176 2368 sunt:
1227 2299 1292 2368 in
1343 2302 1695 2385 luxuriam,
1748 2307 2061 2387 tanquam
2110 2319 2270 2386 gens
2318 2301 2624 2369 militaris
2697 2310 2847 2369 nata
2904 2302 2993 2370 sit
3041 2302 3123 2369 ad

519 2407 1249 2494 carnis-petulantiam
1303 2410 1369 2476 in
1418 2408 1849 2496 blasphemias,
1901 2409 2087 2494 quasi
2147 2426 2281 2476 non
2345 2407 2434 2477 sit
2486 2408 2697 2476 virilis
2755 2407 2956 2477 animi
3007 2410 3118 2495 qui

518 2516 661 2586 sine
710 2516 1187 2603 imprecatione
1236 2518 1561 2603 loquitur3
1622 2517 1687 2585 in
1735 2518 1933 2605 furta,
1987 2517 2173 2603 quasi
2227 2517 2447 2587 omnia
2513 2518 2756 2587 liceant
2803 2536 2984 2586 arma
3032 2519 3123 2587 fe-

518 2624 840 2693 rentibuS.
892 2628 1025 2693 Hac
1075 2625 1139 2692 in
1191 2643 1262 2693 re
1311 2632 1542 2693 contra
1584 2625 1914 2710 justitiam
1968 2633 2244 2710 peccant
2280 2633 2346 2694 et
2381 2633 2696 2694 tenentur
2740 2626 2821 2694 ad
2856 2628 3126 2696 restitu-

518 2734 766 2801 tionem
807 2732 1069 2812 milites,
1125 2739 1197 2799 ut
1247 2733 1336 2800 ait
1388 2734 1713 2802 Gousset:
1782 2734 1845 2818 ¹)
1899 2734 2163 2815 Quando
2207 2745 2364 2801 sotto
2402 2746 2669 2822 pretesto
2738 2736 2846 2801 che
2893 2736 2945 2801 il
2990 2736 3123 2802 loro

513 2840 684 2908 solda
729 2860 857 2907 non
901 2841 934 2906 ὲ
978 2840 1327 2928 sufficiente,
1375 2859 1635 2908 cercano
1683 2842 1911 2927 risarsi
1940 2860 2131 2928 sopra
2168 2841 2193 2908 i
2223 2841 2528 2924 cittadini,
2567 2841 2935 2928 usurpando
2969 2842 3122 2909 roba

515 2948 748 3015 altrai:
795 2948 914 3014 essi
960 2968 1087 3015 non
1135 2949 1346 3015 hanno
1392 2966 1589 3016 vertm
1636 2948 1853 3016 diritto
1888 2968 2079 3036 sopra
2112 2950 2138 3017 i
2167 2950 2306 3016 beni
2337 2949 2429 3016 ἀρ’
2450 2952 2709 3036 privati,
2746 2951 2979 3036 iquali
3001 2969 3115 3038 pa-

513 3076 679 3143 yano
732 3054 860 3123 allo
913 3057 1081 3123 Scato
1127 3068 1360 3140 quanto
1401 3067 1590 3123 torna
1617 3056 1970 3124 necessario
2008 3058 2122 3145 pel.
2159 3057 2641 3124 mantenimento
2673 3057 2828 3124 delle
2857 3069 3123 3145 trappe,-

517 3200 598 3211 --
649 3166 718 3248 Ξ)
764 3162 1011 3248 quando
1059 3164 1337 3231 vendono
1386 3164 1439 3230 le
1478 3164 1648 3231 armi
1694 3183 1729 3231 o
1775 3164 1935 3230 altre
1978 3183 2115 3230 cose
2172 3165 2470 3251 spectanti
2515 3165 2582 3230 al
2626 3183 2919 3250 qoverrw,
2970 3184 3008 3232 o
3052 3165 3121 3231 di

515 3272 617 3338 cui
662 3273 781 3338 essi
824 3292 952 3338 non
999 3273 1210 3338 hanno
1257 3273 1364 3338 che
1412 3273 1568 3338 l'uso
1619 3271 1777 3357 (qua
1826 3271 1893 3339 in
1941 3289 2013 3339 re
2047 3276 2112 3340 et
2147 3271 2271 3357 ipsi
2304 3256 2656 3357 'emptores
2690 3271 2772 3340 de
2807 3272 2985 3340 furto
3027 3278 3121 3339 te·

516 3377 785 3462 nentur)
802 3402 821 3460 ;
868 3414 957 3425 -—
1004 3376 1071 3464 3)
1118 3378 1385 3463 quande,
1434 3378 1687 3445 essendo
1733 3378 2063 3465 alloqyiati
2099 3397 2316 3466 presso
2362 3378 2388 3444 i
2431 3379 2737 3462 cittadini,
2788 3378 3119 3466 adaprant)

512 3485 797 3552 violenza
843 3504 874 3551 e
918 3485 1195 3552 mir-acce
1235 3504 1354 3573 per
1396 3485 1561 3572 sarsi
1597 3485 1751 3551 dare
1772 3483 1892 3572 piit
1923 3485 2020 3551 del
2049 3483 2318 3564 ἀουατος
2361 3522 2453 3535 —-
2483 3486 2555 3573 4)
2586 3485 2836 3573 quando
2883 3485 2961 3554 di
2984 3486 3119 3554 loro

506 3593 764 3679 privata
808 3592 1086 3659 autarith
1130 3593 1340 3678 tolyon
1386 3591 1619 3658 cavalli
1664 3612 1699 3659 o
1745 3602 1979 3659 vectare
2023 3592 2091 3658 ai
2130 3593 2373 3679 privati
2411 3612 2529 3681 per
2573 3593 2884 3661 condurre
2918 3595 2945 3660 i
2977 3594 3112 3661 loro

512 3698 781 3785 baqayli.
830 3699 1120 3766 Allorchd
1166 3700 1219 3765 le
1263 3709 1486 3787 trappe
1532 3699 1742 3765 hanno
1798 3699 2050 3787 biseqno
2096 3697 2163 3766 cti
2207 3711 2467 3783 vectare,
2510 3719 2780 3788 possano
2845 3701 3117 3767 doman-

510 3805 685 3873 darle
731 3824 772 3872 a
815 3806 1109 3872 richiesta
1153 3805 1251 3872 del
1299 3807 1466 3893 Capo
1505 3807 1612 3873 che
1651 3806 1707 3871 le
1736 3805 2043 3873 comanda
2059 3831 2083 3885 ;
2127 3826 2235 3873 ma
2264 3807 2323 3874 si
2353 3807 2460 3875 dee
2487 3827 2531 3874 a
2564 3818 2773 3894 questo
2808 3807 3117 3893 riquardo

510 3914 927 3999 uniformarsi
969 3914 1037 3979 ai
1081 3913 1486 3999 reqotamenti
1499 3938 1524 3993 ;
1568 3950 1658 3961 —
1703 3914 1773 4000 5)
1818 3913 2094 3999 quando,
2137 3933 2260 4002 per
2306 3916 2675 4001 neyliymza
2718 3927 3118 4001 yravemente

510 4022 812 4109 colpevole
856 4041 892 4089 ο
940 4020 1116 4103 υἰῑῑὰ,
1163 4040 1291 4087 non
1337 4020 1733 4108 impedissero
1776 4022 1824 4088 it
1850 4021 2087 4088 nemico
2128 4022 2193 4088 di
2253 4032 2499 4089 mettere
2529 4039 2571 4087 a
2604 4022 2765 4089 ruba
2795 4041 2827 4088 e
2861 4041 2905 4089 a
2936 4040 3120 4090 sacca

509 4129 558 4196 il
594 4150 780 4217 paese
815 4151 846 4195 e
895 4130 947 4195 le
993 4148 1132 4195 case
1178 4128 1269 4195 de’
1289 4129 1552 4216 privati.

594 4240 797 4304 'vo-5.
849 4240 921 4318 Q.
971 4238 1032 4305 3.
1087 4237 1250 4319 Quid
1292 4237 1366 4304 de
1410 4237 1714 4304 militibus
1757 4237 1869 4322 qui
1913 4246 2127 4305 castra
2170 4235 2512 4303 deserunt?
2574 4302 2581 4307 ,

598 4344 667 4410 Β.
694 4345 1032 4412 Tenentur
1056 4343 1433 4413 desertores
1460 4343 1584 4437 sub
1619 4341 1795 4429 gravi
1832 4342 1911 4409 ad
1940 4349 2154 4410 castra
2188 4340 2405 4411 redire
2439 4358 2520 4410 ex
2554 4341 2960 4423 obedientia,
2990 4358 3123 4413 seu

510 4447 697 4532 legali
740 4449 996 4534 justitia
1046 4451 1207 4535 (imo
1257 4452 1312 4519 si
1361 4470 1395 4519 a
1446 4450 1751 4538 Principe
1790 4448 2127 4536 stipendio
2177 4448 2490 4519 conducti
2540 4458 2696 4518 sunt
2737 4468 2819 4519 ex
2851 4456 3132 4521 contra-

511 4562 641 4638 ctu,
692 4554 772 4622 ad
820 4554 885 4622 id
933 4563 1246 4625 tenentur
1292 4557 1491 4627 etiam
1539 4576 1618 4628 ex
1662 4556 1920 4644 iustitia
1955 4557 2475 4644 commutativa).
2517 4558 2770 4645 Excipe
2810 4559 2942 4627 nisi
2976 4558 3131 4628 bel-
