3292 5167
575 196 716 263 662
1260 211 1376 260 tte.
1419 212 1481 260 n.
1531 214 1743 261 rator.
1790 212 1923 261 viu.
1966 204 2123 263 ntsp'.
2164 213 2207 261 t.
2254 216 2383 261 cae.
2432 213 2514 262 lv.

560 320 763 399 juvat
801 334 878 380 ac
918 317 1100 398 fovet,
1143 332 1329 396 quam
1371 316 1439 379 in
1482 330 1637 392 eum,
1683 317 1793 398 qui
1828 318 1976 380 illos
2017 332 2141 379 non
2183 317 2534 392 densantiat,
2578 334 2728 397 quos
2789 314 3159 381 noverit&

576 396 986 463 societatibus
1047 412 1265 460 nomen
1305 398 1543 459 dedisse
1597 400 1693 461 vei
1735 399 2105 475 consilium,
2148 400 2471 461 auxilium
2527 406 2644 460 aut
2686 396 2968 477 favorem
3004 408 3149 477 pm·

576 489 794 544 stasse.
841 479 1075 542 Iterum
1121 479 1238 541 sub
1282 480 1943 543 excommunicatione
1987 481 2124 558 ipso
2170 476 2338 541 racto
2399 477 2793 542 incurrenda
2841 494 2918 541 ac
2966 492 3157 541 reser-

537 570 719 624 ,ναῖε
762 554 1178 641 prohibentur
1218 574 1421 621 omnes
1468 560 1640 634 libri,
1682 566 1952 634 statuta,
1995 559 2456 639 manuscripta,
2520 558 2755 621 codices
2802 558 3031 621 harum
3069 572 3152 622 so·

576 643 897 715 cietatum,
941 641 1109 701 sicut
1149 640 1336 702 etiam
1380 639 1522 702 illos
1566 641 1663 702 vel
1702 641 1935 721 ¹tepere,
1982 641 2076 704 vel
2118 640 2391 702 retinere
2416 656 2457 701 .·“
2489 640 2649 719 quod
2688 639 2841 701 ite-m
2884 640 3055 703 valet
3091 641 3161 703 de

575 721 860 786 omnibus
908 720 1091 783 libris
1135 721 1217 783 ad
1258 721 1519 783 illarum
1559 721 1969 807 defensionem
2012 722 2299 784 exaratis
2333 723 2377 781 ¹.
2409 719 2560 795 Quae
2603 722 2820 809 omnia
2870 719 3151 798 legitimo

579 804 891 883 superiori
943 803 1058 863 sub
1103 804 1280 879 gravi
1329 800 1494 862 tradi
1540 802 1817 864 debents

658 885 758 947 An
803 881 1104 962 (quaeres)
1147 880 1387 945 absolvi
1446 884 1692 961 possint
1747 883 1853 962 qui
1906 882 2222 961 proedictoe
2279 888 2468 944 seccoe
2530 897 2747 942 nornen
2822 880 3160 956 dederunt,

579 982 729 1044 quos
776 965 922 1026 licet
962 963 1172 1025 emissi
1204 964 1558 1040 jnramenti
1597 965 1930 1042 poeniteat,
1970 970 2228 1025 emterne
2278 970 2671 1024 tamen-cum
2714 960 2935 1021 iisdem
2978 962 3159 1025 sociis
3230 1028 3243 1037 ,

576 1045 784 1108 adhuc
826 1043 1337 1106 communicant?
1380 1042 1723 1123 Negative3
1768 1046 1921 1105 satis
1956 1059 2081 1104 non
2122 1052 2239 1118 est,
2279 1041 2447 1122 quod
2484 1059 2628 1121 quis
2664 1041 3001 1104 erroribus
3030 1045 3162 1104 suis

583 1127 836 1189 interne
901 1125 1269 1199 renuntiet,
1331 1128 1383 1186 si
1447 1134 1716 1187 externe
1779 1138 1887 1187 eos
1965 1125 2267 1202 profitere
2339 1122 2647 1185 videatur.
2720 1120 2807 1183 lta
2892 1121 3163 1201 Congre-

581 1209 754 1286 gatio
803 1205 862 1267 S.
915 1204 1141 1284 Officii,
1182 1205 1220 1266 5
1258 1203 1401 1283 julii
1451 1204 1624 1268 1837.
2774 1220 2781 1227 ·

750 1289 813 1365 e)
857 1286 1231 1348 Biblismus:
1267 1298 1455 1348 nemo
1489 1286 1746 1365 ignorat
1781 1300 1895 1364 per
1927 1292 2126 1346 totum
2159 1283 2379 1345 orbem
2413 1282 2704 1345 inductas
2745 1283 2945 1347 fuisse
2972 1282 3155 1361 (Lug-

582 1368 734 1430 duni
784 1369 1057 1447 primum
1104 1382 1273 1428 anno
1317 1366 1579 1427 circiter
1625 1365 1830 1445 1804),
1874 1374 1938 1426 et
1974 1365 2397 1427 audacissime
2443 1368 2661 1441 vagari
2707 1363 3019 1442 quasdam
3053 1364 3155 1425 bo·

579 1450 823 1511 minum
868 1449 1241 1523 societates,
1288 1462 1443 1526 quas
1487 1445 1767 1510 Biblicas
1796 1495 1811 1521 ‚
1859 1446 1958 1507 vel
2003 1447 2197 1507 etiam
2240 1442 2611 1508 Biblismum
2660 1444 3010 1523 appeliant.
3054 1443 3161 1506 ΗΒ

579 1538 868 1591 veterum
910 1530 1357 1590 naereticorum
1401 1537 1603 1590 artem
1654 1538 2038 1589 renovantes
2082 1534 2300 1588 contra
2341 1524 2643 1587 Ecclesiae
2674 1525 2933 1605 regulas
2963 1523 3163 1587 libros

582 1624 777 1673 sacrae
820 1608 1166 1687 Scripturas
1210 1608 1581 1686 vulgaribus
1627 1609 1982 1686 quibusque
2022 1606 2258 1684 linguis
2294 1604 2638 1669 translatos
2671 1616 2733 1666 et
2768 1614 2940 1683 saepe
2970 1609 3157 1667 etiam

580 1691 901 1770 perversis
946 1687 1483 1768 explicationibus
1530 1689 1858 1768 praeditoS‚
1894 1704 2021 1749 non
2069 1697 2320 1748 cessant
2363 1685 2748 1765 ubicumque
2792 1684 3159 1747 diffundere

581 1774 722 1833 sine
767 1785 1075 1845 numero,
1117 1769 1218 1831 vel
1325 1772 1482 1831 ratis
1540 1768 1914 1847 elargiendo
1960 1766 2059 1829 vel
2115 1768 2364 1830 minimi
2427 1766 2784 1828 vendendo.
2848 1764 3157 1837 Quorsum

582 1851 772 1913 haec‘?
819 1851 949 1912 Non
996 1850 1120 1913 alio
1167 1864 1278 1929 pro
1313 1858 1449 1911 ecto
1498 1850 1642 1924 fine,
1687 1859 1976 1927 quamut
2005 1864 2225 1911 omnes
2274 1846 2494 1909 fideles
2526 1857 2900 1909 assuescant
2944 1862 3157 1910 sacras

587 1931 857 2010 Paginas
904 1933 1150 2009 privato
1191 1930 1435 2009 judicio
1478 1931 1940 2009 interpretari,
1981 1931 2197 2008 sicque
2243 1945 2310 1990 se
2354 1944 2385 1990 a
2430 1927 2656 1989 Divina
2708 1926 3084 2002 traditione,
3124 1943 3157 1990 a

581 2011 834 2075 Patrum
882 2012 1193 2085 doctrina,
1226 2021 1292 2074 et
1326 2012 1402 2072 ab
1432 2009 1733 2073 Ecclesiae
1763 2010 2094 2072 catholicas
2129 2025 2322 2071 sensu
2352 2007 2749 2088 pedetentim
2779 2007 3155 2081 subducere,

583 2102 647 2155 et
693 2108 866 2155 more
931 2093 1416 2154 lutheranorum
1460 2106 1532 2153 ac
1577 2090 2056 2154 calvinistarum
2112 2091 2518 2168 emancipare
2580 2091 2644 2149 in
2710 2090 2832 2164 iis,
2896 2103 3043 2168 quae
3082 2087 3157 2150 ad

583 2173 774 2236 fidem
819 2181 883 2236 et
925 2182 1230 2234 aeternam
1276 2171 1544 2234 salutem
1594 2174 1938 2252 pertinent.
1994 2171 2154 2231 Hinc
2199 2169 2385 2231 valde
2423 2168 3034 2247 pertimescendum,
3078 2184 3155 2231 ne

582 2253 682 2316 vel
729 2256 1140 2333 corruptione
1204 2251 1304 2315 vel
1351 2254 1886 2331 interpretatione
1932 2267 2230 2330 perversa
2294 2248 2706 2328 Evanyelium
2769 2249 3016 2311 Christi
3061 2248 3158 2311 Do·

581 2336 760 2407 mini,
809 2333 1072 2397 hominis
1104 2334 1221 2414 fiat
1262 2333 1694 2413 Evangelium,
1742 2338 1857 2395 aut
1899 2332 2057 2411 quod
2094 2330 2275 2411 pejus
2305 2337 2418 2405 est,
2456 2330 2870 2410 Evanqelium
2904 2327 3160 2406 diaboii,

584 2426 653 2478 ut
699 2415 909 2477 verbis
951 2426 1207 2496 utamur
1252 2414 1542 2475 Doctoris
1595 2413 1871 2476 Maximi.
1918 2413 2084 2474 Deus
2132 2424 2359 2489 nempe
2407 2412 2580 2488 ipse,
2647 2426 2727 2472 ne
2791 2410 3019 2473 fideles
3064 2415 3153 2473 sui

584 2496 1120 2559 circumferantur
1162 2496 1327 2557 omni
1369 2502 1548 2557 vento
1590 2494 1891 2556 doctr-ime
1933 2495 2001 2554 in
2043 2493 2328 2571 nequitia
2371 2491 2685 2553 hominum
2740 2492 2823 2552 ad
2893 2494 3148 2553 circum·

582 2578 927 2640 vetitionem
981 2576 1243 2648 erroris,
1291 2576 1498 2636 vivam
1544 2583 1609 2637 et
1666 2574 2073 2636 infallibilem
2119 2573 2451 2635 constituit
2508 2574 3159 2650 auctoritatem.·quae

582 2658 938 2736 legitimum
984 2672 1239 2719 sensum
1286 2671 1416 2719 suae
1462 2654 1874 2718 revelationis
1918 2655 2221 2716 doceret:
2268 2668 2408 2732 quae
2453 2651 2713 2731 quidem
2760 2669 2887 2713 non
2942 2653 3007 2714 in
3034 2656 3156 2731 pri·

583 2747 728 2800 vato
772 2740 1001 2818 spiritu
1047 2736 1306 2813 residet,
1348 2734 1454 2798 sed
1506 2739 1570 2797 in
1613 2734 1747 2797 sola
1786 2734 2066 2796 Romana
2111 2733 2414 2809 Ecclesia,
2458 2732 2639 2810 cujus
2682 2735 2884 2796 solius
2930 2733 3163 2811 est-ju·

585 2819 802 2880 dicare
846 2817 923 2879 de
967 2835 1119 2880 vero
1157 2820 1388 2896 spiritu
1431 2824 1497 2878 et
1541 2817 2075 2895 interpretatione
2118 2812 2326 2877 Sacrae
2370 2813 2719 2892 Scripturas
2762 2812 2812 2876 ².

667 2898 734 2959 ln
781 2897 1054 2960 Biblicas
1084 2901 1420 2960 societates
1457 2896 1885 2958 eliminandas
1925 2899 2040 2959 toti
2072 2893 2336 2957 fuerunt
2366 2897 2767 2957 recentiores
2796 2892 3165 2967 Pontifices,

587 2978 734 3042 Pius
776 2978 906 3053 Vll,
953 2979 1072 3040 Leo
1115 2977 1266 3051 xil,
1307 2976 1653 3054 Gregorius
1695 2975 1828 3040 XVl
1877 2985 1941 3039 et
1985 2975 2131 3038 Pius
2179 2975 2256 3037 lx
2293 2974 2350 3036 ³:
2397 2977 2502 3056 qui
2549 2990 2778 3036 omnes
2834 2973 3162 3037 declarant

586 3060 943 3138 gravissimi
976 3075 1185 3122 coram
1213 3054 1340 3121 Deo
1365 3070 1429 3120 et
1452 3056 1730 3120 Ecclesia
1766 3057 2059 3120 criminis
2088 3072 2231 3118 reos
2262 3054 2401 3117 fore
2438 3056 2545 3135 qui
2585 3052 2778 3118 alicui
2808 3054 3161 3117 earundem

588 3142 959 3203 societatum
1007 3139 1159 3202 dare
1207 3155 1459 3214 nomen,
1511 3147 1619 3200 aut
1668 3140 1923 3218 operam
1972 3154 2149 3201 suam
2194 3139 2598 3199 commodare
2649 3151 2774 3199 seu
2814 3135 3158 3215 quomodo·

587 3235 836 3299 cunque
896 3220 1111 3282 favere
1159 3220 1705 3299 praesumpserint.
1788 3216 1922 3292 Quo
1966 3217 2226 3298 quidem
2283 3219 2462 3295 gravi
2528 3226 2790 3297 peccato
2862 3216 3057 3279 etiam
3100 3228 3167 3276 se

590 3301 1057 3363 commaculant
1099 3316 1320 3362 omnes
1367 3300 1516 3362 talia
1561 3296 1764 3361 Biblia
1810 3300 2117 3377 legentes.
2377 3338 2380 3344 ι

668 3382 768 3443 An
811 3382 1116 3461 (quaeres)
1160 3381 1380 3443 saltem
1442 3380 1558 3460 leqi
1598 3381 1797 3459 possit
1836 3380 2036 3442 versio
2080 3376 2432 3442 Biblini-um
2486 3378 2555 3439 in
2597 3377 2825 3457 linqua
2864 3372 3163 3457 vulperti,

587 3462 644 3522 si
715 3469 862 3523 acta
911 3464 1000 3524 sit
1038 3461 1448 3535 acatholicis
1490 3460 1651 3523 viris
1685 3462 1716 3522 9
1852 3492 1881 3506 ·-

724 3590 737 3603 .
781 3542 842 3603 Si
893 3542 1050 3605 tales
1107 3544 1434 3605 versiones
1479 3541 1670 3603 editae
1733 3546 1882 3601 sunt
1936 3550 2078 3600 cum
2143 3537 2672 3601 adnotationibus
2730 3537 3093 3616 desumptis
3131 3552 3163 3596 a

589 3622 830 3688 sanctis
870 3622 1171 3686 Ecclesiae
1231 3622 1565 3697 Patribus,
1608 3621 1894 3683 doctisve
1954 3634 2025 3682 ac
2071 3617 2403 3681 catholicis
2468 3621 2626 3680 viris
2686 3617 3163 3686 concedentem

648 3900 667 3939 ¹
701 3899 945 3952 Clemens
976 3899 1082 3959 ΧΠ,
1116 3897 1396 3950 constitut.
1431 3897 1494 3947 In
1519 3898 1762 3949 eminenti
1800 3896 1937 3948 1738.
1972 3921 2034 3933 -
2066 3894 2387 3949 Benedictus
2436 3894 2573 3954 XIV,
2636 3893 2884 3945 Providus
2940 3895 3078 3945 1751.
3110 3916 3166 3929 -

585 3960 713 4014 Pius
749 3963 855 4023 vn,
891 3960 1166 4012 Ecclesium
1200 3962 1339 4012 1821.
1375 3987 1436 3996 --
1468 3961 1571 4011 Leo
1598 3959 1713 4017 XII,
1752 3959 1859 4020 Quo
1905 3959 2153 4019 oraclora
2202 3958 2339 4009 1825.
2370 3982 2434 3995 —
2468 3958 2755 4019 Gregorius
2812 3954 2955 4016 xvi,
3010 3954 3166 4006 mter.

588 4025 824 4077 Tandem
859 4025 984 4075 Pius
1015 4020 1084 4074 IX
1119 4023 1330 4085 Encycl.
1366 4024 1396 4074 6
1429 4022 1542 4073 dec.
1579 4023 1701 4073 1864
1734 4027 1786 4073 et
1816 4024 1879 4072 25
1913 4025 2044 4083 sept.
2082 4022 2206 4072 1865
2241 4022 2462 4085 renovat
2497 4030 2559 4069 ac
2594 4019 2775 4071 firmat
2808 4028 3003 4069 omnes
3030 4020 3168 4069 ante·

588 4092 735 4139 actus
777 4087 1195 4139 constitutiones
1242 4084 1435 4135 Pontitl
1449 4086 1579 4145 ciza,
1628 4088 1681 4135 et
1714 4094 1899 4146 poenas
1933 4085 2120 4134 contra
2151 4083 2285 4132 tales
2316 4082 2774 4144 congregationes,
2797 4081 2913 4151 sive
2936 4080 3169 4142 exigatur

584 4150 945 4213 juramentum
981 4147 1046 4199 de
1079 4149 1283 4201 secreto
1318 4145 1588 4198 servando
1621 4146 1736 4197 sive
1768 4157 1896 4205 non,
1933 4146 1985 4195 et
2017 4145 2266 4208 quamvis
2322 4145 2612 4196 tolerentur
2645 4156 2677 4193 a.
2708 4143 2851 4193 civili
2897 4141 3165 4207 gubernio.

589 4214 721 4263 ilinc
751 4212 912 4263 etiam
948 4212 1090 4274 patet
1121 4204 1264 4274 quod
1299 4210 1532 4271 insimti'a
1582 4210 1870 4259 massonica
1904 4208 1956 4258 in
2003 4207 2162 4279 rebus
2214 4207 2390 4258 cultus
2437 4206 2553 4259 sine
2594 4203 2914 4273 gravissimo
2968 4203 3167 4268 piaculo

587 4274 836 4336 usurpari
870 4278 1182 4334 nequeunt3
1219 4271 1357 4323 absit
1387 4282 1512 4334 ergo
1543 4270 1603 4321 ut
1626 4270 1875 4321 Ecclesiae
1910 4268 2135 4323 ministri
2170 4269 2374 4320 lantum
2409 4266 2557 4319 netas
2592 4267 2927 4331 permittant3
2961 4269 3016 4318 et
3035 4265 3170 4330 quod

590 4336 742 4399 pejus
777 4337 877 4396 est,
911 4338 969 4385 ut
1002 4346 1101 4386 sua
1136 4332 1414 4398 praesentia
1445 4339 1682 4384 immane
1715 4328 2029 4383 scandalum
2068 4344 2132 4382 ac
2166 4331 2500 4394 sacrilegium
2551 4330 2847 4394 approbare
2880 4328 3174 4380 videantur.

587 4422 653 4435 -—
686 4398 748 4448 V.
784 4398 891 4450 Civ.
926 4398 1060 4448 Cau.
1109 4407 1212 4447 ser.
1248 4397 1323 4455 δ’,
1358 4397 1392 4447 t.
1429 4407 1513 4446 nt:
1549 4396 1625 4446 La
1656 4396 1975 4445 massoneria
2007 4394 2112 4445 allo
2146 4407 2170 4445 s
2240 4395 2368 4443 ardo
2401 4394 2678 4452 castolium·
2716 4396 2749 4442 t.
2778 4403 2867 4445 tv:
2905 4393 2979 4443 La
3001 4395 3174 4442 lettera

583 4458 935 4573 “mma
873 4433 1258 4572 esttibi&
1279 4458 1625 4571 1ῃίωέἕᾶ
1656 4457 1887 4571 Emis?
1902 4455 2808 4570 {¹¹32sittfttlit'tssffl'itiss‘iz
2822 4457 2883 4508 ²⁶
2905 4452 3176 4567 061189.-

590 4559 788 4635 Annali
840 4583 946 4632 Reti
981 4585 1091 4655 iosi,
1124 4533 1364 4653 ceriegP,
1394 4532 1996 4640 vo't.,1v.'—p'ttart'tnet,
2032 4578 2288 4652 solutions
2319 4580 2381 4630 de
2410 4554 2603 4643 oravi'ds
2629 4554 2887 4642 probleme'
2888 4529 2945 4630 {³
3061 4554 3073 4565 ’

654 4647 676 4685 ⁸
713 4647 838 4696 Pius
870 4595 980 4703 vlf,
1013 4647 1035 4694 1
1065 4645 1200 4716 ¹junii
1236 4644 1288 4695 et
1318 4644 1349 4694 4
1381 4646 1513 4716 sept.
1555 4647 1698 4716 1816.
1731 4669 1795 4682 —-
1828 4645 1931 4694 Leo
1968 4644 2081 4703 XII,
2111 4646 2140 4696 3
2175 4642 2300 4705 maji
2338 4644 2475 4695 1824.
2510 4667 2574 4716 .-
2603 4642 2890 4715 §regorius
2944 4638 3084 4701 XVI,
3112 4638 3177 4690 st

585 4707 722 4775 maji
753 4706 895 4760 1844.
927 4730 989 4744 -
1020 4706 1147 4758 Pius
1180 4706 1268 4767 lx,
1305 4704 1401 4767 Qui
1426 4705 1665 4769 pluribus
1699 4706 1837 4758 1846.
1880 4707 1936 4757 V.
1972 4704 2124 4758 Bulla
2155 4706 2430 4758 Auctorem
2463 4704 2634 4766 Fidei,
2668 4716 2883 4768 propos.
2919 4706 2985 4756 67
3018 4705 3071 4755 et
3102 4703 3183 4754 68.
