3292 5167
479 269 610 335 214
1210 284 1325 329 nin.
1374 282 1438 328 ιι.
1487 255 1831 329 τιιιοτ.“νι.
1881 281 2035 327 nisr.
2084 282 2125 325 1.
2174 280 2306 326 cn.
2356 279 2423 325 ιι.

468 412 478 422 ·
573 386 741 471 Quid
788 405 947 456 sane
993 385 1203 473 magis
1250 402 1642 472 congruum,
1692 402 1890 471 quam
1940 390 2012 451 ut
2059 381 2175 450 filii
2218 389 2474 469 patrem
2514 379 2823 468 adjuvent
2860 381 2926 448 in
2961 399 3086 450 sua

481 503 643 579 arte,
693 499 891 581 quam
936 493 1090 562 inde
1143 500 1209 561 et
1258 492 1384 580 ipsi
1433 490 1830 561 addiscunt?
1860 488 2010 558 ideo
2059 488 2173 557 filii
2224 496 2583 558 censentur
2630 487 2933 558 laborare
2967 491 3088 582 ‘uti

480 603 780 673 membra
826 601 1113 686 familiae,
1166 608 1230 670 et
1279 601 1374 669 sic
1423 600 1682 669 lucrum
1730 597 1995 667 familiae
2046 596 2282 668 cedere
2329 596 2547 667 debet.

572 713 639 781 Si
689 729 842 781 vero
879 710 944 778 in
987 710 1066 779 iis
1105 708 1391 796 negotiis
1432 705 1816 794 impendant
1852 706 2150 775 laborem
2184 704 2803 790 extraordinarium,
2839 712 2904 775 et
2942 724 3093 794 prae

484 818 724 888 ceteris
796 816 1131 899 fratribus,
1182 816 1283 885 vel
1356 814 1704 884 sororibus
1754 813 2162 896 adlaborent‚
2210 812 2683 900 patrimonium
2731 819 3090 900 paternum

483 946 619 997 non
667 944 901 1015 parum
948 923 1273 1012 augendo,
1323 922 1594 1012 aliquod
1645 923 1906 992 lucrum
1954 940 2158 1008 super
2204 921 2370 990 alios
2404 921 2529 991 sibi
2563 919 2897 990 vindicare
2931 938 3090 1007 pos·

486 1043 665 1119 sunt,
718 1035 808 1103 uti
861 1032 1101 1103 docent
1147 1033 1457 1119 Angelus,
1505 1032 1835 1113 Bartolus,
1870 1030 2167 1114 Billuart‚
2203 1029 2652 1113 Cabassutius,
2689 1029 2924 1111 Collet,
2960 1028 3085 1098 De-

489 1142 652 1225 cius,
699 1141 909 1226 Elbel,
957 1140 1262 1228 Ituriaga,
1312 1140 1604 1223 LessiuS,
1657 1134 1865 1225 Lugo,
1915 1141 2182 1222 PontaS‚
2233 1145 2359 1207 etc.
2406 1140 2570 1206 Nam
2618 1156 2696 1206 ex
2732 1155 2861 1205 una
2897 1142 3093 1223 parte

488 1248 931 1333 filiifamilias,
1003 1268 1137 1318 non
1209 1255 1566 1318 censentur
1597 1247 1961 1342 *deterioris
2011 1243 2435 1328 conditionis„
2486 1263 2684 1332 quam
2734 1243 2821 1313 sit
2869 1250 3089 1314 extra-

490 1376 680 1441 neuS‚
748 1355 853 1426 cui
900 1356 966 1424 in
1016 1356 1140 1426 hoc
1187 1374 1344 1426 casu
1395 1354 1877 1425 concederetur
1923 1353 2329 1441 stipendium
2377 1352 2557 1422 illius
2606 1370 2954 1435 excessus3
3005 1370 3086 1422 ex

492 1466 616 1535 alia
663 1471 850 1553 parte
896 1464 1079 1533 nullo
1124 1465 1274 1551 jure
1321 1461 1838 1533 extraordinaria
1886 1460 1996 1530 illa
2045 1461 2239 1530 titulo
2289 1459 2576 1547 gratuito
2625 1459 3090 1546 adjudicantur

492 1570 716 1660 patri..
756 1573 837 1640 Et
907 1571 1165 1640 axioma
1236 1578 1339 1640 est
1398 1589 1432 1639 a
1479 1574 1770 1640 Romana
1821 1567 1964 1655 lege
2012 1569 2339 1637 sancitum
2388 1574 2458 1637 et
2503 1567 2582 1636 ab
2632 1567 2944 1636 omnibus
2978 1565 3094 1634 ad-

492 1679 806 1763 missum,
877 1679 978 1747 vel
1050 1679 1284 1748 saltem
1325 1678 1391 1747 in
1444 1677 1758 1765 praesenti
1809 1695 1963 1746 casu
2004 1675 2521 1745 admittendum:
2561 1676 2856 1763 pietatem
2905 1674 3084 1742 liberi

485 1788 871 1877 parentibus,
907 1806 1036 1855 non
1080 1805 1269 1873 opera
1314 1786 1526 1854 debent
1574 1789 1621 1854 ¹.
1658 1784 1845 1856 Unde
1877 1784 1990 1853 filii
2032 1793 2315 1871 possunt
2347 1783 2473 1852 sibi
2509 1800 2944 1871 compensare
2979 1781 3092 1850 illa

494 1893 697 1978 lucra,
745 1894 798 1962 si
854 1912 930 1962 ex
981 1894 1228 1963 rubore
1275 1912 1406 1963 non
1457 1893 1790 1980 petierint,
1842 1910 2063 1979 neque
2112 1891 2490 1961 remiserint
2541 1891 2744 1979 gratis
2782 1891 3096 1961 laborare

495 1999 823 2085 volendo,
894 2000 992 2069 vel
1066 2000 1190 2069 nisi
1241 2001 1580 2070 remittere
1628 1999 1981 2069 debuerint
2025 2001 2111 2069 ob
2163 1999 2366 2087 patris
2416 1987 2906 2069 necessitatem.
2956 1995 3092 2067 Sed

499 2107 906 2178 deducendae
956 2114 1112 2176 sunt
1159 2126 1492 2194 expensae,
1542 2125 1707 2195 quas
1746 2114 1935 2194 pater
1980 2107 2209 2176 fecerit
2241 2107 2306 2175 in
2344 2106 2600 2191 alendo,
2639 2104 2982 2176 educando
3014 2121 3094 2173 ac

498 2213 842 2283 vestiendo
914 2213 1084 2296 filio;
1128 2233 1267 2284 -eas
1317 2214 1493 2283 enim
1530 2192 1676 2300 ip'se
1724 2213 1880 2283 dare
1928 2232 2060 2282 non
2111 2216 2462 2285 tenebatur
2506 2212 2643 2282 filio
2692 2212 2948 2300 potenti
2991 2212 3089 2290 lu-

501 2320 673 2390 crari
720 2329 787 2390 et
832 2321 1074 2391 volenti
1087 2348 1105 2404 ;
1156 2340 1307 2391 cum
1356 2329 1512 2391 tunc
1545 2321 1722 2390 filius
1757 2321 2081 2391 habeatur
2111 2321 2336 2407 potius
2370 2322 2557 2409 quasi
2597 2341 2771 2391 unus
2806 2320 2887 2391 de
2917 2336 3090 2390 mer-

500 2427 780 2496 cenariis
832 2427 1035 2515 patris
1083 2425 1132 2497 ².

578 2602 780 2666 818.
825 2604 926 2667 An
967 2605 1224 2687 (addes)
1263 2606 1727 2687 filiusfamilias
1766 2604 2111 2685 perfectum
2153 2604 2384 2670 habeat
2421 2606 2766 2671 dominium
2819 2606 2889 2670 in
2931 2600 3097 2668 bona

407 2734 410 2737 .
499 2686 750 2747 minuta
791 2701 867 2748 ac
907 2683 1183 2764 mobilia,
1226 2704 1358 2765 quoe
1387 2687 1518 2751 sibi
1555 2703 1596 2750 a
1633 2685 2009 2766 parentibus
2053 2688 2301 2750 tradita
2328 2690 2531 2750 sunt?

584 2765 652 2828 R.
696 2766 760 2826 Si
809 2766 944 2828 baec
989 2767 1150 2830 bona
1201 2767 1433 2831 tradita
1477 2783 1510 2831 a
1561 2767 1931 2847 parentibus
1978 2784 2106 2829 nou
2151 2778 2302 2831 sunt
2348 2766 2523 2832 illico
2554 2784 2673 2831 usu
2703 2767 3096 2846 consumpti·

505 2844 682 2922 bilia,
725 2847 816 2908 uti
862 2856 1091 2924 vesteS‚
1135 2847 1307 2923 libri,
1353 2845 1809 2911 filiusfamilias
1855 2847 2013 2910 utile
2059 2857 2308 2912 tantum
2346 2847 2612 2911 babebit
2643 2849 2706 2910 in
2756 2846 2836 2908 iis
2880 2844 3089 2909 domi·

502 2927 728 3000 nium3
768 2941 916 2990 nam
978 2943 1057 2990 ex
1101 2930 1423 2992 communi
1487 2944 1681 2991 sensu
1746 2938 1898 2993 tunc
1943 2927 2051 2991 illa
2096 2945 2224 2993 non
2270 2928 2592 2992 habentur
2658 2927 2750 2990 uti
2796 2925 3093 2991 absolute

502 3006 759 3084 donata,
800 3017 867 3070 et
909 3016 1210 3087 parentes
1254 3008 1465 3071 solent
1508 3011 1574 3071 in
1620 3007 1774 3072 filiis
1815 3010 1951 3071 suis
1995 3010 2076 3071 de
2120 3009 2296 3072 hisce
2339 3008 2524 3071 bonis
2555 3006 2924 3088 improbare
2970 3008 3097 3071 dis·

499 3088 873 3165 positiones,
916 3092 1072 3166 ipsis
1114 3089 1512 3153 inconsultis.
1569 3087 1719 3151 Ideo
1771 3100 2100 3170 nequeunt
2142 3088 2260 3151 filii
2310 3088 2416 3153 illa
2464 3090 2701 3169 absque
2747 3097 3093 3167 parentum

506 3183 826 3308 consensu
871 3185 1196 3248 expresso,
1226 3170 1330 3232 vel
1375 3168 1852 3238 rationabiliter
1895 3179 2304 3250 praesumpto,
2327 3169 2590 3247 donare,
2624 3167 2929 3245 vendere²
2965 3184 3100 3232 mu·

501 3254 710 3323 tuare,
757 3265 792 3311 a
825 3249 1062 3312 ienare.

587 3327 652 3390 Si
697 3345 852 3392 vero
894 3345 965 3391 ea
1010 3330 1174 3394 bona
1221 3331 1426 3410 primo
1469 3347 1589 3394 usu
1633 3339 2189 3407 consummantur,
2237 3343 2309 3393 ut
2354 3330 2647 3410 pecunia,
2684 3330 2737 3392 si
2770 3331 2904 3392 sint
2937 3328 3090 3393 data

507 3408 648 3472 sine
692 3408 821 3472 ulla
867 3410 1257 3487 conditione,
1300 3421 1508 3490 potest
1553 3410 1723 3474 filius
1766 3412 1845 3474 de
1891 3413 1969 3474 iis
2015 3429 2127 3491 pro
2172 3422 2332 3474 nutu
2376 3411 2742 3490 disponere,
2789 3421 2859 3473 ut
2941 3419 3102 3473 atet.

506 3487 570 3550 Si
618 3498 830 3552 autem
876 3488 1020 3553 data
1067 3494 1196 3554 sint
1238 3492 1354 3553 sub
1397 3490 1770 3553 conditione
1804 3491 2037 3572 aliqua,
2079 3509 2135 3552 v.
2168 3508 2247 3569 g.‚
2291 3492 2545 3553 emendi
2593 3489 2796 3552 libros
2839 3507 2907 3552 sc
2961 3489 3092 3553 ola·

508 3570 723 3645 sticos‚
767 3570 1058 3632 solvendi
1105 3574 1501 3652 pensionem,
1546 3572 1716 3634 filius
1760 3571 2116 3636 nullimode
2161 3572 2355 3635 babet
2419 3570 2777 3636 dominium
2823 3573 2891 3634 in
2938 3569 3047 3634 illa
3075 3588 3105 3644 3

508 3650 653 3713 ideo
697 3652 749 3712 si
795 3650 991 3713 alium
1025 3654 1090 3713 in
1129 3654 1321 3714 finem
1356 3652 1779 3732 impenderet,
1820 3670 1875 3715 v.
1920 3671 2005 3733 g.,
2045 3655 2099 3715 si
2145 3654 2481 3732 pecuniam
2526 3653 2736 3714 datam
2777 3669 2894 3732 pro
2939 3667 3092 3732 pen·

508 3731 711 3793 sionis
757 3732 1077 3795 solutione
1122 3735 1185 3794 in
1232 3731 1382 3797 ludo
1427 3745 1920 3811 consummeret,
1950 3743 2243 3813 peccaret
2288 3742 2511 3796 contra
2549 3733 2912 3811 justitiam3
2955 3748 3104 3795 cum

508 3811 882 3891 disponeret
924 3819 1145 3876 contra
1188 3813 1293 3906 Jus
1340 3814 1456 3894 ipsi
1506 3813 1851 3890 tributum3
1915 3824 1981 3876 et
2022 3830 2184 3875 onus
2230 3815 2595 3877 incurreret
2639 3815 3108 3889 restitutionis,

507 3894 634 3955 nisi
672 3892 1149 3957 rationabiliter
1179 3894 1520 3973 judicaret,
1563 3904 1865 3974 parentes
1909 3894 1989 3958 de
2033 3896 2152 3957 hoc
2197 3901 2450 3973 rogatos
2507 3910 2652 3957 esse
2691 3894 3102 3958 condonatu-

506 3988 651 4036 ros:
696 3972 862 4052 quod
908 3989 1036 4037 non
1083 3973 1275 4038 facile
1318 3975 1860 4055 praesumendum,
1905 3978 1956 4037 si
2002 3974 2466 4055 paterfamilias
2497 3975 2745 4037 nonita
2779 3978 2863 4037 sit
2896 3973 3110 4052 dives,

506 4060 574 4116 et
614 4053 851 4118 habeat
893 4053 1053 4119 alios
1096 4055 1265 4119 filios
1307 4055 1696 4120 educandos.

577 4353 599 4395 ¹
631 4358 768 4423 Dio„
802 4362 838 4413 l.
873 4376 1080 4428 xxxvii,
1114 4368 1150 4419 l.
1183 4380 1258 4420 xv
1288 4369 1348 4420 de
1381 4367 1538 4431 obseq.
1566 4369 1798 4430 parent„
1832 4365 1966 4427 Lege
1994 4365 2071 4416 14.

569 4417 595 4459 ²
636 4421 692 4471 V.
731 4424 961 4491 Lignori,
998 4429 1087 4491 Op.
1122 4432 1277 4492 Mor„
1312 4432 1347 4481 l.
1381 4442 1457 4491 ιιι,
1491 4439 1584 4480 nn.
1619 4429 1733 4488 488,
1768 4428 1863 4479 544
1894 4431 1947 4478 et
1977 4427 2089 4478 910.
2122 4449 2187 4463 -
2219 4425 2454 4486 Pavone,
2489 4426 2753 4489 Spicilevio
2785 4434 2919 4486 ecc„
2957 4425 3012 4498 ξε
3043 4425 3112 4478 73

509 4480 564 4532 θῑ
594 4493 741 4547 seqq·
772 4513 837 4523 —
869 4490 1126 4554 Carriere,
1161 4495 1231 4543 De
1261 4495 1499 4553 Iustitia,
1535 4502 1589 4541 n.
1625 4492 1738 4552 241,
1771 4489 1861 4541 ubi
1894 4488 2083 4540 rusius.
2122 4488 2404 4548 Quantitas
2435 4488 2695 4551 exigenda
2726 4486 2989 4560 aestimari
3015 4486 3103 4539 de-

506 4540 599 4615 bet
628 4543 686 4616 ln
719 4545 862 4600 bona
893 4550 995 4602 nde
1027 4564 1095 4603 ex
1130 4554 1292 4606 modo
1340 4554 1615 4607 laborandi
1647 4554 1702 4603 et
1735 4556 1928 4601 natura
1960 4550 2168 4612 operis:
2205 4547 2252 4599 sl
2286 4553 2428 4602 enim
2456 4549 2598 4601 nlius
2629 4548 2899 4601 laboravit
2929 4551 2994 4600 ut
3015 4560 3097 4600 so·

502 4614 624 4655 cius
657 4618 712 4657 ιιι
746 4615 1085 4677 commercio,
1124 4616 1397 4680 hebetius
1428 4616 1494 4668 ad
1528 4617 1699 4675 lucra,
1730 4613 1881 4675 juxta
1934 4613 2142 4674 regulas
2190 4611 2493 4664 istiusmodi
2543 4611 2890 4674 societatum3
2946 4611 2993 4662 si
3048 4611 3105 4664 ut

508 4673 892 4739 mercenarius,
928 4676 1200 4739 hebetius
1236 4678 1303 4728 ad
1337 4678 1662 4742 stipendium
1695 4676 1750 4725 in
1785 4675 1873 4725 tali
1908 4673 2213 4726 conditione
2249 4676 2532 4727 usitatum:
2568 4677 2619 4726 et
2691 4674 2796 4724 uod
2821 4671 2888 4726 de
2917 4673 3108 4727 filiola·

507 4730 688 4781 multas
723 4732 931 4799 dicitur,
965 4741 1082 4801 pari
1114 4741 1317 4791 ratione
1351 4741 1416 4792 de
1449 4742 1662 4803 nepote,
1687 4737 1749 4788 de
1773 4736 2110 4787 filiafamilias
2142 4738 2193 4787 et
2227 4735 2290 4787 de
2322 4739 2477 4801 nepte
2509 4735 2663 4789 dicen
2703 4745 2815 4787 um.
