3292 5167
1091 278 1170 323 oa
1216 277 1655 325 asssriwrtonss
1694 278 1759 323 m
1803 273 2012 324 specis
2724 256 2874 326 523

261 371 409 441 tati.
459 373 644 444 Unde
689 375 873 462 ajunt
920 397 1068 448 raro
1117 382 1324 451 teneri
1377 382 1630 452 veniam
1711 390 1935 468 petere
2005 381 2411 467 Episcopum
2488 397 2521 446 a
2593 379 2865 463 clerico,

263 477 509 549 herum
542 499 577 548 a
626 481 896 569 famulo,
932 486 1145 555 virum
1178 489 1259 557 ah
1296 508 1520 574 uxore,
1570 489 1934 578 principem
1969 509 2004 556 a
2038 488 2326 570 subdit0‚
2362 508 2439 554 ne
2470 488 2619 555 dam
2664 489 2871 555 nimia

252 600 555 658 servatur
600 591 944 676 humilitas,
995 597 1252 682 rependi
1294 598 1638 684 franqatnr
1682 599 2022 664 auctoritas
2056 591 2105 662 ¹.

279 739 284 746 -
359 695 429 763 Si
479 716 632 766 vero
681 698 1134 771 dehonorator
1179 704 1376 772 fuerit
1426 705 1687 791 oequalis
1723 704 1815 773 vel
1855 703 2137 790 inferior,
2177 700 2539 786 requiritur
2601 700 2862 770 satisfa-

267 801 405 871 ctio
453 804 688 892 major,
738 824 794 874 ν.
846 825 927 892 g.,
977 817 1050 875 ut
1099 811 1319 878 locum
1372 813 1434 878 ei
1484 811 1698 894 cedat,
1744 807 2093 879 salutando
2145 807 2507 894 praeveniat
2554 814 2620 876 et
2682 807 2865 878 simi-

269 908 355 977 lia
405 920 693 998 peragat,
742 915 985 999 quihus
1037 917 1400 1002 prudenter
1440 918 1778 1004 Judicetur
1825 918 1984 985 satis
2034 915 2217 985 reddi
2256 916 2522 984 ablatus
2564 915 2783 983 honor
2806 922 2857 985 ²:

265 1017 410 1086 Etsi
459 1026 679 1087 autem
725 1020 831 1089 hic
880 1023 1085 1092 veniae
1138 1024 1369 1109 petitio
1419 1025 1506 1093 sit
1552 1024 1772 1109 aptior
1838 1022 2115 1105 modus;
2188 1030 2475 1091 attamen
2540 1040 2673 1090 non
2742 1039 2862 1089 ne-

267 1128 562 1195 cessario
611 1129 992 1215 requiritur.
1041 1132 1288 1219 Excipe
1342 1133 1463 1200 nisi
1515 1133 1707 1201 aliter
1754 1132 1971 1200 honor
2017 1130 2177 1200 satis
2214 1130 2504 1216 reparari
2539 1136 2861 1217 nequeat:

267 1228 403 1299 imo
451 1232 803 1320 aliquando
857 1238 1039 1305 venia
1088 1238 1568 1325 expostulanda
1618 1247 1721 1307 ost
1789 1238 1989 1307 modo
2063 1237 2611 1320 extraordinario,
2660 1257 2717 1304 v.
2768 1256 2851 1323 g.,

269 1336 457 1406 flexis
506 1340 806 1424 genibus,
855 1342 953 1411 vel
1004 1343 1195 1412 allam
1245 1344 1532 1415 similem
1581 1344 2110 1413 humiliationem
2174 1343 2612 1427 ostendendo,
2662 1344 2713 1411 si
2766 1344 2865 1411 in-

246 1442 435 1528 juria
483 1446 680 1515 fuerit
727 1449 1133 1534 gravissima,
1183 1450 1274 1519 uti
1320 1452 1377 1520 si
1432 1451 1741 1521 subditus
1785 1450 2117 1537 superiori
2189 1450 2442 1536 alapam
2512 1450 2855 1537 impingat.

347 1586 551 1650 no.
596 1592 662 1665 Q.
707 1594 763 1656 3.
811 1592 1111 1667 Quomodo
1152 1613 1218 1658 se
1257 1613 1470 1676 perere
1503 1594 1691 1660 debet
1722 1595 2099 1659 contumelia
2141 1594 2455 1675 affectus?

344 1667 415 1730 R.
460 1669 693 1734 Omnes
739 1684 1032 1738 tenemur
1076 1678 1497 1742 contumelias
1543 1680 1861 1755 patienter
1908 1676 2078 1739 ferre
2122 1678 2318 1737 animi
2359 1673 2854 1753 praeparatione,

257 1758 582 1827 quatenus
618 1753 990 1833 abjiciamus
1037 1773 1290 1819 omnem
1338 1757 1640 1820 vindictae
1685 1772 1966 1818 amorem
2006 1754 2298 1838 exemplo
2330 1753 2563 1820 Christi
2599 1769 2669 1816 ac
2701 1751 2859 1816 San·

259 1837 550 1904 ctorum;
598 1850 744 1895 nam
791 1836 1069 1898 vindicta
1118 1837 1369 1899 Domini
1418 1846 1532 1900 est.

309 1910 668 1998 Diximus:
710 1918 911 1980 animi
949 1920 1455 1997 praeparatione:
1499 1934 1625 1980 non
1672 1921 1847 1979 enim
1891 1931 2146 1994 semper
2209 1925 2355 1978 actu
2397 1913 2859 1977 contumeliam

258 1990 530 2054 silentio
555 1994 727 2057 ferre
753 2005 1087 2060 tenemur:
1132 2000 1224 2060 sic
1257 2001 1391 2078 ipse
1421 1998 1714 2061 Christus
1746 2013 1887 2060 cum
1933 1998 2318 2071 suscepisset
2361 1995 2629 2075 alapam,
2659 1994 2864 2058 dixit:

259 2067 432 2145 Quid
494 2091 587 2136 nze
654 2077 837 2139 eaedis
898 2076 981 2141 ³?
1021 2077 1219 2156 lgitur
1289 2080 1610 2158 oportebit
1674 2076 2128 2141 contumeliam
2197 2075 2438 2140 illatam
2481 2074 2849 2157 ‚repelleret

266 2141 334 2222 l)
381 2164 640 2233 propter
683 2156 919 2220 honum
966 2160 1122 2237 eJ'uS,
1157 2160 1261 2239 qui
1302 2159 1752 2222 contumeliam
1803 2157 2021 2229 infert,
2046 2167 2115 2219 ut
2158 2163 2297 2235 ejus
2342 2156 2604 2218 audacia
2650 2156 2823 2235 repri

263 2241 501 2322 matur,
544 2234 800 2300 dicente
843 2236 1215 2315 Scriptura:
1261 2239 1575 2319 Responde
1617 2239 1816 2301 stulto
1874 2240 2077 2316 juxta
2140 2238 2487 2300 stultitiam
2529 2252 2729 2306 suam,
2776 2252 2853 2298 ne

255 2310 394 2376 subi
434 2317 686 2394 sapiens
727 2335 857 2381 esse
899 2319 1187 2383 videatur
1238 2318 1298 2396 *ς
1337 2321 1404 2399 2)
1443 2329 1701 2400 propter
1745 2320 1981 2382 bonum
2027 2318 2319 2393 aliorum,
2359 2326 2427 2380 ut
2458 2321 2507 2379 si
2542 2317 2852 2380 Praelatus

257 2408 407 2456 eam
456 2396 788 2461 tolerando
833 2400 1214 2464 redderetur
1259 2401 1534 2466 subditis
1577 2397 2098 2478 contemptibilis.
2144 2397 2323 2460 Unde
2368 2397 2715 2476 Gregorius
2746 2396 2839 2458 di-

262 2472 356 2534 cit
383 2472 444 2536 ⁶:
487 2475 591 2552 Hi,
637 2495 900 2558 quornm
940 2481 1140 2543 vitam
1201 2481 1271 2544 in
1330 2481 1612 2561 eoeemplo
1656 2480 2034 2543 imitationis
2075 2487 2170 2543 est
2223 2479 2451 2557 posita,
2501 2476 2741 2541 debent.
2788 2476 2848 2540 si

252 2564 545 2632 possunt,
590 2559 1056 2623 detrahentium
1099 2559 1228 2625 sibi
1270 2561 1463 2626 verba
1504 2577 1906 2642 compescere.
1952 2559 2121 2622 ldem
2169 2559 2306 2621 fere
2351 2558 2694 2637 Angelicus
2727 2555 2776 2619 ὅ.

445 2799 777 2870 Senonum.
804 2840 893 2850 —-
917 2806 1007 2871 De
1053 2805 1276 2873 Secreti
1321 2804 1821 2891 manifestatione
1866 2816 1922 2871 et
1959 2803 2187 2870 Libello
2233 2800 2668 2888 infamatorio.

347 3023 561 3087 ⁴25⁰·
614 3032 685 3110 Q.
741 3033 796 3098 1.
853 3032 1016 3114 Quid
1059 3048 1163 3118 est,
1211 3048 1264 3103 et
1309 3037 1651 3125 quotupleoe
1695 3049 1996 3104 secretum
2026 3042 2057 3103 ‚0

347 3136 418 3203 R.
470 3136 833 3222 Secretum‚
887 3140 1063 3226 quod
1114 3149 1213 3220 est
1263 3144 1484 3210 notitia
1520 3144 1613 3212 rei
1644 3145 1915 3226 occultae,
1957 3142 2193 3229 triplex
2230 3139 2687 3225 distinguitur:
2732 3158 2846 3205 na-

253 3247 490 3328 turale,
540 3249 934 3315 commissum
982 3255 1046 3317 et
1087 3250 1488 3336 promissum.

351 3355 659 3423 Naturale
709 3363 809 3424 est
857 3356 1037 3441 illud,
1089 3358 1269 3445 quod
1318 3360 1399 3428 ab
1449 3359 1590 3446 ipsa
1645 3365 1878 3427 natura
1954 3357 2353 3443 imponitur:
2431 3364 2502 3425 ut
2573 3355 2655 3423 si:
2699 3352 2858 3441 quid

255 3462 490 3546 sciam,
543 3462 723 3550 quod
769 3465 1189 3535 manifestare
1237 3484 1563 3554 nequeam
1634 3468 1777 3535 sine
1855 3466 2030 3551 gravi
2103 3464 2375 3540 alterius
2446 3464 2721 3534 laesione
2790 3463 2858 3530 in

257 3571 519 3639 bonore
571 3571 667 3639 vel
717 3572 931 3640 bonis,
984 3572 1171 3654 Quod
1219 3573 1272 3642 si
1327 3574 1529 3642 sciam
1579 3592 1660 3642 ex
1709 3573 1980 3641 alterius
2030 3572 2294 3642 levitate
2336 3571 2439 3640 vel·
2486 3589 2665 3653 casu,
2699 3570 2858 3639 dici-

261 3686 376 3747 tur
419 3680 709 3747 naturale
755 3681 1064 3767 simpleoe;
1111 3682 1163 3748 si
1215 3680 1295 3749 de
1353 3681 1698 3764 industria,
1746 3681 2039 3748 naturale
2092 3691 2407 3748 extortum
2456 3676 2503 3746 ⁷.

327 3908 350 3949 ¹
386 3908 439 3959 S.
473 3909 823 3971 Augustinus,
861 3910 1024 3970 Epist.
1059 3921 1203 3968 ccxi,
1241 3908 1374 3960 alias
1410 3921 1458 3960 c.
2701 3966 2711 3976 ,
2758 3965 2769 3976 ,

320 3971 348 4012 ²
380 3972 497 4022 Non
533 3973 711 4022 autern
751 3974 1029 4033 reparatur
1061 3974 1234 4022 honor
1267 3982 1360 4034 per
1394 3974 1704 4024 eommunia
1739 3973 1890 4036 signa
1922 3972 2107 4036 postea
2157 3970 2227 4021 ab
2277 3970 2541 4020 offensore
2589 3964 2857 4027 exhibita;

253 4035 390 4098 quia
427 4034 528 4083 hoc
561 4036 642 4085 est
675 4045 768 4095 pro
804 4035 1051 4096 praesenti
1086 4035 1309 4092 honore,
1346 4047 1453 4084 non
1492 4047 1585 4098 pro
1620 4035 1819 4086 damno
1857 4035 2139 4099 praeterito,
2174 4032 2318 4095 quod
2355 4030 2559 4082 tamdiu
2616 4038 2858 4091 perseve-

261 4097 365 4157 rat,
399 4096 639 4159 quandiu
676 4107 781 4146 non
839 4097 1113 4157 reparetur
1148 4107 1239 4156 per
1270 4096 1555 4159 specialem
1591 4097 2026 4148 satisfactionem.
2063 4097 2307 4147 Ceterum
2342 4092 2519 4156 quoad
2558 4091 2765 4154 praxim
2789 4089 2861 4141 di-

257 4159 481 4218 tigenter
515 4157 916 4218 advertendum,
954 4157 1097 4220 quod
1134 4157 1403 4209 multoties
1437 4159 1670 4220 expedit,
1706 4162 1764 4209 ut
1796 4158 2155 4209 confessarius
2188 4157 2399 4206 omittat
2446 4165 2661 4205 monere
2696 4153 2861 4214 poeni·

262 4223 461 4274 tentem
498 4220 550 4270 in
585 4220 724 4271 hona
758 4220 858 4271 fide
891 4222 1206 4272 existentem
1240 4222 1331 4283 qui
1366 4221 1529 4271 alium
1566 4221 1935 4281 inhonoravit,
1971 4220 2037 4270 de
2070 4219 2436 4271 satisfactione
2469 4214 2790 4288 praestanda,
2813 4213 2863 4266 si

259 4281 554 4345 praevideat
586 4283 932 4333 monitionem
963 4294 1070 4334 non
1108 4282 1474 4346 profuturam3
1511 4283 1620 4333 imo
1660 4283 1836 4346 potius
1870 4282 2197 4340 obfuturam,
2233 4278 2360 4330 dum
2393 4291 2459 4329 ex
2500 4286 2720 4329 erientia
2741 4286 2864 4327 con·

249 4346 370 4396 stat
399 4343 542 4408 quod
581 4345 892 4406 pmnitentes
925 4344 1085 4397 facile
1118 4347 1248 4397 tales
1281 4344 1678 4396 satisfactiones
1735 4345 2079 4406 promittunt3
2137 4341 2225 4392 sed
2281 4341 2460 4392 diffleu
2488 4344 2566 4390 ter
2617 4340 2670 4390 in
2720 4339 2867 4390 facto

252 4405 573 4520 {t‘ig’mpl'eitk
606 4407 675 4519 οὲ)
706 4406 952 4521 iggtgorem
982 4420 1139 4471 quem
1170 4409 1352 4470 postea
1384 4408 1440 4457 in
1474 4409 1574 4458 hoc
1605 4406 1842 4459 sentiunt
1874 4408 1955 4456 vel
1989 4403 2419 4467 apprehendunt-
2450 4403 2679 4466 Lignori,
2717 4402 2854 4463 opus

385 4504 418 4527 .‚
474 4508 485 4519 .
577 4504 591 4529 ,
668 4506 679 4518 .
814 4508 824 4518 .

327 4532 350 4570 ⁸
384 4532 576 4582 Joann.
611 4543 761 4582 xvin.
1665 4528 1688 4570 ί
1725 4532 1877 4581 Prov.
1917 4541 2072 4581 xxvt.

327 4592 352 4633 ⁸
385 4594 573 4645 Homil.
607 4604 664 4644 tx
701 4596 756 4644 in
791 4593 971 4644 Ezech.
1660 4594 1683 4633 ⁸
1714 4597 1766 4653 2,
1800 4597 1852 4652 2,
1924 4632 1935 4642 .
1973 4596 2051 4651 72,
2096 4602 2145 4642 a.
2180 4591 2229 4641 3.

324 4654 349 4696 '1
389 4657 446 4710 V.
483 4655 713 4714 umori,
749 4656 841 4717 Op.
875 4657 1028 4714 Mor..
1067 4657 1101 4706 l.
1132 4669 1205 4711 ιιι,
1243 4667 1297 4706 ει.
1336 4656 1545 4707 970.·-
1581 4655 1744 4717 hugo,
1780 4656 1847 4706 De
1916 4669 2025 4714 ure,
2060 4652 2188 4704 diss.
2224 4663 2301 4713 xi,
2339 4662 2506 4704 AsesS.
2543 4663 2624 4703 ix.
2656 4675 2720 4687 —
2751 4649 2867 4700 llo-

259 4717 395 4780 ίιιιι,
429 4719 501 4769 De
532 4719 763 4779 lustitia,
798 4719 835 4769 t.
869 4730 943 4780 tv,
981 4721 1044 4772 tr.
1081 4720 1153 4779 4⁰,
1189 4717 1330 4770 diso.
1365 4718 1416 4769 3.
1458 4717 1521 4769 It.
1555 4717 1796 4779 Billuart‚
1830 4718 2087 4779 Carriere,
2120 4717 2219 4769 etc.
