3292 5167
497 228 632 299 ³06
1381 294 1392 305 ,
1503 248 1618 297 me.
1663 249 1728 295 u.
1758 249 1989 297 musar.
2036 248 2117 296 vi.

573 346 762 411 5⁷⁷.
805 344 1329 429 stipendium
1371 348 1657 415 uisum
1698 351 1763 412 ι
1871 350 2029 413 atti
2074 352 2435 425 sitestator
2474 347 2637 412 illud
2676 348 2945 425 taxavit,
2976 347 3089 412 tri·

501 428 824 492 buendum
864 428 1044 507 juxta
1080 438 1312 505 taxam,
1358 440 1423 493 et
1463 432 1669 493 Missas
1698 433 1750 494 si
1788 448 1819 497 a
1856 433 1977 495 iter
2012 435 2147 511 ipse
2187 446 2317 492 non
2347 429 2913 504 determinaverit,
2947 444 3089 507 pos·

499 518 650 573 sunt
711 510 1074 588 ubicunque
1120 518 1184 571 et
1224 511 1302 573 ab
1346 512 1642 575 omnibus
1687 510 2131 577 sacerdotibus
2174 509 2513 584 celebrari,
2557 526 2702 573 cum
2738 510 2768 571 J
2782 527 2895 572 ure
2926 524 3092 572 com·

498 590 674 671 muni
724 584 783 650 id
830 587 1125 655 omnibus
1169 599 1506 668 competat,
1530 593 1584 654 si
1629 601 1939 655 vocentur
1982 591 2059 654 ad
2105 590 2591 654 celebrandum.
2624 588 2789 652 -Si
2834 606 2967 652 non
2999 599 3090 653 ta·

497 672 673 732 xavit
716 669 1129 748 stipendium,
1172 671 1332 733 illud
1382 680 1599 734 taxare
1645 673 2003 751 pertineret
2045 671 2122 736 ad
2170 672 2547 750 Episcopum
2602 671 2784 749 juxta
2844 684 3091 732 morem

501 751 782 829 regionis
826 759 890 813 et
935 750 1300 829 provinciae,
1346 760 1415 814 ut
1458 751 1813 815 declaravit
1853 751 1914 814 S.
1961 751 2021 815 C.
2068 751 2526 830 Congregatio‚
2588 762 2652 813 et
2714 750 2937 813 videre
2992 758 3094 815 est

502 832 567 892 in
618 829 795 893 Bulla
839 831 937 893 Nu
982 849 1049 893 er
1094 829 1323 905 (relata
1371 831 1558 894 Libro
1623 833 1735 912 iv).
1801 831 2035 896 Censet
2096 842 2309 895 autem
2375 829 2717 910 Roncaglia
2787 831 3093 911 pinguius

500 910 830 973 ordinario
888 911 1042 974 ilud
1092 927 1230 973 csse
1278 913 1652 989 taxandum,
1694 916 1773 986 si,
1810 913 2156 977 haereditas
2221 914 2309 974 sit
2371 913 2659 991 pinguis;
2722 927 2867 975 nam
2936 921 3088 975 tunc

503 992 913 1070 praesumitur
957 993 1042 1053 ita
1080 990 1357 1055 voluisse
1423 999 1820 1069 testatorem,
1874 1010 2017 1057 cum
2071 993 2254 1054 Missa
2286 1008 2367 1054 ex
2401 993 2721 1071 pinguiori
2758 991 3085 1069 stipendio

505 1070 819 1134 celebrata
866 1072 949 1133 sit
991 1070 1397 1147 fructuosior,
1441 1073 1588 1153 quia
1640 1073 1783 1152 plus
1831 1073 1961 1138 Deo
2012 1074 2299 1136 offertur.
2342 1072 2423 1134 Et
2463 1070 2988 1135 concludit-male
3018 1087 3091 1134 se

500 1167 729 1229 gerere
774 1150 917 1213 illos
964 1151 1250 1214 baeredes
1294 1154 1399 1232 qui
1445 1153 1667 1216 Missas
1710 1171 1741 1215 a
1801 1162 2118 1217 testatore
2162 1152 2417 1215 relictas
2461 1151 2616 1214 alibi
2653 1163 2880 1215 curant
2922 1151 3084 1215 cele·

503 1231 701 1307 brari,
745 1231 849 1293 ubi
900 1237 1110 1294 minus
1153 1233 1546 1311 stipendium
1589 1241 1891 1314 erogatur
1916 1254 1934 1309 ;
1980 1237 2202 1313 excipe
2241 1241 2452 1303 tamen
2499 1233 2624 1294 nisi
2668 1234 2840 1295 vires
2880 1233 3087 1295 baere-

507 1311 729 1374 ditatis
775 1328 899 1373 non
965 1319 1335 1392 paterentur
1382 1329 1719 1377 numerum
1766 1313 2098 1381 Missurum
2167 1313 2630 1394 praescriptum.
2688 1312 2748 1374 V.
2811 1313 3094 1391 bigam-i,

508 1390 677 1472 Opus
719 1391 899 1467 Mor„
941 1392 981 1454 l.
1025 1410 1108 1467 vi,
1152 1409 1213 1456 n.
1256 1393 1392 1457 320.

590 1470 808 1533 Utrum
845 1489 995 1535 vero
1039 1474 1143 1551 qui
1194 1475 1275 1534 ita
1323 1492 1389 1536 se
1425 1485 1697 1552 gerunt,
1750 1483 2092 1536 teneantur
2150 1489 2401 1552 quoque
2455 1474 2799 1535 restituere
2854 1487 2930 1534 ac
2990 1489 3087 1535 re·

503 1549 776 1614 sundere
820 1553 985 1632 quod
1036 1562 1481 1632 pepercerunt,
1527 1554 1634 1616 alii
1670 1555 1998 1617 affirmant
2068 1557 2215 1633 quia
2260 1559 2430 1617 esset
2472 1569 2664 1631 agere
2714 1561 2939 1616 contra
2978 1569 3084 1615 vo·

501 1630 811 1694 luntatem
863 1635 1203 1711 testatoriS,
1248 1637 1353 1712 qui
1402 1646 1578 1697 certo
1626 1637 2032 1713 praesumitur
2103 1633 2296 1706 velle,
2336 1640 2407 1696 ut
2439 1632 2645 1695 Missae
2676 1631 2900 1696 saltem
2933 1632 3093 1696 cele·

502 1711 770 1775 brentur
816 1729 956 1776 cum
1014 1714 1335 1792 stipendio
1378 1732 1510 1778 suae
1558 1715 1877 1777 Dioecesis.
1943 1716 2063 1777 Alii
2150 1727 2410 1792 negant,
2477 1716 2623 1792 quia
2695 1721 2961 1777 testator
3026 1712 3089 1774 id

500 1809 694 1855 unum
744 1793 1187 1873 principaliter
1223 1796 1285 1856 in
1331 1795 1544 1857 animo
1593 1796 1802 1871 babet,
1847 1804 1914 1858 ut
1960 1805 2051 1858 tot
2092 1794 2297 1856 Missae
2343 1793 2771 1867 celebrentur,
2812 1808 2942 1857 nou
2987 1802 3082 1856 at·

501 1873 830 1934 tendendo
873 1873 951 1934 ad
989 1889 1193 1952 majus
1241 1874 1336 1936 vel
1372 1880 1581 1937 minus
1625 1875 2017 1956 stipendium
2056 1873 2505 1950 tribuendnm3
2552 1873 2696 1936 ideo
2741 1876 2834 1936 sic
2886 1889 3087 1952 agere

503 1954 630 2015 erit
677 1952 994 2027 illicitum,
1041 1953 1147 2016 sed
1202 1971 1327 2016 non
1378 1957 1706 2035 injustum.

583 2032 776 2092 528.
826 2032 1228 2115 tegulum
1270 2033 1814 2116 pauper-ibus,
1859 2033 2198 2116 puellis,
2241 2038 2399 2094 eto.
2430 2030 2826 2094 relietum
2854 2051 2878 2093 ι

581 2112 645 2184 Q.
699 2114 747 2173 ¹.
796 2113 1094 2187 Quomodo
1138 2123 1234 2176 est
1274 2116 1781 2178 distribuendum
1827 2117 2102 2195 legatum
2144 2114 2438 2176 relictum
2477 2112 2863 2193 pauperibus
2889 2119 2921 2175 9

585 2193 649 2255 tt.
695 2192 758 2254 Si
809 2203 1069 2256 testator
1117 2196 1173 2255 id
1225 2195 1396 2257 clare
1445 2196 1781 2275 reliquerit
1826 2198 2097 2257 arbitrio
2153 2194 2450 2269 baerediS‚
2497 2195 2730 2273 poterit
2773 2193 2915 2263 dari
2960 2194 3093 2255 cui-

504 2289 752 2351 cunque
818 2277 1075 2353 pauperi
1143 2292 1221 2337 ex
1265 2276 1407 2337 data
1456 2275 1777 2339 facultate.
1823 2274 1937 2337 Sin
1987 2286 2226 2347 autem,
2271 2290 2350 2336 ex
2399 2281 2779 2354 praesumpta
2846 2273 3094 2335 domini

499 2355 848 2429 voluntate,
913 2354 1284 2418 distributio
1356 2355 1648 2418 facienda
1694 2367 1791 2419 est
1830 2358 2011 2434 juxta
2081 2356 2418 2417 charitatis
2465 2354 2795 2433 regulam3
2861 2368 3097 2432 nempe

503 2434 886 2513 praeferendi
933 2442 1129 2497 sunt:
1192 2470 1270 2480 -—-
1317 2436 1381 2515 1)
1428 2438 1757 2515 conjuncti
1809 2438 2133 2499 testatoris
2177 2436 2646 2514 proximiores3
2707 2467 2783 2479 —
2826 2435 2891 2509 2)
2938 2448 3093 2512 pau-

547 2530 690 2576 eres
738 2518 1059 2578 testatoris
1102 2519 1441 2589 concives;
1488 2550 1562 2561 —
1604 2517 1670 2595 3)
1718 2519 1918 2596 magis
1967 2516 2357 2594 indigenteS,
2405 2524 2470 2578 et
2505 2519 2699 2578 etiam
2732 2514 2983 2576 nobiles
3012 2528 3094 2576 ex

552 2595 809 2670 arbosa;
853 2628 929 2640 —
965 2595 1029 2676 4)
1120 2611 1386 2676 auperes
1434 2597 1818 2675 probatioris
1865 2599 2051 2659 vitae:
2097 2607 2163 2659 et
2207 2595 2350 2659 ideo
2389 2596 2675 2669 religiosi
2722 2603 2874 2658 sunt
2935 2610 3099 2673 prae·

502 2673 778 2750 ferendi,
821 2677 873 2737 si
918 2692 999 2738 ex
1040 2693 1075 2739 e
1105 2679 1464 2756 eemosynis
1509 2679 1772 2752 vivant;
1815 2712 1891 2722 —
1932 2678 1999 2755 5)
2048 2679 2111 2738 iu
2159 2679 2325 2755 pari.
2353 2679 2734 2739 necessitate
2781 2674 3092 2749 foeminae,

500 2769 642 2818 cum
687 2758 818 2819 sint
862 2756 1088 2833 majori
1136 2757 1422 2836 periculo
1467 2760 1819 2836 expositae:
1867 2759 1949 2819 ita
1997 2759 2443 2819 communiter.
2487 2755 2551 2818 Si
2585 2765 2797 2819 autern
2846 2754 3093 2817 dixerit

502 2845 794 2911 testator,
837 2835 1118 2913 legatum
1183 2852 1323 2900 esse
1387 2838 1774 2917 pauperibus
1844 2836 2386 2919 distribuendum,
2451 2854 2579 2898 nou
2650 2845 2857 2917 potest
2924 2835 3090 2898 illud

501 2916 667 3058 {radi
715 2916 1141 3059 uni9t32bntum,
1182 2918 1236 2978 si
1301 2927 1367 2979 et
1426 2919 1536 2980 alii
1594 2918 1810 2981 adsint
1876 2934 2209 2997 pauperes.
2253 2952 2331 2963 —
2374 2916 2653 2997 Liguori,
2700 2915 2868 2996 Opas
2915 2915 3098 2992 Mor,

527 3043 542 3060 .
587 3013 683 3070 ιιι,
730 3014 788 3057 n.
956 3046 967 3055 .
2430 3058 2439 3077 ,

584 3079 715 3138 Art.
760 3076 879 3139 832
918 3076 1055 3140 Cod.
1102 3077 1218 3139 civ.
1251 3075 1518 3156 legitur:
1550 3077 1628 3139 Le
1656 3078 2067 3157 disposizioni
2092 3094 2131 3140 a
2174 3077 2388 3157 favore
2429 3078 2528 3140 dei
2564 3077 2777 3158 paveri
2817 3076 2894 3138 od
2933 3075 3101 3139 altre

504 3157 702 3218 simili
730 3174 1001 3236 espresse
1034 3158 1038 3163 ’
1060 3158 1540 3237 generalmente,
1582 3176 1776 3220 senza
1839 3159 1946 3219 clte
1990 3160 2088 3220 sia
2131 3159 2543 3221 determinato
2616 3158 2789 3229 Fuso,
2856 3156 3094 3235 l'opera

371 3226 377 3233 ’
493 3237 620 3316 pia·
653 3255 685 3298 o
731 3237 779 3299 il
819 3236 1112 3317 pubblico
1157 3240 1408 3300 istituto
1452 3239 1518 3300 in
1559 3240 1663 3300 eui
1706 3238 1920 3318 favore
1962 3240 2132 3301 sieno
2187 3239 2395 3320 fatte:
2460 3256 2492 3300 o
2560 3238 2805 3317 quando
2848 3237 2913 3298 la
2952 3254 3092 3317 per·

505 3334 658 3379 sona
701 3319 1058 3380 incaricata
1100 3319 1208 3379 dal
1251 3325 1551 3381 testatore
1593 3320 1660 3380 di
1701 3319 2171 3396 determinarlo,
2217 3337 2340 3382 non
2398 3335 2582 3398 possa
2645 3336 2677 3380 o
2723 3335 2843 3378 non
2886 3317 3121 3398 voylia,

499 3404 812 3460 accettare
859 3397 1208 3473 l’inearico,
1249 3399 1644 3462 s’intendono
1690 3399 1850 3479 fatte
1885 3400 1951 3461 in
1996 3399 2208 3472 favore
2250 3400 2349 3462 dei
2390 3400 2601 3478 paveri
2642 3399 2741 3460 del
2774 3400 2956 3476 iuoyo
2998 3397 3097 3461 del

497 3476 812 3620 ‹liomilcit‘itq
844 3478 941 3541 del
973 3483 1268 3541 testatore
1297 3480 1363 3541 al
1407 3486 1602 3559 tempo
1635 3480 1704 3543 di
1736 3497 1855 3542 sua
1889 3486 2106 3556 morte,
2146 3497 2176 3543 e
2218 3497 2364 3542 sono
2400 3480 2678 3542 devotate
2713 3478 3095 3541 all'istituto

529 3574 644 3621 oca
674 3576 703 3619 e
790 3576 810 3619 ι
852 3558 1084 3622 carita.
1127 3622 1132 3629 ,
2382 3574 2393 3587 ·
3088 3570 3095 3577 ·

576 3637 776 3701 579.
823 3637 888 3710 Q.
932 3638 988 3700 2.
1033 3638 1133 3700 Aa
1178 3637 1454 3718 teqatum
1498 3640 1794 3702 relictum
1835 3640 2103 3718 puellis,
2171 3646 2247 3701 ut
2311 3640 2787 3702 matrimonium
2855 3639 3098 3713 ineant,

492 3720 698 3798 possit
741 3719 805 3780 in
848 3720 1233 3782 conscientia
1277 3720 1423 3782 dari
1469 3718 1849 3802 Religionem
1894 3719 2390 3799 inqredientibas
2427 3723 2457 3783 5³

579 3797 644 3860 R.
685 3799 1102 3879 Affirmative,
1145 3800 1198 3861 si
1245 3799 1523 3878 legatum
1572 3802 1867 3865 relictum
1912 3804 1999 3862 sit
2060 3818 2350 3879 personae
2397 3800 2845 3863 determinatae
2901 3798 3091 3880 (quod

504 3886 716 3942 autem
762 3879 841 3963 de
885 3880 1117 3961 legato,
1151 3878 1212 3941 id
1259 3880 1446 3956 valet,
1492 3886 1625 3960 pari
1674 3898 1886 3958 causa,
1941 3884 2137 3945 etiam
2182 3881 2263 3946 de
2310 3880 2743 3959 haereditate).
2793 3880 2976 3944 Patet
3018 3896 3095 3941 ex

495 3958 647 4035 lure
693 3962 826 4040 ipso
872 3962 1048 4024 civili
1098 3963 1440 4036 communi,
1471 3962 1863 4037 ubidicitur,
1899 3962 2178 4042 legatum
2225 3961 2523 4044 relictum
2557 3970 2750 4024 certae
2800 3974 3096 4042 personas

498 4039 578 4102 ad
625 4040 1017 4117 nubendum,
1062 4042 1120 4103 ei
1167 4038 1307 4101 dari
1354 4058 1559 4120 posse,
1625 4048 1677 4105 si
1755 4044 1863 4106 flat
1928 4045 2224 4122 religiosa
2299 4048 2405 4120 (ex
2475 4042 2668 4104 Auth.
2718 4042 2792 4104 de
2840 4039 3095 4104 Sanctis

491 4118 727 4199 Enisa,
771 4121 803 4203 g
850 4120 959 4183 hoc
1004 4122 1308 4202 quoque);
1373 4130 1636 4185 testator
1702 4129 1875 4200 enim
1922 4122 2318 4186 nominando
2382 4136 2721 4202 personam
2792 4130 3094 4183 censetur

496 4199 738 4264 habere
783 4202 1129 4280 specialem
1172 4201 1580 4281 affectionem
1650 4202 1731 4265 ad
1775 4206 1830 4265 ei
1880 4202 2420 4277 subveniendum,
2481 4201 2752 4282 ideoque
2790 4219 2897 4281 Jus
2944 4215 3096 4282 prae·

495 4283 695 4343 sumit
742 4284 947 4361 ipsum
998 4283 1277 4345 v‘oluisse
1320 4282 1378 4344 ei
1427 4282 1642 4360 legare
1688 4284 1881 4346 etiam
1928 4301 2078 4347 casu
2111 4285 2440 4362 ingressus
2470 4283 2534 4344 in
2570 4280 2996 4362 Religionem,
3028 4288 3096 4343 ut

493 4373 979 4439 argumentatur
1024 4361 1413 4426 Pellizarius.
1456 4363 1695 4442 Excipe
1778 4364 1898 4426 nisi
1938 4363 2107 4426 aliud
2156 4372 2330 4426 certo
2375 4369 2624 4425 constet
2653 4364 2733 4425 de
2763 4372 2978 4425 mente
3012 4370 3100 4424 te-

493 4443 761 4503 statoris
805 4443 983 4522 (quia
1029 4442 1441 4523 praesumptio
1486 4444 1658 4506 cedit
1701 4444 2015 4521 veritati),
2055 4453 2126 4506 ut
2158 4445 2213 4505 si
2258 4458 2564 4522 expresse
2596 4460 2810 4506 casum
2851 4442 3093 4521 nuptia·

492 4536 640 4584 rum
688 4531 907 4601 ponat,
950 4522 1108 4586 alios
1130 4538 1432 4600 expresse
1463 4524 1835 4587 excludens.
1860 4559 1938 4570 —
1966 4524 2125 4598 Quid
2153 4526 2203 4586 si
2239 4524 2595 4599 nubant‚at
2638 4522 2918 4587 civiliter
2958 4531 3097 4585 tan-

495 4608 627 4664 tum
654 4600 685 4662 ⁶?
719 4627 765 4685 Ὶι
813 4601 928 4665 Chi
971 4621 1093 4665 non
1121 4601 1314 4667 abbia
1355 4600 1422 4665 al
1466 4610 1629 4667 tutto
1673 4612 1973 4669 smarrito
2003 4604 2053 4667 it
2087 4603 2253 4668 baon
2293 4621 2473 4668 semo
2500 4604 2559 4667 si
2585 4604 2912 4685 quai-clera
2946 4600 3096 4666 bene

490 4680 602 4744 dal
642 4681 803 4752 dire.
852 4683 1007 4745 anzi
1049 4697 1321 4761 neppare
1349 4684 1539 4760 petra
1577 4701 1847 4764 pensare
1890 4685 2000 4751 clte
2043 4687 2185 4766 quei
2240 4685 2507 4763 Vescovi,
2547 4685 2763 4765 queqti
2804 4683 3092 4747 ecetesia-
