3292 5167
1027 174 1107 220 ut
1153 172 1586 220 nsssrirurionz
1635 172 1698 219 m
1740 175 1949 221 senona
2658 157 2787 225 519

208 285 288 352 Et
337 287 493 349 tunc
542 297 662 366 pro
704 276 1064 366 praeteritis
1095 276 1619 348 detractionibus
1654 296 1805 348 cum
1840 278 1969 347 illis
2003 279 2449 349 confessarius
2482 297 2555 349 se
2587 288 2792 365 gerat,

210 390 303 459 uti
348 387 523 457 solet
570 404 723 456 cum
769 403 926 454 vero
976 403 1287 473 paupere,
1325 402 1360 453 a
1400 404 1533 473 quo
1581 385 1763 454 nulla
1812 394 2032 473 potest
2082 387 2416 458 restitutio
2467 387 2659 473 exigi.

381 495 449 563 Si
497 500 560 575 2,
610 494 937 563 infamans
986 502 1252 564 tenetur
1299 494 1546 564 crimen
1597 494 1836 564 falsum
1885 501 2114 584 aperte
2163 502 2540 578 retractare,
2604 494 2794 562 adhi-

205 604 342 674 bito
389 604 609 686 etiam,
666 603 783 671 ubi
828 603 915 672 sit
964 620 1155 689 opuS,
1200 602 1611 689 jurament03
1661 621 1814 671 nam
1857 602 1971 689 qui
2018 603 2243 673 intulit
2306 603 2638 685 damnum,
2712 601 2795 670 ad

208 718 418 781 totum
468 710 533 779 id
572 718 860 794 tenetur,
911 710 1092 798 quod
1157 710 1607 780 necessarium
1654 719 1757 780 est
1803 710 1887 779 ad
1948 710 2261 797 injuriam
2332 710 2792 798 reparandam,

205 818 264 888 si
311 817 477 887 adeo
524 816 792 887 difficile
838 836 972 886 non
1019 818 1127 900 sit,
1174 816 1273 884 uti
1336 836 1469 886 non
1541 824 1644 888 est
1707 819 2180 904 juramentum.
2247 819 2479 903 Neque
2551 818 2793 899 obstat,

205 925 381 1014 quod
428 926 572 1013 ipse
620 932 778 994 tunc
815 924 1226 1007 diffametur,
1274 926 1499 1011 potior
1529 925 1708 993 enim
1740 943 1887 995 esse
1922 924 2120 995 debet
2151 922 2447 993 conditio
2479 920 2797 993 innocen-

205 1034 287 1103 tis
334 1051 533 1120 quam
584 1033 907 1102 nocentis.
954 1034 1053 1101 An
1098 1051 1255 1101 vero
1304 1039 1609 1102 teneatur
1656 1033 1857 1101 etiam
1906 1040 2108 1102 testes
2148 1031 2484 1114 adhibere,
2518 1032 2571 1098 si
2615 1032 2796 1117 jura-

208 1146 435 1210 meuto
467 1139 633 1208 fides
665 1158 798 1208 uon
825 1139 1165 1223 habeatur,
1190 1138 1452 1208 videtur
1482 1139 1877 1225 negandum,
1912 1140 2036 1208 nisi
2075 1140 2137 1207 in
2172 1140 2396 1224 aliquo
2424 1155 2580 1205 casu
2609 1155 2794 1219 rar03

203 1266 353 1317 nam
389 1246 459 1315 id
511 1247 608 1316 uti
657 1246 841 1315 valde
887 1245 1167 1315 arduum
1214 1246 1515 1316 habetur2
1562 1246 1844 1316 Aliunde
1891 1246 2050 1333 quid
2098 1246 2306 1331 magis
2355 1264 2549 1332 agere
2597 1244 2797 1313 debet

205 1356 557 1440 detractor,
592 1373 790 1443 quam
823 1359 1037 1424 Deum
1074 1373 1303 1424 vocare
1338 1356 1402 1424 in
1437 1360 1722 1426 testem?
1753 1355 1929 1425 unde
1963 1355 2296 1425 restitutio
2332 1354 2606 1422 nimium
2635 1360 2793 1422 tunc

202 1463 517 1532 damnum
564 1464 935 1546 excederet,
987 1471 1058 1531 ut
1106 1470 1335 1533 tenent
1383 1462 1785 1545 DicastilluS,
1831 1465 2179 1544 Navarrus,
2230 1461 2792 1529 salmanticenses

203 1579 265 1642 ct
298 1571 739 1641 Trullenchos
771 1579 1004 1641 contra
1041 1573 1443 1641 Bonaoinam
1472 1579 1538 1640 et
1564 1574 1769 1657 Lugo,
1807 1571 1917 1657 qui
1951 1570 2150 1639 etiam
2194 1577 2395 1638 testes
2422 1568 2793 1655 requirunt.

287 1679 602 1748 Ceterum
653 1697 781 1746 nen
831 1677 1075 1747 sufficit
1125 1687 1323 1764 prout
1368 1680 1587 1748 verius
1625 1678 1854 1747 dicunt
1895 1677 2207 1760 Concina,
2243 1678 2461 1758 Croix,
2498 1675 2790 1757 LessiuS,

199 1786 574 1872 Roncaglia,
615 1785 1198 1869 Salmanticense8‚
1227 1795 1373 1871 etc„
1410 1794 1482 1854 ut
1515 1788 1896 1855 retractatio
1933 1786 2046 1853 fiat
2078 1785 2252 1871 apud
2295 1784 2635 1853 auditores
2672 1784 2793 1851 im·

198 1895 565 1976 mediatos3
615 1894 733 1964 sed
781 1913 853 1963 ea
919 1905 1021 1963 est
1091 1895 1405 1978 facienda,
1477 1903 1799 1982 quantum
1869 1895 2210 1963 moraliter
2277 1901 2380 1963 est
2450 1892 2792 1980 possibile,

200 2002 400 2070 etiam
447 2000 626 2088 apud
671 2000 1019 2084 mediatoS‚
1071 2002 1313 2089 quibus
1364 2019 1600 2089 nempe
1648 2001 1895 2070 crimen
1933 2002 2299 2069 revelatum
2340 2008 2443 2070 est
2490 2000 2571 2068 ab
2611 1997 2793 2066 audi-

201 2109 461 2178 toribus
511 2108 928 2193 immediatis,
985 2110 1038 2177 si
1091 2109 1467 2196 praeviderit
1514 2109 1869 2192 detractor,
1917 2109 2040 2177 hos
2105 2108 2353 2177 crimen
2425 2126 2572 2177 esse
2644 2106 2790 2175 aliis

198 2217 634 2292 revelaturos,
687 2224 752 2286 et
800 2217 997 2285 simul
1047 2217 1260 2285 videat
1293 2236 1409 2286 eos
1444 2216 1981 2286 retractationem
2016 2215 2372 2302 negligere.
2412 2217 2597 2285 Ratio
2633 2216 2788 2303 quia

197 2323 340 2410 ipse
389 2323 513 2391 fuit
566 2324 781 2411 prima
827 2333 892 2392 et
940 2324 1168 2392 efficax
1217 2341 1412 2392 causa
1460 2323 1718 2405 damni,
1767 2331 1831 2390 at
1879 2323 2191 2392 secundis
2226 2323 2445 2391 causis
2478 2323 2788 2392 deficien-

209 2433 410 2515 tibuS‚
459 2450 723 2520 semper
769 2440 1065 2501 remanet
1112 2433 1430 2502 obstricta
1500 2449 1697 2502 causa
1745 2433 1955 2519 prima
2025 2435 2073 2499 ⁵.
2146 2432 2313 2501 Hinc
2384 2432 2646 2501 videant
2725 2433 2792 2503 in

203 2549 486 2627 quantas
533 2561 606 2609 se
653 2541 1016 2628 conjiciunt
1084 2542 1419 2627 angustias
1475 2541 1568 2609 illi
1617 2541 1728 2628 qui
1768 2548 1898 2608 tam
1946 2540 2135 2610 facile
2206 2541 2487 2611 aliorum
2550 2541 2791 2611 famam

196 2645 591 2717 dilacerant!

281 2753 481 2817 '245-
534 2759 606 2838 Q.
662 2759 763 2825 15.
811 2759 912 2826 An
957 2757 1148 2826 simul
1192 2778 1335 2826 cum
1376 2758 1903 2844 redinteyrationc
1946 2759 2138 2844 famoe
2168 2760 2334 2828 adsit
2356 2760 2662 2849 obliqatio
2693 2779 2791 2828 re-

186 2863 471 2949 parandi
516 2877 720 2933 cetera
764 2866 1016 2943 damino,
1063 2868 1121 2934 si
1165 2887 1303 2953 quae
1349 2887 1432 2934 cx
1476 2866 1852 2933 detractione
1894 2879 2106 2935 secuta
2148 2870 2275 2936 sint
2299 2876 2331 2936 P

281 2975 353 3042 R.
407 2973 474 3039 Si
526 2992 605 3041 ex
651 2973 927 3043 laesione
975 2974 1164 3043 famae
1215 2975 1300 3043 ob
1350 2973 1570 3043 delicti
1621 2972 1763 3041 falsi
1832 2976 2357 3060 propalationem
2418 2983 2639 3044 ortum
2688 2983 2791 3046 est

196 3076 386 3146 alteri
433 3077 745 3148 damnum
794 3080 1227 3164 fortunarum,
1277 3090 1348 3148 ut
1396 3082 1450 3149 si
1503 3081 1704 3149 laesus
1763 3081 2054 3167 privatus
2102 3090 2204 3151 est
2251 3083 2589 3166 famulatu,
2650 3083 2791 3152 offi-

196 3183 318 3268 cio,
375 3186 714 3271 pensione,
765 3187 818 3254 si
855 3187 1097 3256 excidit
1139 3208 1258 3275 spe
1291 3189 1693 3260 matrimonii
1737 3192 1979 3276 divitis,
2014 3191 2069 3258 si
2104 3189 2329 3259 dotem
2362 3190 2603 3274 amisit,
2639 3198 2788 3274 etc.,

196 3295 358 3360 tunc
405 3301 473 3360 et
518 3293 685 3362 fama
737 3296 1096 3382 reparanda
1145 3306 1266 3382 est,
1316 3307 1381 3368 et
1431 3301 1652 3369 omnia
1713 3302 1949 3369 damna
1999 3300 2105 3367 illa
2147 3300 2332 3386 juxta
2395 3299 2790 3368 aestimatio-

193 3416 347 3468 nem
398 3399 797 3484 prudentum
845 3405 1332 3490 compensanda
1382 3417 1556 3493 sunt,
1606 3410 1662 3477 si
1712 3411 1947 3478 saltem
1996 3408 2061 3475 in
2134 3407 2467 3475 communi
2539 3406 2789 3476 fuerint

192 3505 498 3591 praevisa,
549 3517 621 3575 ut
668 3509 997 3581 ordinarie
1047 3513 1532 3598 praevidentur,
1580 3518 1694 3603 qui
1743 3516 1921 3586 enim
1970 3516 2257 3602 aliquam
2305 3515 2578 3584 liberam
2626 3532 2787 3584 cau-

194 3627 338 3679 sam
387 3615 633 3699 posuit,
684 3624 949 3685 tenetur
994 3618 1075 3689 de
1118 3620 1295 3691 illius
1367 3623 1734 3693 effectibus.
1805 3622 2009 3705 Adde,
2082 3621 2263 3709 quod
2337 3623 2479 3690 haec
2550 3622 2788 3689 damna

195 3722 672 3806 compensandi
723 3726 1037 3812 obligatio
1087 3729 1168 3795 ad
1217 3730 1517 3801 haeredes
1566 3731 1963 3801 detractoris
2015 3730 2281 3812 transit;
2348 3748 2500 3798 cum
2548 3728 2787 3796 habeat

194 3835 575 3914 respectum
623 3832 703 3899 ad
750 3833 926 3903 illius
974 3836 1148 3904 bona
1194 3831 1243 3905 ².

283 3937 581 4016 Quaestio
631 3957 779 4008 esse
827 3950 1069 4027 potest,
1118 3944 1170 4012 si
1223 3945 1713 4018 manifestatum
1760 3947 1845 4014 sit
1894 3946 2210 4015 delictum
2260 3961 2509 4025 verum,
2561 3941 2787 4010 occul·

195 4048 339 4109 tum
391 4051 638 4129 tamen3
689 4064 822 4133 quo
871 4049 1137 4135 quidem
1184 4052 1391 4121 semel
1439 4053 1728 4138 cognito,
1777 4053 2016 4140 aliquis
2085 4051 2303 4131 fuerit,
2351 4068 2407 4117 ν.
2460 4067 2542 4135 g.‚
2592 4067 2626 4116 a
2678 4049 2782 4117 lu·

195 4166 392 4218 croso
442 4153 660 4224 officio
709 4173 743 4222 a
791 4175 913 4225 suo
963 4158 1309 4244 superiore
1358 4160 1757 4245 expoliatus
1802 4162 2007 4228 Sotus
2053 4158 2250 4226 docet
2313 4174 2443 4224 non
2519 4175 2669 4226 esse
2718 4157 2785 4224 in

194 4255 325 4327 hoc
374 4277 527 4329 casu
578 4283 658 4331 ex
706 4265 963 4353 integro
1013 4267 1246 4336 damna
1296 4270 1735 4350 resarcienda,
1784 4269 1900 4337 sed
1951 4275 2206 4336 tantum
2247 4265 2466 4354 quoad
2506 4273 2780 4353 partem,

260 4503 284 4543 ¹
323 4505 382 4556 V.
414 4507 645 4574 Liguori,
683 4513 772 4576 op.
809 4516 943 4566 scor.
996 4518 1037 4569 l.
1074 4530 1154 4571 ιιι.
1188 4530 1240 4571 n.
1276 4520 1387 4569 991.

256 4566 282 4607 ²
316 4569 430 4640 Non
467 4574 645 4625 tamen
682 4576 871 4628 transit
903 4551 969 4629 ad
1004 4579 1242 4632 haeredes
1275 4579 1531 4642 obligatio
1564 4576 1951 4642 compensandi
1984 4579 2209 4650 tamam;
2246 4588 2371 4628 nam
2405 4577 2519 4631 baec
2545 4579 2786 4631 consistit

194 4629 252 4681 iu
286 4632 496 4686 actione
527 4647 658 4699 pure
691 4641 974 4704 personali,
1008 4653 1129 4707 quae
1160 4654 1282 4696 cum
1317 4642 1433 4706 ipsa
1463 4653 1693 4707 persona
1725 4643 1838 4693 tota
1869 4641 2218 4703 extinguitur.
