3292 5167
466 258 564 323 5⁴·
1185 277 1303 322 un.
1350 276 1415 322 11.
1464 277 1678 324 futter.
1725 277 1781 322 V.
1829 276 1984 321 mse.
2031 276 2073 321 1.
2122 277 2253 323 cn.
2302 276 2367 322 11.

470 380 899 449 subditorum
970 385 1118 447 vota
1166 378 1417 449 directe
1487 379 1767 473 irritare.
1838 381 2003 449 Vota
2053 379 2255 465 igitur
2302 379 2712 462 inferiorum,
2787 395 3079 464 quorum

472 486 780 555 voluntas
829 485 882 551 vi
933 493 1145 553 status
1194 487 1482 571 perfecte
1529 486 1858 571 superiori
1890 485 2207 573 subjacet,
2257 505 2522 572 semper
2583 487 2751 555 banc
2807 485 3080 554 tacitam

476 593 815 660 involvunt
865 592 1352 661 conditionem:
1399 593 1528 660 nisi
1572 593 1860 679 superior
1905 592 2400 672 contradioeeri13
2434 601 2500 662 et
2547 592 2696 661 ideo
2745 594 2951 662 semel
2987 592 3081 659 ir-

477 698 602 767 rita
649 697 902 768 reddita
953 716 1084 767 non
1133 699 1415 785 amplius
1464 698 1883 768 reviviscunt.
1932 698 2099 767 Hinc
2148 707 2294 768 vota
2345 698 2764 786 particularia
2824 699 3084 784 regula-

478 806 650 874 rium
700 813 981 891 possunt
1030 805 1268 874 irritari
1321 824 1353 872 a
1404 823 1668 873 summo
1718 805 2062 889 Pontifice,
2112 824 2148 874 a
2182 807 2642 892 superioribus
2691 805 2930 874 domus
2979 804 3083 874 vel

480 911 771 993 Ordinis,
824 919 890 980 et
937 912 1098 980 item
1160 913 1241 981 ab
1302 913 1658 997 Episcopo,
1707 912 1760 980 si
1838 912 2116 981 Ordines
2174 913 2268 980 illi
2317 913 2451 981 sint
2498 913 2780 1000 subjecti
2819 913 2869 980 ¹.

656 1019 718 1087 2.
771 1019 994 1099 Quivis
1028 1018 1197 1086 alius
1246 1018 1557 1103 superior
1602 1019 1705 1086 vel
1772 1018 2084 1087 dominus
2133 1019 2394 1087 irritare
2444 1020 2689 1105 poterit
2759 1018 3085 1088 indirecte

482 1124 703 1194 omnia
737 1125 1155 1194 subditorum
1208 1134 1358 1194 vota
1393 1126 1460 1194 in
1510 1125 1611 1210 iis,
1661 1127 1725 1195 in
1768 1127 2010 1212 quibus
2059 1127 2202 1213 ejus
2237 1135 2533 1212 potestas
2593 1127 2887 1210 laeditur;
2928 1126 3085 1213 quia

483 1233 769 1319 quisque
810 1233 920 1319 jus
971 1233 1188 1315 habet,
1240 1252 1322 1303 ne
1374 1232 1437 1300 in
1487 1252 1611 1303 suo
1662 1234 1958 1303 dominio
2009 1235 2417 1303 offendatur:
2469 1234 2623 1304 hinc
2669 1256 2726 1303 v.
2775 1254 2833 1321 g.
2879 1237 3083 1304 herus

483 1347 707 1426 potest
753 1338 1013 1409 irritare
1059 1339 1159 1408 vel
1223 1341 1634 1432 suspendere
1695 1349 1845 1409 vota
1893 1341 2291 1411 ramulorum
2341 1343 2442 1428 (ut
2486 1350 2713 1410 votum
2784 1339 3086 1428 quotidie

481 1446 746 1518 Missam
796 1447 1151 1535 audiendi),
1194 1450 1247 1517 si
1299 1448 1450 1518 inde
1499 1449 1894 1535 obsequium
1944 1450 2069 1535 ipsi
2104 1449 2402 1526 debitum
2437 1449 2897 1537 impediatvel
2955 1450 3083 1518 mi-

487 1562 666 1622 nuat.
717 1555 845 1624 Sed
917 1564 1067 1624 vota
1139 1555 1283 1625 haee
1332 1557 1762 1640 reviviscunt,
1828 1557 2092 1643 quando
2164 1558 2308 1626 sine
2355 1557 2627 1627 alterius
2691 1557 3085 1645 praejudicio

494 1661 835 1747 adimpleri
888 1672 1205 1747 possunt:
1257 1681 1406 1749 quae
1455 1663 1607 1733 ideo
1656 1664 1788 1734 voti
1840 1664 2063 1750 potius
2136 1664 2511 1750 suspensiO,
2558 1682 2753 1750 quam
2815 1664 3086 1750 proprie

456 1767 769 1837 'irritatio
819 1769 946 1839 dici
996 1771 1289 1840 deberet.

562 1928 760 1991 No‘rA.
802 1929 957 1992 Vota
991 1929 1390 1993 subditorum
1428 1929 1622 1996 etiam
1655 1929 1795 1991 sine
1827 1943 2011 1991 causa
2043 1928 2255 1992 valide
2308 1929 2551 1992 irritari
2599 1940 2864 2008 possunt
2877 1947 2896 2006 ;
2930 1929 3082 2008 quia

486 2018 789 2072 censetur
853 2027 1104 2088 semper
1146 2013 1375 2073 emissa
1441 2010 1558 2073 sub
1622 2009 1995 2073 conditione
2049 2026 2400 2072 consensus
2466 2011 2852 2088 superioris;
2910 2009 3085 2072 unde

486 2089 852 2158 obedientia
899 2100 1024 2154 stat
1068 2107 1181 2171 pro
1224 2105 1431 2154 causa.
1477 2092 1770 2153 Attamen
1821 2093 1885 2151 in
1934 2092 2111 2168 praxi
2176 2090 2519 2153 difficulter
2567 2092 2804 2169 poterit
2847 2106 2882 2152 a
2935 2104 3081 2169 pec·

489 2179 629 2233 cato
674 2171 737 2233 id
768 2174 1101 2247 excusari3
1143 2182 1312 2235 esset
1341 2174 1514 2234 enim
1559 2173 1740 2233 actus
1770 2180 2033 2246 otiosuS,
2076 2182 2140 2233 et
2180 2171 2715 2234 irrationabiliter
2759 2169 3088 2249 profectus

490 2249 758 2313 alterius
804 2253 1240 2331 impediretur.
1283 2250 1404 2314 Sed
1457 2252 1520 2314 in
1565 2254 1888 2314 sententia
1937 2251 2101 2316 forte
2137 2250 2579 2329 probabiliori,
2609 2252 2857 2313 secluso
2900 2266 3085 2312 scan-

490 2330 639 2393 dalo
682 2340 792 2394 aut
835 2342 1223 2412 contemptu,
1266 2333 1560 2412 superior
1606 2333 1875 2394 irritans
1920 2332 2062 2393 sine
2126 2347 2313 2394 causa
2363 2347 2488 2394 non
2539 2339 2757 2410 peccat
2801 2332 2924 2392 nisi
2974 2346 3084 2393 ve·

462 2412 778 2487 „nialiten
820 2416 939 2475 etsi
987 2424 1126 2476 vota
1178 2417 1448 2493 positive
1506 2411 1912 2493 probaverit;
1976 2417 2122 2491 quia
2180 2428 2433 2498 semper
2476 2413 2760 2490 disponit
2819 2411 2897 2472 de
2935 2411 3088 2489 jure

491 2508 622 2555 suo.
673 2493 817 2556 Haec
858 2493 1067 2556 tamen
1111 2503 1255 2556 vota
1288 2493 1707 2573 quoadusque
1745 2494 2108 2567 irritentur,
2142 2492 2533 2570 probabilius
2563 2509 2709 2554 cum
2752 2491 2811 2553 d.
2846 2490 3087 2554 Thoma

492 2572 900 2635 valida=sunt
946 2577 1009 2636 in
1060 2575 1157 2650 iiS‚
1202 2591 1343 2654 quae
1389 2574 1795 2653 superiorum
1860 2572 2179 2635 mandatis
2224 2582 2411 2652 atque
2470 2571 2907 2652 jnrisdictioni
2958 2586 3087 2634 non

492 2654 955 2795 BraeJudicanu
996 2655 1141 2735 quia
1188 2655 1418 2716 subditi
1471 2671 1597 2716 non
1668 2665 1893 2716 carent
1933 2653 2283 2726 voluntate,
2327 2652 2438 2716 sed
2483 2669 2622 2716 eam
2691 2660 2939 2716 tantum
2982 2669 3087 2716 su·

530 2735 736 2813 jicere
780 2735 1016 2798 debent
1058 2736 1400 2815 superiori,
1440 2733 1699 2814 quando
1746 2736 1882 2813 ipse
1925 2734 2326 2797 contradicit.

582 2887 716 2950 Εὖ.
770 2890 840 2967 Q.
893 2891 953 2956 6.
1007 2890 1280 2971 Quinam
1318 2900 1582 2976 possum
1627 2899 1772 2955 vota
1813 2885 2401 2974 filiorum-familias
2446 2886 2752 2953 irritare?

584 2998 655 3064 R.
705 2995 821 3066 Vel
871 2998 1084 3082 agitur
1131 2996 1211 3066 de
1245 2995 1729 3078 filiis-familias,
1780 2995 1892 3081 qui
1941 2993 2154 3062 adbuc
2204 2993 2583 3081 impuberes
2633 2999 2787 3061 sunt
2806 3018 2823 3074 3
2872 2991 2974 3060 vel
3007 2989 3093 3060 de

491 3101 975 3187 filiis-familias,
1025 3103 1134 3189 qui
1177 3104 1314 3190 jam
1361 3103 1443 3171 ad
1482 3103 1897 3190 pubertatem
1947 3107 2415 3187 pervenerunt:
2736 3115 2741 3121 ·

586 3211 655 3278 Si
713 3215 767 3295 l,
818 3219 1004 3297 pater
1061 3213 1154 3299 (et
1207 3212 1272 3280 in
1324 3212 1467 3298 ejns
1516 3209 1983 3280 derectu‘avus
2022 3208 2365 3294 paternus)
2408 3215 2627 3293 potest
2660 3206 2909 3275 directe
2944 3212 3095 3273 vota

496 3320 721 3387 omnia
768 3319 1056 3387 filiorum
1128 3320 1388 3388 irritare
1460 3318 1597 3387 sive
1670 3316 2041 3404 personalia
2112 3315 2249 3383 sive
2319 3314 2538 3396 realia,
2590 3315 2788 3382 etiam
2857 3313 3134 3399 adepta*

495 3428 884 3514 pubertate,
930 3428 995 3495 in
1046 3426 1153 3495 illa
1203 3428 1380 3497 enim
1451 3434 1646 3495 aetate
1694 3423 1928 3493 deesse
1976 3431 2288 3492 censetur
2336 3423 2625 3508 perfecta
2699 3420 3095 3490 deliberatio

495 3532 578 3599 ad
627 3540 872 3601 tantam
922 3533 1395 3619 obligationem
1443 3530 1966 3618 suscipiendam3
2015 3528 2165 3596 ideo
2224 3528 2302 3594 ad
2354 3529 2551 3596 talem
2605 3528 2937 3597 defectum
2987 3526 3096 3594 lex

497 3639 860 3725 prospexit,
938 3639 1300 3725 praebendo
1374 3640 1758 3726 parentibus
1814 3634 2192 3705 facultatem
2254 3634 2552 3702 irritandi
2602 3632 2653 3702 ².
2727 3638 2796 3703 ln
2862 3634 3093 3716 dubio,

496 3754 724 3814 utrum
772 3753 997 3814 votum
1045 3754 1217 3830 ante,
1254 3755 1365 3814 aut
1413 3753 1564 3833 post
1616 3745 2032 3832 pubertatem
2059 3741 2377 3810 emissum
2410 3742 2516 3825 sit,
2552 3741 2856 3810 adhucin
2911 3748 3099 3827 patre

498 3872 574 3925 ea
626 3854 903 3924 facultas
952 3854 1195 3939 existit,
1246 3854 1396 3941 quia
1447 3853 1915 3928 antecedenter
1962 3849 2258 3937 possidet
2309 3857 2603 3937 potestas
2656 3857 2944 3935 paterna.

589 3963 658 4030 Si
706 3964 767 4046 2,
818 3980 951 4031 non
988 3970 1272 4048 possunt
1313 3979 1528 4046 neque
1563 3961 1886 4029 indirecte
1920 3967 2228 4046 parentes
2264 3958 2520 4027 irritare
2552 3971 2695 4025 vota
2710 3957 3101 4044 personalia,

497 4086 556 4135 v.
609 4086 690 4154 g„
741 4069 1087 4153 castitatis,
1122 4067 1516 4154 frequentiae
1558 4069 2159 4149 Sacramentorum,
2213 4073 2335 4134 etc.
2366 4064 2524 4150 (nisi
2576 4063 2961 4132 domesticae
2999 4081 3104 4134 re·

501 4194 648 4244 rum
699 4177 1149 4261 procurationi
1213 4176 1497 4263 graviter
1544 4175 1993 4258 adversentur,
2045 4174 2138 4242 uti
2190 4181 2367 4243 esset
2440 4180 2664 4240 votum
2715 4173 3100 4258 peregrina-

496 4281 703 4350 tionis
753 4283 850 4351 vel
901 4283 1234 4353 diuturnae
1285 4282 1636 4368 absentiae)
1655 4307 1675 4365 ;
1709 4281 1845 4368 jam
1911 4281 2202 4350 enimin
2252 4297 2326 4348 ea
2375 4286 2571 4348 aetate
2626 4278 2739 4346 filii
2807 4277 3101 4365 propriae

494 4389 698 4461 saluti
751 4391 1100 4461 consulere
1148 4394 1385 4475 valent,
1436 4398 1502 4461 et
1550 4389 1770 4478 quoad
1819 4407 1964 4458 eam
2010 4380 2166 4457 sunt
2212 4387 2315 4456 sui
2356 4387 2548 4473 juris.
2591 4391 2698 4455 Eoe
2741 4406 2861 4472 quo
2919 4387 3106 4453 homo

564 4605 584 4645 ¹
620 4605 865 4656 Attamen
901 4607 1087 4656 votum
1123 4604 1435 4656 transeundi
1471 4603 1536 4655 ad
1574 4603 1900 4664 Religionem
1924 4600 2244 4662 strictiorem
2277 4610 2347 4651 ex
2368 4610 2412 4650 c.
2437 4601 2573 4651 Licet
2603 4585 3102 4661 κνιιιάεναῂιιωιο-

490 4669 620 4734 quit
653 4668 844 4720 irritari
883 4679 913 4718 a
948 4667 1170 4719 Praelato
1203 4669 1470 4731 religioso.
1503 4691 1567 4705 —
1610 4667 1664 4716 V.
1702 4666 1933 4729 Ltguori,
1971 4662 2062 4726 Op.
2097 4662 2253 4725 nor„
2288 4661 2326 4714 l.
2360 4674 2439 4724 ιιι,
2474 4674 2526 4713 n.
2547 4663 2659 4714 233.

566 4730 591 4773 ²
624 4731 784 4784 caus.
815 4732 896 4793 20,
931 4742 980 4783 c.
1012 4733 1063 4795 2,
1096 4731 1294 4794 Puella,
1328 4743 1382 4794 q.
1418 4733 1468 4783 2.
2676 4739 2684 4745 ·
