3292 5167
1255 231 1710 294 annotaremus
2194 199 2203 214 ’
2686 214 2811 282 ὅθί

237 349 394 400 casn
440 332 703 398 fortuito
747 331 912 413 apud
961 329 1172 396 furem
1213 334 1402 414 perit.
1464 333 1556 400 lta
1598 333 1789 415 Lupo,
1851 331 2087 416 Voqlen
2130 333 2217 397 La
2281 334 2494 413 Croim,
2555 334 2818 413 Reum,

141 485 148 490 ,
241 413 422 494 Gurg
464 413 571 476 alii
621 428 719 476 ue.

326 492 525 556 818.
624 540 639 555 .
685 493 738 559 1.
782 490 945 568 Quid
979 492 1045 584 ‚⁸³⁸
1086 493 1276 573 culpa
1322 475 1666 575 theologica
1708 510 1828 558 mm
1866 492 2071 573 snserit
2109 494 2242 557 nisi
2283 496 2550 559 venialis
2591 512 2673 559 ecc
2715 496 2819 558 im-

224 573 615 715 petisse-tione
657 572 1128 638 deliberattom'a
1170 581 1233 635 et
1275 574 1705 649 advertente'oe,
1744 574 1849 636 sed
1890 589 2082 654 aravo
2122 575 2417 637 damnum
2460 576 2759 638 illatum?

376 704 389 717 .
434 654 563 717 Hac
607 652 685 716 de
732 670 801 716 re
847 651 1063 732 plures
1107 661 1256 717 sunt
1298 655 1661 718 sententiae.
1706 652 1829 716 Alii
1876 670 2019 717 cum
2064 652 2344 717 Henrico
2389 671 2422 717 a
2457 654 2516 718 S.
2574 656 2823 743 Ignatip

232 733 493 812 docent,
537 742 864 797 auctorem
912 733 1130 797 damni
1174 733 1253 798 ad
1302 744 1505 799 totum
1552 735 1761 798 teneri
1806 734 1922 797 sub
1954 734 2248 797 mortali:
2289 735 2409 796 boc
2446 745 2654 799 tamen
2691 753 2818 799 non

233 824 337 879 est
381 813 893 886 admittendum3
929 817 1077 893 quia
1121 817 1336 893 gravis
1377 816 1690 894 obligatio
1734 832 1813 877 ex
1856 814 1955 878 cul
2005 831 2039 877 a
2084 813 2210 877 levi
2244 832 2357 894 per
2396 832 2465 878 se
2495 818 2651 878 oriri
2684 832 2814 880 non

232 905 464 974 potest.
512 893 636 957 Alii
681 893 973 972 obligant
1006 894 1085 958 ad
1132 902 1337 959 totum
1381 896 1498 959 sub
1545 896 1705 958 levi:
1751 894 1860 958 sed
1907 911 1938 958 a
1992 896 2117 958 buc
2163 903 2474 974 negatur:
2515 897 2663 976 quia
2709 895 2816 960 ali·

232 990 359 1055 qua
405 974 603 1038 debet
636 991 776 1038 esse
814 976 1145 1055 proportio
1177 976 1348 1038 inter
1392 978 1522 1039 vim
1552 975 1967 1055 obligationis
1997 985 2063 1038 et
2098 973 2273 1038 illius
2307 975 2648 1055 objectum.
2689 977 2813 1040 Alii

233 1070 379 1117 cum
414 1055 737 1135 Laymano
782 1054 1073 1134 obligant
1114 1054 1194 1118 ad
1230 1065 1476 1136 partem
1521 1056 1637 1120 sub
1681 1054 1972 1119 mortali:
2030 1054 2193 1135 quod
2256 1058 2488 1119 iterum
2536 1072 2662 1118 non
2708 1056 2816 1120 ad·

230 1137 521 1199 mittitur
566 1135 822 1199 defectu
880 1137 1334 1215 proportionis.
1375 1137 1500 1199 Alii
1561 1153 1714 1199 vero
1771 1152 1915 1199 cum
1978 1135 2251 1200 Bouvier
2318 1145 2540 1199 tenent
2596 1136 2819 1200 adesse

232 1214 704 1295 obligationem
749 1216 1132 1279 restituendi
1177 1225 1423 1296 partem
1470 1216 1585 1279 sub
1623 1214 1808 1296 culpa
1840 1215 2118 1292 veniali3
2161 1217 2253 1279 sic
2284 1218 2456 1281 enim
2489 1234 2605 1297 pro
2636 1218 2821 1282 modo

231 1296 445 1375 culpae
488 1303 587 1359 est
628 1294 933 1375 obligatio
978 1296 1282 1359 damnum
1327 1296 1690 1377 reparandi.

313 1378 394 1441 At
463 1379 890 1440 communiter
934 1385 998 1439 et
1041 1376 1438 1456 probabilius
1482 1377 1839 1451 Filliucius‚
1879 1372 2076 1457 Gury,
2126 1376 2403 1451 Lessius‚
2452 1377 2821 1457 Roncaglia,

231 1457 438 1528 Salas,
477 1454 789 1533 ,Sancbez,
832 1456 990 1520 Viva
1034 1465 1100 1520 et
1142 1455 1252 1520 alii
1297 1460 1481 1522 multi
1528 1474 1671 1521 cum
1717 1473 1781 1519 sa
1835 1457 2193 1519 ientissimo
2237 1457 2552 1537 De·Lugo,
2596 1461 2705 1537 qui
2754 1461 2820 1521 in

229 1538 514 1603 materia
554 1537 823 1616 iustitia
870 1539 1039 1599 inter
1082 1536 1442 1618 Theologos
1499 1549 1595 1602 est
1664 1536 1784 1600 faci
1816 1555 1853 1599 e
1895 1540 2219 1617 princepe,
2263 1537 2534 1614 docent,
2580 1538 2822 1602 nullam

230 1637 376 1684 esse
428 1618 862 1681 restitutionis
905 1615 1367 1696 obligationem
1416 1624 1623 1699 neque
1681 1616 1796 1679 sub
1855 1619 2035 1697 gravi
2069 1633 2276 1697 neque
2316 1618 2431 1681 sub
2478 1618 2640 1694 levi3
2691 1626 2823 1682 tum

230 1703 380 1780 quia
434 1698 624 1779 culpa
656 1696 929 1762 venialis
972 1714 1052 1759 ex
1097 1700 1586 1777 imperfectione
1629 1696 2117 1760 deliberationis
2152 1715 2280 1760 non
2312 1707 2410 1760 est
2444 1699 2825 1777 simpliciter

230 1780 550 1843 delictum
582 1787 647 1841 et
683 1778 943 1856 injuria,
981 1777 1252 1858 ideoque
1284 1771 1410 1841 n'on
1444 1787 1656 1859 potest
1687 1794 1913 1858 parere
1943 1793 2137 1855 grave
2163 1779 2595 1842 restitutioms
2625 1796 2789 1843 onus
2802 1798 2823 1856 ς

230 1870 366 1924 tum
421 1861 569 1939 quia
613 1857 789 1921 leves
835 1858 1202 1937 hujusmodi
1249 1858 1744 1923 inadvertentiae
1805 1858 2114 1921 facillime
2165 1860 2397 1938 cuique
2441 1869 2821 1923 occurrunt:

229 1954 391 2019 ergo
435 1937 856 2002 accensenda:
902 1945 1053 2000 sunt
1094 1940 1268 2002 casui
1315 1939 1583 2003 fortuito
1634 1938 1840 2018 quoad
1890 1938 2270 2002 restituendi
2332 1937 2822 2018 obligationem,

233 2025 358 2084 nisi
407 2019 682 2081 velimus
727 2017 1145 2096 latissimam,
1190 2022 1505 2098 angustiis
1541 2021 1709 2081 viam
1758 2019 2138 2098 patefacere.
2207 2019 2374 2098 Ergo
2439 2035 2647 2100 neque
2705 2021 2822 2084 sub

234 2102 445 2181 gravi,
489 2115 695 2178 neque
736 2099 852 2161 sub
906 2099 1027 2163 levi
1074 2116 1213 2163 esse
1261 2110 1468 2180 potest
1512 2103 1576 2163 in
1622 2099 1742 2161 hoc
1799 2117 1950 2164 casu
1993 2099 2301 2178 obligatio
2361 2102 2823 2164 restitutionis:

234 2198 367 2244 non
407 2180 526 2242 sub
566 2180 768 2258 gravi,
804 2179 952 2259 quia
985 2178 1290 2259 obligatio
1318 2181 1532 2262 pravis
1567 2197 1692 2241 non
1724 2179 1919 2244 habet
1948 2182 2430 2260 proportionem
2463 2196 2603 2243 cum
2637 2180 2822 2260 culpa

234 2260 409 2335 levi3
463 2277 588 2321 non
634 2259 751 2322 sub
795 2259 945 2334 levi,
980 2261 1128 2338 quia
1174 2260 1480 2340 obligatio
1527 2261 1676 2324 levis
1724 2276 1853 2324 non
1900 2261 2093 2323 babet
2154 2261 2636 2339 proportionem
2682 2277 2824 2324 cum

237 2343 514 2406 materia
564 2341 766 2419 gravi,
809 2341 873 2402 in
922 2356 1044 2419 qua
1090 2340 1273 2420 culpa
1318 2341 1591 2404 venialis
1621 2343 1959 2404 commissa
1997 2350 2112 2404 est.
2148 2340 2309 2402 Hinc
2345 2342 2449 2420 qui
2487 2341 2693 2405 subita
2731 2343 2823 2405 ira

237 2430 579 2502 correptus
623 2419 901 2500 aliquem
940 2423 1277 2498 interimit,
1310 2424 1393 2486 ita
1435 2431 1503 2485 ut
1526 2421 1725 2485 fuerit
1753 2423 1963 2485 solum
1999 2430 2209 2484 motus
2241 2421 2526 2484 secundo
2558 2423 2825 2501 primuS,

237 2520 368 2567 non
421 2509 678 2572 tenetur
721 2500 800 2562 ad
848 2498 1041 2564 ullam
1088 2503 1580 2566 restitutionem.
2868 2537 2871 2544 -

315 2583 535 2646 Dices:
572 2580 798 2643 saltem
841 2586 1091 2644 tenetur
1132 2582 1216 2644 ad
1243 2582 1490 2663 aliquid
1520 2582 1644 2644 leve
1673 2582 1921 2645 ratione
1955 2579 2191 2661 culpoe:
2232 2581 2402 2643 sicut
2430 2583 2539 2660 qui
2569 2582 2702 2645 leve
2735 2581 2830 2662 fu·
2896 2631 2902 2638 .

238 2673 458 2740 ratur,
498 2663 572 2725 de
614 2661 735 2724 levi
778 2667 1044 2724 tenetur.

320 2741 444 2810 Sed
496 2751 752 2806 contra:
798 2741 1052 2821 quando
1098 2741 1338 2805 furtum
1383 2744 1475 2804 rei
1525 2757 1737 2821 parvae
1779 2749 1880 2804 est
1935 2756 2079 2804 cum
2144 2739 2332 2820 plena
2398 2740 2825 2820 advertentia‚

241 2839 371 2887 non
417 2833 519 2885 est
562 2823 818 2897 mirum,
860 2823 914 2883 si
960 2822 1166 2902 pariat
1197 2823 1661 2901 obligationem
1696 2821 1903 2885 levem
1950 2822 2013 2883 in
2047 2837 2161 2884 suo
2197 2838 2457 2900 genere.
2488 2823 2566 2884 At
2597 2823 2663 2884 in
2710 2839 2822 2887 no·

242 2912 374 2967 stro
420 2920 572 2966 casu
607 2918 734 2964 non
780 2901 969 2965 datur
1005 2903 1404 2966 advertentia
1453 2903 1637 2983 plena
1684 2901 1764 2965 ad
1795 2901 1960 2964 illud
1998 2917 2191 2981 grave
2221 2902 2567 2967 damnum:
2599 2911 2665 2966 et
2707 2919 2824 2984 per

236 2998 642 3063 consequens
707 2998 834 3045 non
900 2985 1066 3063 parit
1129 2983 1589 3062 obligationem
1653 2985 1720 3045 in
1788 2982 1898 3044 illo
1964 2997 2202 3060 genere
2269 2983 2453 3057 mali3
2519 2999 2665 3047 cum
2746 2984 2825 3048 ad

242 3064 551 3128 damnum
593 3078 788 3142 grave
833 3067 1197 3142 requiratur
1242 3064 1479 3143 injuria
1522 3065 1758 3144 gravis.
1814 3062 1993 3125 Sicut
2055 3068 2248 3127 etiam
2292 3066 2397 3143 qui
2446 3074 2639 3127 vovet
2685 3080 2825 3129 rem

240 3160 549 3225 parvam,
599 3150 847 3207 tenetur
895 3143 1011 3207 sub
1057 3142 1291 3207 veniali
1337 3144 1510 3208 illam
1558 3144 1868 3224 implere3
1919 3145 2029 3222 qui
2094 3155 2249 3205 vero
2315 3158 2450 3207 rem
2511 3159 2827 3225 magnam,

243 3225 353 3288 sed
400 3228 545 3289 sine
592 3224 772 3302 plena
813 3223 1214 3288 advertentia
1256 3234 1467 3302 vovet,
1501 3224 1576 3289 ad
1629 3221 1793 3288 nibil
1839 3230 2116 3285 tenetur.
2162 3222 2463 3304 De·Lu90.

319 3304 513 3366 814.
559 3303 625 3377 Q.
668 3303 724 3365 2.
771 3302 932 3378 Quid
971 3304 1136 3367 dices
1177 3306 1249 3368 dc
1291 3306 1424 3380 illo,
1473 3308 1582 3385 qui
1614 3304 1883 3386 projicit
1915 3302 1984 3366 in
2019 3318 2191 3366 mare
2218 3320 2518 3384 pemmam
2550 3304 2830 3369 alienam

243 3386 619 3448 «estimatum
661 3383 756 3460 10,
798 3386 856 3447 si
895 3385 1109 3449 valeat
1149 3384 1313 3450 100?
2394 3394 2401 3399 ·

322 3464 393 3528 R.
442 3464 563 3528 Alii
608 3462 896 3544 obligant
937 3464 1015 3528 ad
1047 3463 1531 3532 restituendum
1579 3464 1734 3542 100,
1821 3467 1925 3529 uia
1970 3462 2390 3528 damnificans
2451 3479 2594 3528 cum
2641 3463 2828 3546 culpa

246 3547 424 3624 gravi
474 3553 729 3608 tenetur
774 3545 848 3607 ad
897 3561 1085 3608 omne
1129 3545 1430 3610 damnum
1476 3545 1754 3622 factum,
1816 3547 1946 3611 icet
1988 3545 2377 3626 ignoratum.
2424 3544 2547 3606 Alii
2612 3553 2827 3610 tamen

245 3628 647 3689 communius
690 3641 763 3688 ac
809 3625 1202 3705 probabilius
1247 3627 1472 3690 dicunt
1517 3627 1723 3690 teneri
1767 3632 2020 3690 tantum
2054 3626 2135 3690 ad
2181 3625 2258 3690 10
2283 3644 2301 3701 ;
2339 3628 2487 3705 quia
2517 3625 2828 3706 obligatio

248 3707 680 3770 restitutionis
724 3706 1182 3787 correspondet
1224 3706 1449 3787 culpae‚
1491 3717 1560 3770 et
1592 3708 1775 3787 culpa
1811 3707 2071 3786 injuriae
2105 3722 2247 3787 qnae
2292 3705 2686 3769 intenditur:
2720 3707 2829 3769 bic

246 3794 458 3849 autem
505 3802 632 3849 non
676 3784 1034 3849 intenditur
1079 3787 1360 3866 injuria,
1410 3788 1531 3849 nisi
1577 3789 1669 3851 uti
1718 3787 1810 3852 10.
1852 3788 2093 3852 Verum
2157 3786 2421 3867 quidem
2464 3794 2566 3849 est
2611 3785 2826 3848 teneri

247 3865 326 3929 ad
373 3875 573 3930 totum
619 3865 948 3942 damnum,
984 3882 1131 3932 cum
1173 3866 1397 3931 saltem
1442 3868 1952 3947 apprehenditur
1996 3869 2065 3931 in
2109 3866 2377 3931 confuso
2422 3865 2524 3945 (ut
2579 3874 2826 3930 cetero·

293 3950 403 4010 nin
449 3946 833 4026 regulariter
874 3947 1444 4027 apprehenditur->3
1487 3947 1598 4012 sed
1656 3953 2052 4029 neutiquam,
2100 3963 2247 4011 cum
2290 3947 2557 4011 omnino
2596 3946 2828 4010 invici-

253 4026 885 4172 OiliterMignoriatum
928 4027 1414 4174 nagtfflvoluntas
1458 4043 1587 4091 non
1633 4028 1841 4093 fertur
1873 4031 1940 4092 in
1987 4029 2408 4108 incognitum.
2449 4023 2508 4087 V.
2544 4025 2827 4106 Liguori‚

347 4125 419 4169 us
530 4125 642 4183 or.⁹
711 4155 724 4170 .
771 4123 866 4180 ιιι,
912 4123 970 4169 ιι.
1137 4153 1151 4170 .

301 4124 515 4249 psl&
551 4189 617 4261 Q.
658 4187 713 4251 3.
761 4185 920 4262 Quid
961 4189 1019 4250 si
1061 4187 1130 4250 in
1172 4185 1416 4249 loesionc
1458 4187 1630 4250 adsit
1672 4188 1859 4267 culpa
1905 4187 2254 4268 theoloyica
2295 4187 2535 4267 pravis,
2563 4202 2685 4249 non
2733 4193 2831 4249 ta-

246 4281 386 4330 men
428 4270 495 4332 in
535 4269 747 4333 ordine
789 4267 873 4331 ad
913 4268 1206 4330 damnum
1237 4267 1529 4329 illatum:
1558 4272 1633 4330 ut
1673 4269 1903 4348 siquis
1934 4268 2127 4332 loedat
2151 4270 2423 4331 amicum
2471 4265 2654 4330 inum
2694 4283 2829 4330 cre·

248 4347 395 4410 dens
439 4348 896 4413 invincibiliter
936 4364 1064 4411 csse
1107 4348 1431 4409 inimicum
1472 4351 1700 4410 mut?

332 4428 399 4490 R.
445 4429 700 4492 Certum
730 4437 826 4493 est
870 4433 1079 4508 ipsum
1121 4431 1405 4509 graviter
1451 4444 1715 4506 peccare
1758 4428 1837 4490 ob
1883 4426 2142 4502 malum,
2185 4443 2376 4508 quem
2421 4428 2613 4506 gerit,
2661 4427 2809 4491 affe·

252 4516 452 4572 ctum:
495 4519 560 4574 et
602 4511 830 4574 merito
876 4514 941 4571 in
986 4510 1124 4573 foro
1167 4518 1436 4572 externo
1470 4509 1562 4571 sic
1592 4507 1834 4574 ladem
1866 4523 1994 4571 nnn
2022 4508 2305 4584 audiun,
2334 4511 2480 4588 quia
2516 4525 2595 4571 ex
2628 4523 2827 4587 opere

254 4599 521 4654 externo
560 4592 814 4654 animus
843 4591 978 4669 ipse
1023 4590 1452 4670 praesumitur.
1483 4587 1722 4652 Verum
1752 4587 1832 4652 ad
1864 4588 2340 4653 restitutionem
2371 4587 2542 4668 quod
2571 4593 2827 4665 attinet,

251 4679 463 4733 utrum
508 4672 587 4734 ad
634 4672 808 4736 illam
853 4673 915 4733 in
962 4669 1103 4735 toro
1147 4670 1559 4734 eonscientiae
1605 4677 1943 4743 teneatur,
1999 4677 2175 4733 recte
2217 4679 2438 4734 censet
2491 4668 2822 4789 Sancbe23
