3292 5167
549 239 679 306 292
1239 259 1353 303 mn.
1399 254 1464 304 ιι.
1510 259 1722 307 rmcr.
1767 261 1848 307 vi.
1895 259 2047 308 mse.
2094 259 2173 307 lv.
2220 262 2351 308 cst.
2398 262 2485 308 ιιι.

551 361 785 444 soriae3
832 359 951 429 sed
997 379 1078 429 ex
1123 365 1354 429 natura
1386 378 1505 429 sua
1552 361 1652 431 vel
1699 362 1904 431 forma
1941 364 2030 431 ita
2076 362 2159 430 ad
2206 380 2478 450 pravum
2510 378 2706 431 usum
2739 360 2875 430 sint
2906 357 3130 427 deter-

551 467 858 549 minatae,
909 474 981 535 ut
1030 484 1368 553 nunquam
1416 476 1530 536 aut
1576 469 1713 538 fere
1760 487 2102 557 nunquam
2149 471 2230 539 ad
2277 472 2526 541 bonum
2561 470 3006 539 adhibeantur
3037 466 3139 535 uti

554 575 701 642 libri
736 573 1053 657 obscoeni,
1099 574 1300 644 libelli
1350 574 1603 661 famosi,
1653 576 1848 662 idola,
1899 586 2057 648 tunc
2105 579 2444 648 moraliter
2480 584 2788 647 constare
2821 575 3021 645 debet
3055 572 3142 642 de

553 682 729 752 bono
777 701 902 751 usu
954 689 1023 751 ut
1070 682 1261 751 vendi
1315 682 1493 753 licite
1542 685 1822 771 possint,
1873 686 2092 754 habita
2127 687 2384 756 ratione
2419 684 2753 772 qualitatis
2789 682 3139 770 emptoris.

509 836 515 842 -
554 862 559 867 ,
640 794 861 856 490.
912 794 984 872 Q.
1034 795 1095 860 4.
1149 794 1450 874 Quaenam
1493 804 1641 860 stam
1683 793 2022 861 venditoirs
2067 795 2515 882 obligationes?
2891 800 2900 809 '

640 900 712 966 R.
761 898 1103 985 Praecipua
1136 898 1280 968 haec
1317 904 1455 968 est:
1491 918 1630 968 rem
1664 899 1961 969 tradendi
1997 901 2299 988 emptori,
2346 907 2547 989 atque
2578 901 2800 988 ipsum
2835 896 3144 968 servandi

557 1004 933 1074 indemnem
982 1008 1368 1094 (garantire)
1419 1008 1638 1094 quoad
1687 1027 1825 1077 rem
1872 1009 2000 1095 ipsi
2064 1008 2414 1094 venditam,
2466 1015 2607 1077 tum
2655 1010 2736 1079 ab
2786 1009 3142 1089 evictione,

556 1119 697 1182 tum
746 1115 942 1184 etiam
991 1133 1026 1182 a
1073 1114 1268 1184 vitiis.

643 1222 894 1293 Primo:
939 1234 1179 1290 tenetur
1221 1221 1500 1290 uenditor
1542 1243 1676 1291 rem
1721 1223 1965 1291 tradere
2010 1224 2289 1310 emptori.
2341 1226 2478 1304 Qua
2526 1222 2592 1290 in
2636 1239 2706 1289 re
2740 1219 3145 1321 notandum,

559 1328 738 1415 quod
785 1331 838 1398 si
886 1335 1117 1414 agatur
1160 1329 1242 1397 de
1288 1330 1486 1401 rebus
1536 1329 1967 1417 incorporem,
2007 1330 2275 1399 traditio
2313 1330 2386 1398 fit
2418 1348 2537 1417 per
2567 1328 3148 1414 consignationem
3263 1342 3264 1409 ξ

557 1433 1131 1519 documentorum,
1207 1453 1356 1522 quae
1416 1454 1642 1505 rerum
1691 1437 1950 1506 illarum
1995 1437 2363 1506 dominium
2409 1436 2815 1523 respiciunt:
2863 1440 2977 1503 aut
3025 1451 3152 1521 per
3263 1432 3264 1505 Ϊ

558 1561 752 1612 usum
823 1543 1179 1612 earundem
1251 1561 1472 1612 rerum
1542 1545 1622 1613 de
1703 1564 2034 1615 consensu
2067 1544 2317 1641 domini
2367 1540 2416 1613 ¹.
2464 1544 2533 1613 Si
2580 1563 2735 1614 vero
2784 1551 3017 1631 agatur
3063 1543 3152 1613 do

558 1653 758 1721 rebus
806 1652 1190 1737 corporeis,
1240 1660 1396 1720 tunc
1443 1652 1499 1720 si
1552 1651 1912 1721 immobilia
1960 1654 2133 1736 sint,
2184 1652 2448 1721 traditio
2500 1653 2571 1721 fit
2620 1671 2738 1739 per
2783 1651 3146 1737 consigna-

559 1760 808 1829 tionem
856 1759 1155 1836 clavium,
1207 1759 1319 1828 ubi
1367 1766 1600 1845 agatur
1646 1759 1727 1828 de
1775 1760 1996 1847 aliquo
2047 1760 2360 1842 aedifici03
2410 1759 2508 1829 vel
2560 1759 3144 1840 documentorum,

559 1867 673 1935 ubi
729 1866 811 1934 de
858 1866 980 1934 alia
1031 1866 1433 1953 proprietate
1482 1865 1568 1934 sit
1615 1885 1856 1935 serm0.
1905 1867 1973 1935 Si
2024 1886 2178 1936 vero
2228 1867 2360 1936 sint
2408 1866 2696 1950 mobilia,
2750 1866 3022 1933 traditio
3072 1863 3147 1932 fit

562 1972 664 2041 vel
706 1990 937 2042 eorum
983 1971 1140 2040 reali
1191 1972 1714 2059 consignatione,
1764 1974 1859 2043 vel
1912 1973 2361 2062 consignando
2397 1974 2610 2043 claves
2658 1991 2810 2060 quae
2862 1991 2937 2041 ea
2979 1990 3147 2041 con-

565 2079 798 2163 tinent,
868 2078 970 2148 vel
1040 2086 1272 2147 mutuo
1321 2080 1608 2165 partium
1657 2100 1987 2150 consensu
2049 2082 2105 2150 si
2152 2089 2452 2168 tempore
2501 2079 2896 2150 venditionis
2945 2078 3147 2149 realis
3263 2064 3264 2133 ἒ

567 2187 976 2272 consignatio
1025 2187 1244 2255 locum
1293 2188 1537 2258 habere
1586 2208 1717 2258 non
1768 2189 1999 2275 possit,
2048 2194 2160 2257 aut
2207 2188 2262 2257 si
2310 2197 2574 2276 emptor
2620 2207 2695 2257 ea
2736 2188 2872 2275 jam
2906 2188 3149 2256 habeat
3263 2158 3264 2253 ἷ

568 2293 633 2361 in
681 2313 798 2362 sua
847 2300 1180 2380 potestate·
1222 2294 1350 2364 alio
1391 2296 1604 2379 titulo,
1655 2304 1812 2382 puta
1863 2297 2117 2365 ratione
2164 2295 2445 2381 depositi
2497 2295 2547 2363 ².
3263 2280 3264 2301 ¹

653 2404 975 2488 Expensae
1010 2404 1095 2472 ob
1137 2401 1555 2470 traditionem
1592 2402 1681 2471 rei
1729 2403 1965 2471 factam
2004 2403 2308 2487 emptori,
2357 2420 2391 2469 a
2425 2401 2802 2483 venditore:
2836 2418 3148 2486 expensae

568 2527 721 2577 vero
772 2509 1289 2594 adsportationis
1338 2510 1429 2577 rei
1479 2508 1561 2578 de
1608 2527 1743 2577 uno
1792 2509 1857 2577 in
1893 2509 2092 2577 alium
2125 2509 2366 2592 locum,
2401 2509 2481 2578 ab
2521 2517 2823 2595 emptore
2855 2505 3150 2576 ferendae
3263 2500 3264 2517 ¹

569 2625 745 2691 sunt,
775 2616 896 2684 nisi
933 2616 1124 2685 aliter
1156 2617 1541 2704 stipulatum
1574 2618 1680 2686 sit.
1705 2653 1794 2666 —-
1827 2620 2113 2704 Tempus
2147 2623 2367 2684 autem
2403 2616 2772 2685 traditionis
2804 2615 2966 2684 illud
3003 2614 3150 2696 erit,
3263 2646 3264 2655 κ

569 2723 747 2809 quod
816 2723 1012 2792 fuerit
1081 2723 1546 2804 constitutum;
1606 2724 1785 2810 quod
1832 2724 1887 2792 si
1936 2742 1971 2791 a
2019 2722 2358 2792 venditore
2399 2741 2534 2792 non
2585 2724 2995 2803 observetur,
3040 2721 3149 2806 jus
3263 2750 3264 2759 ¹

571 2831 694 2900 erit
738 2830 1017 2917 emptori
1067 2832 1166 2898 vel
1217 2830 1662 2901 venditionem
1711 2830 2074 2901 dissolvere
2111 2829 2214 2899 vel
2248 2848 2389 2900 rem
2420 2830 2546 2900 sibi
2580 2830 2910 2898 venditam
2945 2846 3150 2915 expo·
3263 2860 3264 2869 κ

568 2955 773 3020 scere,
824 2945 889 3004 et
936 2936 1211 3023 insuper
1257 2936 1321 3004 in
1369 2945 1655 3023 utroque
1704 2956 1860 3006 casu
1899 2939 2023 3006 sub
2073 2937 2616 3022 compensatione
2649 2936 3043 3004 damnorum
3084 2940 3151 3004 et
3263 3010 3264 3029 ἶ

569 3044 888 3131 quidquid
956 3044 1231 3113 interest
1288 3045 1373 3113 ob
1422 3046 1619 3114 talem
1668 3045 2068 3114 dilationem.
2114 3047 2421 3115 Attamen
2467 3044 2769 3115 venditor
2815 3062 2850 3111 a
2900 3062 2974 3111 re
3022 3049 3151 3111 tra-

570 3150 779 3221 denda
852 3152 1209 3236 liberatur,
1283 3153 1543 3239 quoties
1592 3160 1854 3240 emptor
1899 3152 2186 3240 pretium
2232 3171 2366 3222 non
2413 3153 2667 3236 solvat,
2719 3170 2839 3220 nec
2888 3151 2948 3220 ei
2999 3168 3154 3221 con·

571 3278 754 3329 cessa
827 3261 912 3328 sit
983 3277 1202 3328 mora:
1251 3260 1385 3329 imo
1434 3262 1629 3330 etiam
1676 3280 1991 3331 concessa
2038 3280 2222 3333 mora
2272 3262 2353 3331 ad
2398 3260 2808 3342 solvendum,
2861 3277 2998 3327 non
3046 3264 3149 3326 te-

576 3375 770 3436 netur
816 3368 1116 3436 venditor
1161 3386 1302 3437 rem
1350 3369 1648 3453 tradere,
1697 3370 1749 3437 si
1800 3369 1881 3438 de
1929 3372 2146 3456 pretio
2194 3371 2261 3439 in
2310 3369 2680 3456 periculum
2725 3367 2964 3448 veniat,
3016 3364 3146 3433 nisi

575 3481 840 3561 emptor
872 3477 1243 3545 cautionem
1281 3496 1400 3563 pro
1434 3477 1766 3545 solutione
1792 3477 2055 3545 tribuat.
2095 3513 2184 3526 -
2211 3481 2336 3567 Res
2376 3474 2638 3544 tandem
2689 3472 3001 3543 tradenda
3049 3476 3154 3540 est
3263 3470 3264 3475 ’

571 3584 639 3650 in
688 3584 857 3666 locO,
907 3583 1086 3670 quod
1134 3602 1169 3650 a
1217 3583 1511 3669 partibus
1562 3583 2070 3668 praestabilitum
2117 3584 2271 3652 fuit:
2322 3581 2500 3669 quod
2534 3582 2588 3650 si
2624 3581 2784 3649 nihil
2819 3586 3152 3649 statutum

571 3688 677 3771 sit,
726 3688 791 3756 in
839 3689 986 3757 loco
1035 3708 1167 3775 quo
1215 3708 1320 3757 res
1358 3697 1495 3756 erat
1537 3706 1688 3757 oum
1723 3688 2087 3757 venundata
2119 3689 2262 3757 fuit.
2296 3692 2375 3783 Et
2411 3687 2680 3774 quidem
2724 3687 2794 3755 in
2828 3704 2907 3755 eo
2942 3691 3148 3765 statu,

574 3813 706 3883 quo
755 3802 893 3865 erat
940 3804 1240 3882 tempore
1287 3795 1707 3880 venditioniS,
1758 3814 1885 3864 una
1935 3815 2085 3865 cum
2141 3797 2278 3865 suis
2326 3795 2656 3864 fructibus
2703 3801 2768 3863 et
2825 3791 3154 3862 accessio-

572 3903 805 3986 nibus;
856 3920 1003 3971 nam
1052 3902 1276 3972 statim
1322 3921 1356 3970 a
1402 3904 1780 3972 venditione
1830 3922 1933 3972 res
1982 3902 2265 3989 emptori
2315 3902 2684 3970 fructificat.

652 4043 847 4107 Addit
888 4054 1101 4108 autem
1143 4044 1249 4108 lex
1291 4042 1470 4122 plura
1517 4060 1630 4123 pro
1675 4045 1894 4123 praxi:
1960 4043 2022 4123 1)
2070 4040 2146 4106 Se
2200 4042 2263 4106 la
2303 4044 2556 4107 vendita
2599 4042 2668 4106 di
2708 4060 2797 4105 un
2839 4037 3156 4104 immobile
3263 4076 3264 4097 1

574 4125 634 4187 si
672 4127 719 4217 e·
744 4124 919 4205 satta
962 4124 1499 4187 coll'indicazione
1541 4124 1706 4187 della
1751 4125 2067 4203 quantita,
2135 4124 2203 4187 in
2250 4123 2520 4204 -rayione
2573 4123 2641 4186 di
2694 4139 2779 4184 un
2823 4128 3003 4185 tanto
3040 4136 3158 4201 per
3263 4174 3264 4193 ἦ

573 4222 716 4285 oym
760 4206 1020 4284 misum,
1061 4204 1110 4267 il
1151 4204 1463 4268 venditore
1502 4205 1532 4264 e
1573 4201 1887 4285 obbliqato
1946 4204 2013 4268 di
2066 4220 2440 4285 consequare
2480 4203 2547 4266 al
2588 4210 2998 4283 eompratore,
3044 4199 3155 4262 clue
3263 4264 3264 4275 ¹

580 4286 633 4349 lo
674 4286 854 4367 esiqe,
897 4286 962 4347 ta
1004 4285 1299 4365 quantita
1342 4284 1626 4348 indicam
1669 4285 1769 4347 ne!
1810 4292 2146 4348 contrane.
2187 4283 2441 4360 Quando
2483 4285 2578 4347 eid
2619 4301 2742 4348 non
2768 4286 2803 4346 ἑ
2830 4279 3156 4364 possibile,
3263 4294 3264 4373 ᾗ

578 4503 657 4619 uf
687 4505 1276 4629 ἢξιὴηξιιὲῆσῂῗ.
1324 4507 1443 4571 4³03
1475 4532 1539 4545 -
1591 4506 1644 4558 ο.
1682 4506 2029 4569 e.1eoe;-
2063 4506 2118 4559 c,
2166 4505 2218 4558 s,
2253 4506 2403 4571 itam
2452 4530 2517 4543 -
2566 4504 2623 4556 e.
2671 4505 2730 4555 P.
2786 4504 2949 4566 {4183
2999 4526 3065 4563 -v-
3096 4501 3152 4553 c.

638 4630 664 4670 ¹
706 4650 722 4671 ·
758 4630 856 4680 Per
883 4642 1014 4679 esem
1049 4631 1130 4680 io:
1181 4628 1516 4680 Trattandosi
1563 4629 1615 4680 di
1647 4642 1721 4681 un
1755 4629 1934 4682 dirltto
1967 4627 2021 4679 di
2055 4630 2279 4693 attinget
2310 4640 2499 4696 acqua,
2549 4629 2634 4680 sul
2675 4625 2843 4680 fondo
2876 4626 3064 4688 alu-ui,
3102 4624 3156 4676 la
3263 4662 3264 4681 1

578 4690 872 4743 tradizione
902 4701 1019 4740 verr
1085 4689 1353 4740 effettuata
1384 4690 1755 4742 coll’esercizio
1790 4690 1843 4743 di
1878 4693 1981 4743 tale
2013 4690 2210 4743 diritt0.
2236 4711 2256 4735 n
