3292 5167
487 172 623 237 614
1183 192 1296 237 un.
1346 187 1408 235 ιι.
1458 191 1669 241 τιμον.
1719 188 1842 234 vin.
1893 189 2043 236 οπερ.
2094 190 2133 235 ι.
2184 190 2313 236 car.
2363 187 2449 234 ln.

485 311 730 379 nempe
777 292 956 379 quod
1001 293 1262 361 futurus
1311 299 1488 361 esset
1528 282 1726 379 'pater
1772 292 2092 374 omnium,
2142 292 2262 361 etsi
2316 290 2612 360 noudum
2685 297 2868 361 esset
2948 288 3081 376 ipsi

489 399 687 482 filiuS,
739 407 1050 485 essetque
1096 418 1325 479 senex3
1376 409 1442 468 et
1490 419 1661 469 uxor
1708 402 1866 467 Sara
1916 398 2159 467 sterilis
2211 400 2679 485 provect'aeque
2753 395 2974 466 aetatis
3030 394 3089 464 ¹,

578 507 846 576 Accedit
891 507 1098 589 ratio:
1145 508 1210 593 l)
1260 509 1439 576 Deus
1488 515 1590 576 est
1624 520 1895 576 summa
1946 508 2184 576 veritas
2203 532 2221 589 ;
2272 507 2452 594 atqui
2502 506 2556 573 si
2609 505 2675 575 in
2725 502 3086 573 revelando

487 614 751 683 mentiri
800 615 1151 701 aliquando
1203 622 1453 701 posset,
1495 622 1625 699 jam
1680 635 1813 684 non
1874 622 2052 684 esset
2103 632 2361 685 summa
2410 613 2649 683 veritas
2667 640 2686 695 ;
2757 615 2826 699 2)
2900 613 3083 680 Deus

490 729 591 791 est
639 741 757 791 ens
799 722 1370 809 perfectissimum,
1405 723 1555 791 ideo
1591 722 1886 810 ejusdem
1930 729 2181 791 naturae
2213 723 2486 792 omnino
2523 728 2846 809 repugnat
2886 736 3085 806 agere

490 830 760 914 malum,
811 831 991 916 quod
1038 838 1139 899 est
1186 832 1619 900 contrarietas
1668 831 1863 912 boni3
1901 833 1968 917 3)
2004 830 2166 899 fides
2203 829 2727 916 supernaturalis
2777 837 2841 897 et
2894 827 3081 895 utilis

490 936 573 1004 ad
621 935 900 1005 salutem
948 938 1238 1023 requirit,
1273 955 1618 1006 assensum
1655 947 1912 1007 certum
1960 957 2034 1006 ac
2084 938 2390 1021 firmum3
2440 937 2557 1006 sed
2612 937 2715 1005 bic
2765 952 3083 1005 assensus

491 1044 715 1112 baberi
769 1045 994 1130 nequit
1042 1045 1185 1112 sine
1234 1053 1410 1113 certa
1450 1063 1524 1113 ac
1573 1045 1759 1112 firma
1810 1042 2228 1114 revelatione.
2281 1045 2445 1112 Hinc
2520 1043 2945 1112 Innocentius
2991 1043 3079 1109 X!

490 1152 659 1220 hanc
693 1152 817 1221 sub
849 1172 909 1221 n.
943 1155 1021 1220 21
1062 1152 1388 1221 damnavit
1423 1154 1949 1239 propositionem
1977 1154 2314 1220 :As-sensus
2336 1152 2481 1238 fidei
2501 1150 3083 1239 supernaturalis&

488 1261 663 1327 uti-lis
706 1262 790 1327 ad
832 1262 1094 1328 salutem
1165 1273 1288 1328 stac
1333 1281 1474 1329 cum
1518 1262 1755 1328 notitia·
1812 1262 2013 1329 solum
2068 1259 2389 1347 probabili
2454 1259 2849 1326 revelationis
2864 1283 2889 1337 ;
2956 1257 3087 1323 imo

491 1387 631 1434 cum
675 1367 1024 1453 formidine,
1072 1387 1196 1453 qua
1223 1368 1380 1452 ‘quis
1423 1368 1745 1453 formidat,
1796 1387 1873 1433 ne
1922 1369 2160 1434 locutus
2200 1368 2284 1432 sic
2330 1368 2515 1433 Deus.

582 1471 808 1534 900.
861 1476 932 1554 Q.
981 1475 1042 1540 2.
1095 1474 1256 1554 Quid
1298 1484 1386 1541 est
1428 1474 1570 1560 fidei
1615 1474 1992 1542 credibilitas
2037 1486 2091 1540 et
2137 1473 2477 1558 quotuplex
2515 1478 2549 1538 ?

584 1582 656 1648 R.
705 1579 888 1649 Fidei
940 1580 1344 1667 credibilitas
1395 1589 1496 1651 est
1544 1581 1866 1650 evidentia
1916 1581 2044 1664 illa,
2094 1576 2375 1666 propter
2435 1597 2631 1666 quam
2686 1597 2808 1646 nos
2880 1576 3081 1645 rebus

493 1687 798 1755 revelatis
849 1706 1192 1756 assensum
1245 1696 1547 1757 nostrum
1598 1690 2007 1757 exhibemus.
2081 1688 2337 1773 Duplex
2411 1687 2759 1755 evidentiae
2836 1700 3078 1770 genus:

400 1824 408 1833 ·
494 1793 690 1876 aliud,
741 1795 919 1880 quod
966 1813 1105 1863 rem
1154 1793 1442 1881 aliquam
1486 1795 1780 1864 ostendit
1848 1795 2184 1865 evidenter
2252 1812 2494 1876 veram,
2547 1800 2610 1863 et
2661 1792 2787 1861 dici
2862 1799 3083 1878 potest

492 1902 798 1969 evidentia
841 1904 1119 1971 veritatis
1132 1929 1158 1984 ;
1204 1903 1400 1987 aliud,
1451 1902 1631 1990 quod
1679 1903 2015 1972 evidenter
2063 1902 2352 1972 ostendit
2402 1921 2537 1971 rem
2586 1920 2737 1972 esse
2793 1899 3077 1989 credibi-

495 2008 647 2090 lem,
699 2016 765 2077 et
813 2016 1033 2095 potest
1081 2010 1391 2096 appellari
1440 2010 1744 2077 evidentia
1790 2010 2235 2081 credibililutis.
2736 1999 2745 2009 ’

583 2115 749 2183 Illud
799 2124 1016 2185 autem
1047 2124 1165 2185 west
1213 2118 1550 2186 evidenter
1594 2135 1841 2200 verum,
1893 2117 2071 2205 quod
2120 2120 2199 2185 ab
2252 2116 2627 2184 intrinsecis
2678 2114 2772 2185 rei
2832 2112 3081 2199 princi-

506 2223 633 2308 piis
681 2223 1019 2292 evidenter
1062 2225 1521 2310 cognoscitur:
1572 2226 1700 2294 boc
1749 2225 1947 2294 modo
1999 2232 2255 2293 certum
2305 2230 2404 2292 est
2439 2223 2570 2291 duo
2623 2230 2687 2291 et
2738 2222 2868 2289 duo
2937 2220 3074 2288 effi-

504 2348 653 2400 cere
702 2339 1005 2418 quatuor.
1056 2332 1223 2401 Illud
1272 2351 1425 2402 vero
1476 2340 1576 2401 est
1626 2333 1964 2401 evidenter
2012 2332 2347 2413 credibile,
2399 2329 2578 2416 quod
2616 2329 2938 2416 probatur
2983 2346 3084 2394 ar-

497 2439 826 2525 gumentis
876 2439 1286 2525 extrinseciS,
1337 2459 1573 2527 nempe
1624 2441 1929 2523 testibus,
1981 2438 2447 2519 monumentiS,
2501 2437 2707 2523 signis
2741 2445 2806 2505 et
2855 2434 3080 2504 simili—

513 2546 640 2615 bus
692 2554 820 2616 tam
870 2546 998 2615 fide
1047 2547 1281 2634 dignis,
1328 2557 1402 2616 ut
1450 2549 1611 2617 illud
1659 2548 1997 2618 evidenter
2043 2555 2353 2634 appareat
2402 2546 2593 2613 firmo
2644 2563 2921 2613 assensu
2976 2542 3075 2609 di-

499 2670 746 2739 gnum,
807 2671 1026 2738 neque
1092 2654 1154 2722 in
1220 2655 1493 2723 dubium
1559 2657 1841 2743 amplius
1904 2654 2271 2724 revocabile
2320 2655 2569 2738 absque
2617 2650 3075 2738 imprudentiae

498 2756 807 2828 censura:
861 2761 986 2829 boc
1033 2762 1231 2830 modo
1283 2762 1443 2835 certi
1492 2782 1723 2831 sumus
1773 2763 2054 2832 existere
2106 2766 2406 2853 Romam,
2452 2760 2607 2830 licet
2646 2760 2736 2829 ibi
2782 2779 2904 2828 nos
2946 2778 3073 2827 non

495 2866 835 2936 fuerimus,

584 2970 790 3036 901·
842 2977 914 3056 Q.
965 2977 1023 3043 3.
1078 2979 1377 3058 Quoenam
1421 2976 1729 3044 evidentia
1770 2978 1913 3064 fidei
1955 2990 2187 3045 nost-ree
2230 2977 2561 3045 convenit?

585 3082 655 3147 R.
705 3080 886 3149 Fidei
938 3090 1181 3151 nostrae
1234 3103 1363 3152 non
1414 3084 1719 3153 convenit
1767 3083 2090 3154 evidentia
2142 3080 2473 3165 'veritatis5
2509 3082 2563 3151 si
2599 3080 2763 3149 fides
2813 3081 3079 3149 baberet

497 3183 665 3254 hanc
734 3187 1164 3271 evidentiam,
1227 3191 1363 3276 jam
1430 3192 1671 3259 frustra
1720 3190 2052 3259 diceretur
2135 3191 2214 3258 ab
2265 3189 2585 3276 Apostolo
2645 3199 3082 3274 argumentum

496 3312 712 3360 rerum
754 3315 881 3363 non
926 3299 1379 3384 apparentium.
1431 3298 1751 3367 Convenit
1794 3306 2015 3367 *tamen
2067 3298 2391 3367 evidentia
2441 3294 2917 3377 credibilitatis‚
2954 3311 3078 3379 qua

501 3399 575 3467 fit
639 3400 1027 3473 rationabile
1091 3404 1484 3491 obsequium
1545 3415 1877 3473 nostrum:
1926 3409 2069 3472 Non
2116 3406 2277 3472 enim
2326 3402 2593 3470 crederet
2641 3400 2946 3488 (homo),
2995 3400 3081 3468 ait

499 3509 872 3595 AngelicUS,
920 3512 1047 3579 nisi
1091 3512 1318 3580 videret
1363 3534 1434 3580 ea
1479 3535 1607 3581 esse
1652 3513 1973 3595 credenda,
2023 3513 2118 3580 vel
2157 3525 2413 3601 propter
2457 3511 2827 3578 evidentiam
2866 3510 3082 3595 siquo-

497 3638 643 3685 rum
703 3620 799 3686 vel
838 3618 1087 3708 propter
1144 3622 1385 3707 aliquid
1428 3623 1784 3709 hujusmodi
1829 3618 1882 3689 ².
1932 3621 2039 3690 Sic
2086 3620 2411 3691 evidentia
2462 3616 2917 3688 credibilitatis
2968 3634 3085 3685 co·

497 3726 878 3812 gnoscimus
915 3729 1310 3813 ‘mysterium
1361 3729 1460 3796 Ss.
1511 3729 1849 3825 Trinitatis
1912 3729 2114 3797 fuisse
2178 3728 2369 3797 nobis
2427 3745 2461 3794 a
2527 3724 3085 3801 Decrevelatum

481 3824 565 3902 'et
625 3833 707 3901 ab
767 3834 1057 3902 Ecclesia
1119 3837 1580 3922 propositum,
1638 3836 2160 3923 quinmysterii
2213 3844 2514 3904 naturam
2566 3832 3088 3920 perspiciamus.-

501 3940 681 4025 quod
733 3942 924 4011 nobis
974 3951 1364 4025 reservatur,
1417 3961 1568 4012 cum
1616 3944 1831 4012 Deum
1877 3946 2008 4013 non
2058 3943 2344 4029 amplius
2390 3940 2759 4010 videbimus
2814 3941 2889 4005 'in
2944 3958 3086 4026 spe·

497 4049 680 4153 calc,
705 4049 775 4117 in
819 4051 1185 4137 oeniqmat35
1227 4051 1333 4119 sed
1374 4054 1534 4138 facie
1579 4053 1665 4118 ad
1705 4053 1951 4138 faciem,
2002 4065 2059 4120 et
2103 4052 2298 4120 sicuti
2345 4063 2435 4119 est
2486 4045 2539 4115 ³.

590 4155 770 4225 Fidei
836 4165 1082 4227 nostrae
1139 4157 1532 4228 evidentiam
1579 4156 2038 4228 credibilitatis
2086 4174 2312 4227 revera
2361 4153 2720 4226 convenire
2749 4208 2765 4237 ,
2816 4159 3079 4239 septem

491 4264 843 4350 praecipue
867 4265 1272 4352 argumentis
1312 4266 1528 4335 solent
1562 4266 1914 4335 ostendere
1946 4264 2393 4353 Apologistae:
2429 4280 2580 4349 quae
2625 4268 2781 4330 sunt
2807 4258 3086 4329 totidem

355 4408 376 4426 .
495 4370 690 4455 quasi
748 4371 1001 4457 sigilla,
1067 4382 1140 4442 ut
1189 4373 1726 4458 aitiScaramelli,
1776 4371 2023 4460 quibus
2076 4372 2397 4442 catholica
2448 4368 2612 4439 fides
2661 4369 3090 4453 obsignatur;

564 4670 589 4712 1
622 4670 777 4725 Rom.
813 4684 884 4727 iv.
1377 4676 1402 4718 2
1432 4679 1482 4739 2,
1514 4674 1563 4738 2,
1596 4682 1648 4740 q.
1685 4678 1732 4738 ί,
1766 4687 1816 4727 a.
1850 4676 1900 4728 4.
2152 4654 2155 4657 ¹
2396 4674 2423 4715 Ι
2455 4682 2493 4735 ι,
2528 4668 2762 4724 corinth.
2794 4679 2905 4720 xm.
