3292 5167
1227 227 1304 271 oz
1351 223 1593 270 summm
1916 254 1929 261 -
2576 202 2701 267 115

182 344 234 405 et
268 334 314 402 si
356 330 494 401 illos
543 339 870 410 exerceat,
922 328 1213 415 privatur
1260 312 1568 396 omnibus
1615 325 1964 393 Beneficiis
2014 332 2079 390 et
2148 324 2223 390 fit
2272 323 2577 392 inhabilis
2624 322 2706 391 ad

189 442 278 509 alia
313 434 717 522 acquirenda.
771 436 1034 504 Lessius
1084 436 1328 521 aliique
1377 432 2176 517 docent.suspensionem
2218 431 2705 515 intelligendam

189 563 295 615 esse
336 549 578 609 tantum
631 540 849 626 quoad
900 540 1177 610 Ordines
1211 541 1497 609 scienter
1529 538 1889 607 simoniace
1924 543 2291 622 susceptOS‚
2327 554 2477 605 cum
2511 554 2704 604 nemo

186 652 370 719 debeat
409 648 623 735 puniri
674 649 818 716 sine
861 649 1094 733 culpa:
1137 656 1352 741 tame-n
1399 646 1800 715 Benedictus
1849 646 2012 725 xlv,
2051 644 2542 711 Constitutione
2588 647 2708 711 Pa-

181 772 277 824 stor
313 758 509 839 boum,
559 754 792 823 tribuit
840 755 1066 841 majori
1118 754 1622 825 Poenitentiario
1674 753 2047 819 facultatem
2123 767 2273 817 cum
2322 752 2531 848 inscio
2578 751 2710 818 dis-

185 862 447 947 pensandi
519 880 652 929 non
724 862 895 945 iden,
946 862 1123 948 quod
1174 862 1581 946 peccaverit;
1633 859 1752 928 sed
1800 858 1952 944 quia
1998 857 2336 942 illegitima
2383 858 2505 925 fuit
2564 857 2707 944 ejus

183 969 393 1038 Ordinis
433 969 792 1053 susceptio.

241 1080 300 1145 R.
341 1075 432 1143 Ad
474 1078 543 1142 2:
589 1077 874 1161 Propter
910 1075 1257 1144 simoniam
1294 1073 1514 1160 quoad
1551 1072 2038 1159 ingressum·in
2083 1071 2496 1155 Religionem
2532 1088 2709 1139 com-

178 1184 415 1251 munitas
460 1184 735 1251 incurrit
781 1182 1310 1268 suspensionem,
1360 1191 1426 1250 et
1466 1180 1920 1266 particulares,
1948 1178 2011 1246 id
2060 1197 2253 1263 agere
2300 1196 2711 1264 praesumen-

178 1300 266 1372 teS,
289 1289 1026 1358 excommunicationem
1075 1289 1396 1374 papalem.
1446 1288 1771 1375 Sedliaec
1824 1286 2255 1373 probabiliter
2301 1291 2555 1351 tantum
2604 1283 2708 1350 in-

177 1399 418 1464 curritur
461 1398 526 1464 in
577 1395 1027 1482 professione:
1077 1397 1211 1463 imo
1259 1397 1447 1463 multi
1521 1394 1748 1464 dicunt
1818 1395 1995 1461 illam
2069 1395 2131 1461 in
2205 1391 2707 1460 desuetudinem

175 1504 394 1575 abiisse.
438 1504 555 1572 Ubi
607 1502 1096 1583 advertendum,
1148 1501 1329 1587 quod
1378 1519 1607 1571 omnes
1659 1501 2019 1588 electiones
2055 1500 2435 1568 simoniacae
2472 1498 2552 1564 ad
2588 1500 2708 1566 Ge-

177 1610 512 1693 neralatum,
560 1613 1003 1691 Rectoratum‚
1032 1619 1099 1678 et
1146 1609 1490 1695 quodlibet
1538 1595 1827 1678 officium
1870 1607 2211 1694 spirituale
2247 1606 2312 1673 in
2354 1604 2706 1690 Religione,

175 1723 296 1783 sunt
341 1717 474 1799 ipso
516 1716 666 1802 jure
715 1716 922 1783 irritae
973 1719 1024 1783 ⁴.
1391 1710 1403 1735 *
1823 1750 1826 1754 ι
2510 1696 2513 1699 ’

238 1826 401 1892 154.
450 1827 524 1904 Q.
572 1829 634 1891 4.
687 1825 961 1906 Quinam
1005 1825 1317 1892 absolvere
1361 1834 1556 1910 potest
1603 1842 1643 1888 a
1684 1823 1888 1911 poem's
1934 1822 2001 1888 in
2048 1820 2421 1888 simoniacos
2467 1819 2656 1886 latis?

240 1934 301 1999 R.
344 1931 564 2013 Quoad
613 1932 1372 2000 excommunicationem
1401 1939 1489 1999 'et
1536 1930 2049 2015 suspensionem
2125 1929 2211 1997 ob
2287 1926 2707 2001 collationem

179 2036 468 2120 ordinum,
524 2039 624 2107 vel
675 2037 1184 2120 Beneficiorum,
1234 2037 1333 2106 vel
1375 2038 1461 2105 ob
1498 2036 1968 2105 admissionem
2020 2035 2085 2102 in
2132 2033 2538 2118 Religionem
2606 2031 2709 2098 in-

181 2163 389 2227 cursas»,
433 2145 621 2213 solus
671 2147 842 2230 Papa
894 2144 1116 2230 potest
1163 2144 1525 2227 absolvere,
1575 2144 1628 2212 si
1704 2144 1983 2229 publicae
2039 2142 2204 2222 sint3
2274 2141 2327 2210 si
2402 2139 2704 2220 occultae,

177 2261 415 2336 possunt
460 2252 659 2320 etiam
707 2251 1041 2337 Episcopi,
1092 2253 1187 2319 uti
1247 2251 1489 2320 docent
1540 2252 2001 2332 communiter,
2053 2268 2132 2317 ex
2181 2248 2393 2334 capite
2436 2247 2665 2314 Liceat.

250 2359 446 2440 Quoad
482 2360 989 2440 inhabilitatem,
1028 2358 1573 2443 distinguendum
1606 2367 1741 2428 est:
1774 2358 1876 2425 vel
1914 2357 2128 2443 agitur
2160 2356 2240 2424 de
2265 2351 2709 2438 dispensando

190 2466 252 2533 ad
288 2467 564 2537 habenda
614 2468 758 2550 alia,
808 2468 910 2536 vel
956 2467 1131 2534 idem
1196 2466 1619 2537 Beneficium.
1666 2504 1755 2514 --
1804 2467 1871 2534 Si
1924 2468 1982 2549 1,
2055 2472 2273 2550 potest
2341 2463 2709 2546 Episcopus

187 2592 248 2641 ex
286 2575 505 2644 eodem
553 2575 939 2644 Tridentino
988 2572 1017 2618 ²
1066 2573 1472 2659 dispensare,
1523 2573 1724 2644 modo
1774 2572 2053 2644 simonia
2096 2591 2226 2640 non
2262 2570 2346 2639 sit
2381 2567 2711 2637 confiden-

182 2680 334 2761 tialis,
376 2700 453 2749 ex
502 2683 628 2751 Pio
675 2684 757 2751 V:
807 2699 1027 2767 neque
1074 2681 1353 2749 deducta
1405 2683 1490 2749 sit
1539 2681 1617 2748 ad
1689 2681 1908 2750 forum
1978 2677 2486 2755 contentiosum,
2558 2673 2710 2758 quia

186 2794 308 2855 tunc
348 2787 604 2858 adesset
652 2788 1018 2857 notorietas
1066 2787 1370 2856 infamiae.
1417 2825 1505 2836 —
1551 2788 1617 2854 Si
1667 2790 1729 2870 2,
1778 2789 1987 2856 adhuc
2039 2785 2281 2873 poterit
2340 2784 2708 2868 Episcopus

185 2893 546 2980 dispensare,
595 2897 648 2965 si
699 2895 981 2965 simonia
1028 2896 1114 2964 sit
1160 2895 1533 2977 commissa,
1581 2895 2004 2964 beneficiario
2045 2895 2429 2979 ignorante:
2468 2896 2533 2957 et
2569 2887 2710 2973 qui-

173 2999 297 3069 dem
337 3003 396 3069 in
444 3003 551 3071 illa
601 3004 965 3085 vacatione,
1012 3005 1066 3073 si
1116 3003 1520 3075 Beneficium
1569 3003 1657 3070 sit
1704 3003 1984 3089 simplex
2034 3010 2100 3070 et
2147 3008 2339 3069 antea
2380 2995 2712 3065 renuntie-

184 3115 263 3174 tur
301 3107 358 3190 ³3
402 3109 468 3178 in
501 3111 624 3178 alia
657 3129 814 3180 vero
864 3112 1217 3193 vacatione,
1263 3113 1315 3180 si
1365 3112 1771 3180 Beneficium
1806 3108 2326 3179 ecclesiasticum
2360 3105 2445 3174 sit
2478 3103 2707 3189 maJuS,

184 3224 451 3297 curatum,
506 3217 606 3284 vel
658 3204 939 3302 dignitas
988 3214 1038 3285 ⁴.
1312 3281 1316 3285 ,

245 3327 405 3389 155.
455 3325 526 3404 Q.
575 3326 636 3390 5.
684 3327 786 3391 An
829 3325 1163 3391 simoniace
1201 3337 1490 3411 percepta
1531 3326 1660 3392 sint
1703 3321 2080 3392 restituenda
2101 3328 2132 3389 ?

247 3429 304 3494 R.
345 3430 735 3499 Affirmative
769 3431 1128 3516 generatim
1167 3431 1534 3518 loquendo:
1577 3430 1937 3499 simoniace
1991 3435 2260 3515 accepta
2305 3420 2710 3494 restituenda

185 3542 331 3615 sunu
371 3553 518 3605 cum
565 3538 784 3606 omnis
836 3545 1217 3629 contractus
1267 3538 1673 3606 simoniacus
1723 3537 1807 3604 sit
1855 3544 2087 3622 suapte
2156 3543 2387 3618 natura
2460 3529 2701 3598 nullus.

186 3639 328 3708 Unde
368 3660 512 3710 cum
562 3644 898 3712 communi
947 3644 1380 3712 resolvimus:

322 3752 666 3819 l.Pretium
697 3750 1032 3837 temporale
1066 3762 1380 3839 acceptum
1414 3767 1533 3835 pro
1572 3750 1937 3819 simoniaca
1974 3748 2330 3818 collatione
2371 3747 2707 3825 ordinum,

189 3853 732 3925 ecclesiasticorum
777 3857 1283 3939 Beneficiorum,
1335 3865 1451 3924 aut
1501 3858 2079 3925 Sacramentorum
2115 3855 2194 3940 (si
2233 3854 2499 3922 excedit
2531 3850 2709 3937 quod

194 3962 381 4039 poterit
423 3980 457 4029 a
503 3964 808 4031 ministro
850 3965 1027 4048 exigi
1079 3982 1198 4050 pro
1249 3980 1367 4031 sua
1415 3965 1919 4045 sustentatione,
1968 3961 2304 4048 loquendo
2357 3959 2435 4026 de
2476 3961 2707 4024 Sacra-

193 4069 421 4155 mcutis),
463 4073 642 4138 Jurae
695 4077 962 4139 naturae.
996 4070 1476 4139 restituendum
1526 4080 1627 4140 est
1676 4071 1875 4152 danti,
1926 4070 2036 4156 qui
2086 4077 2186 4136 est
2234 4059 2454 4132 adbuc
2494 4064 2706 4131 domi-

196 4190 281 4242 nus
331 4179 512 4262 pretii
564 4178 928 4247 simoniace
977 4179 1198 4260 soluti,
1268 4197 1413 4247 cum
1464 4177 1720 4246 dederit
1770 4198 1849 4246 ex
1897 4177 2088 4245 titulo
2159 4174 2343 4241 falso.
2394 4175 2533 4240 Hoc
2612 4180 2707 4238 ta-

194 4296 300 4348 men
341 4286 624 4370 intellige
673 4292 824 4352 ante
873 4284 1290 4352 traditionem
1340 4285 1429 4352 rei
1483 4284 1844 4370 spiritualis
1863 4309 1882 4365 ;
1932 4300 2079 4350 nam
2129 4281 2179 4347 si
2226 4280 2359 4383 jam
2409 4297 2512 4347 res
2563 4280 2699 4364 spi*-

193 4388 388 4459 ritualis
434 4392 672 4460 tradita
719 4392 827 4472 sit,
877 4399 1031 4459 tunc
1072 4391 1259 4477 juxta
1307 4390 1471 4458 alios
1523 4391 1808 4475 pretium
1857 4388 2069 4455 adhuc
2120 4385 2522 4454 reddendum
2602 4392 2702 4452 est

234 4591 247 4629 ¹
275 4594 465 4646 Exti-ao.
497 4608 514 4647 ι
548 4597 611 4647 de
643 4597 762 4668 qim.
1602 4592 1627 4630 ²
1661 4592 1796 4641 Sess.
1836 4603 1982 4650 xxw,
2013 4604 2054 4640 c.
2089 4594 2118 4641 6
2153 4591 2212 4639 da
2248 4592 2304 4641 fl.

233 4655 319 4707 ⁸0.
348 4670 487 4709 xxvii
519 4660 580 4709 de
611 4671 732 4708 sim.
1602 4653 1624 4694 ⁴
1659 4657 1715 4704 u.
1753 4657 1948 4715 penult.
1983 4656 2041 4704 de
2072 4656 2213 4706 elect.
