3292 5167
1198 278 1276 324 ns
1322 278 1811 327 Puznscnirrronn
2663 262 2804 329 265

316 385 494 451 8²5.
525 385 594 450 R.
644 385 717 449 2:
772 383 963 466 Quod
995 384 1282 470 pertinet
1319 384 1401 450 ad
1434 384 1975 469 praescriptiones
2004 387 2441 472 particulares,
2477 386 2623 455 istae
2661 405 2800 455 non

240 507 354 556 uno
399 497 687 575 tempore
736 491 1205 578 perficiuntur3
1252 492 1372 559 sed
1419 492 1599 559 ratio
1651 507 2087 576 personarum
2129 493 2431 561 habenda
2493 500 2617 562 est.

312 597 522 682 Spatio
569 617 685 666 sex
729 599 1054 668 mensium
1107 599 1639 685 praescribuntur
1685 598 1980 668 actiones
2012 619 2364 686 cauponum
2403 611 2543 670 tum
2576 600 2797 687 quoad

236 705 470 787 cibaria,
519 714 658 774 tum
706 707 904 775 etiam
954 707 1177 793 quoad
1225 707 1521 793 praestita
1570 707 1652 774 ab
1681 705 1864 796 ,ipsis
1920 706 2226 792 hospitia.

310 812 519 897 Spatio
590 815 787 883 unius
858 815 1008 882 anni
1082 814 1620 900 praescribuntur
1689 815 2018 882 actiones:
2072 814 2138 900 1)
2186 820 2635 902 maqistrornm
2683 823 2798 883 aut

240 937 457 1002 eorum,
505 921 619 1006 qui
669 922 767 990 vel
818 922 1152 1003 scientias,
1204 922 1299 989 vei
1353 928 1529 989 artes
1582 920 1898 1003 edocent,
1949 939 2069 1007 pro
2118 939 2350 989 eorum
2399 922 2795 991 lectionibus

240 1025 303 1093 ad
341 1025 470 1094 dies
518 1027 617 1095 vel
666 1026 747 1094 ad
795 1046 1092 1110 menses;
1140 1030 1210 1113 2)
1249 1030 1620 1113 janitorum·
1652 1028 1877 1113 (vulgo
1946 1029 2205 1113 uscien’)
2234 1082 2249 1110 ,
2302 1045 2422 1115 pro
2491 1028 2799 1098 mercede

240 1133 372 1219 ipsis
414 1133 631 1204 debita
681 1136 901 1222 quoad
947 1143 1133 1204 actus
1182 1138 1264 1204 ab
1317 1136 1481 1221 ipsis
1531 1137 1930 1218 notificatOS,
1965 1144 2031 1205 et
2065 1155 2138 1205 ea
2175 1154 2323 1222 quae
2376 1144 2799 1221 exequuntur

240 1241 538 1324 mandata3
588 1243 659 1328 3)
690 1257 1105 1311 mercatorum
1139 1261 1260 1331 pro
1299 1244 1635 1313 mercibus
1678 1261 1841 1330 quas
1875 1243 2310 1312 vendiderunt
2350 1244 2626 1331 privatis
2661 1261 2796 1313 non

238 1350 677 1419 mercatoribus
720 1358 784 1432 ¹3
834 1353 903 1437 4)
951 1369 1205 1435 eorum,
1240 1353 1351 1437 qui
1386 1353 1788 1422 contubernia
1821 1352 2085 1433 habent,
2119 1371 2239 1437 pro
2279 1352 2600 1437 pensione
2633 1351 2796 1437 ipsis

234 1455 421 1524 debita
472 1459 557 1527 ob
605 1460 914 1527 alimenta
962 1460 1061 1527 vel
1111 1459 1622 1527 instructionem
1692 1459 2111 1530 alumnorum
2181 1466 2291 1526 aut
2362 1458 2795 1541 discentium;

232 1565 294 1644 5)
334 1584 659 1647 servorum,
707 1568 1240 1633 mercenariorum
1288 1574 1352 1632 et
1400 1567 1685 1652 opificum
1722 1584 1841 1652 pro
1879 1566 2184 1634 mercede
2218 1566 2378 1652 ipsis
2413 1566 2650 1648 debita,
2685 1572 2798 1633 aut

240 1685 336 1752 pro
379 1677 584 1755 pretio
634 1674 927 1740 materiae
978 1673 1058 1741 ab
1106 1672 1189 1740 iis
1242 1671 1683 1758 suppeditatas
1735 1679 1848 1739 aut
1897 1691 2037 1759 pro
2071 1671 2275 1756 pactis
2342 1671 2616 1740 salariis.

306 1778 496 1863 spatio
566 1780 800 1847 biennii
869 1779 1326 1865 praescribitur
1393 1779 1564 1847 actio
1637 1779 2052 1866 proprietarii
2101 1780 2201 1848 vel
2250 1780 2659 1866 possessoris
2715 1776 2797 1845 ad

240 1883 649 1954 vindicandam
721 1907 862 1957 rem
932 1887 1247 1956 mobilem
1316 1889 1700 1973 subreptam
1751 1888 1849 1955 vei
1900 1888 2236 1959 amissam.
2283 1891 2449 1956 Item
2485 1887 2795 1975 janitores

241 2000 361 2073 post
403 1993 738 2061 biennium
787 1997 868 2065 ab
909 2004 1175 2063 actuum
1225 1994 1570 2062 tribunalis
1621 1994 2126 2079 consignatione
2176 2012 2308 2062 non
2357 1994 2639 2079 amplius
2692 2001 2791 2061 te-

242 2107 446 2168 nentur
474 2100 569 2169 -de
617 2103 747 2170 iliis
797 2103 1117 2171 rationem
1167 2101 1461 2170 reddere.

311 2206 515 2292 Spatio
567 2209 831 2277 triennii
880 2210 1408 2295 praescribuntur
1455 2208 1781 2277 actiones:
1819 2211 1884 2292 1)
1923 2209 2388 2293 mayistrorum,
2425 2206 2641 2293 quoad
2674 2223 2791 2274 eos

240 2322 301 2382 ut
334 2335 538 2402 supra,
588 2318 699 2403 qui
752 2323 972 2386 tamen
1022 2317 1355 2404 stipendio
1400 2317 1711 2385 conducti
1755 2321 1910 2383 sunt
1943 2316 2355 2401 adtempus,
2395 2314 2574 2400 quod
2620 2314 2793 2381 ultra

241 2442 492 2493 mensem
541 2424 900 2511 perdurare
949 2425 1184 2493 debeat
1196 2450 1215 2507 ;
1262 2426 1332 2510 2)
1380 2424 1780 2505 medicorum,
1820 2422 2262 2508 chiruryorum
2309 2432 2374 2490 et
2414 2423 2795 2509 pharmaco-

232 2533 488 2617 potarum
559 2552 678 2618 pro
752 2531 1095 2601 medicinis
1167 2532 1642 2618 suppeditatis,
1715 2546 1833 2616 pro
1899 2547 2053 2598 cura
2116 2537 2182 2597 et
2252 2529 2789 2616 operationibus;

239 2639 294 2724 3)
332 2641 759 2708 advocatorum
808 2648 873 2708 et
913 2653 1397 2728 procuratorum
1444 2657 1477 2705 a
1527 2638 1633 2707 die
1701 2638 2068 2707 terminatae
2144 2638 2277 2706 litis
2337 2637 2436 2705 vel
2501 2635 2789 2704 revocati

240 2749 543 2832 patrocinii
599 2748 696 2817 vel
747 2754 911 2816 actae
962 2746 1511 2834 compositionis,
1565 2765 1684 2832 pro
1735 2746 2046 2832 expensis
2095 2752 2160 2814 et
2215 2743 2587 2812 honorariis
2633 2760 2785 2829 quae

236 2853 368 2937 ipsis
412 2861 632 2923 essent
682 2852 1134 2941 persolvenda.
1182 2853 1498 2939 Riyuardo
1545 2854 1678 2938 aqti
1708 2854 1900 2940 affari
1929 2872 2054 2919 non
2090 2852 2431 2931 terminati,
2467 2848 2645 2917 addit
2685 2851 2789 2917 lex

230 2960 355 3042 (art.
399 2963 621 3048 2140),
671 2961 792 3027 essi
836 2980 963 3028 non
1001 2979 1269 3047 possono
1316 2960 1700 3026 demandare
1730 2960 1795 3025 di
1826 2978 2021 3026 essere
2051 2958 2402 3043 suddissatti
2433 2957 2585 3023 delle
2622 2977 2792 3044 spese

228 3087 258 3129 c
291 3066 435 3153 deyti
475 3068 734 3135 onerari
781 3067 845 3133 di
890 3067 994 3133 cui
1036 3067 1270 3152 fossero
1315 3066 1608 3132 creditori
1680 3066 1764 3130 da
1829 3077 2029 3151 tempo
2088 3066 2409 3150 maqyiore
2463 3064 2527 3129 di
2571 3065 2789 3150 cinqwc

232 3176 390 3252 σαπῇ
451 3177 518 3261 4)
560 3176 862 3248 actiones
909 3175 1301 3241 notariorum
1351 3190 1468 3258 pro
1519 3173 1829 3259 expensis
1876 3182 1942 3241 et
1993 3173 2409 3255 honorariis3
2458 3173 2525 3258 5)
2576 3173 2783 3241 actio-

238 3298 331 3348 nes
372 3289 591 3349 contra
630 3283 993 3348 architectos
1078 3301 1430 3362 mensores,
1480 3281 1881 3348 calcolatores
1930 3297 2049 3366 pro
2097 3297 2329 3349 eorum
2363 3281 2783 3363 ‘honorariis;

234 3397 669 3474 computantur
716 3388 879 3466 anni,
916 3389 999 3457 ab
1049 3388 1273 3474 operis
1321 3388 1820 3474 complemento
1845 3382 1896 3455 ².

312 3497 517 3583 Spatio
567 3497 864 3584 quinque
908 3514 1231 3564 annorum
1280 3495 1833 3582 praescribuntur:
1885 3496 1951 3582 1)
1999 3495 2293 3565 actiones
2363 3502 2589 3564 contra
2636 3515 2785 3562 can-

234 3602 498 3688 cellarios,
544 3605 894 3686 advocatos‚
934 3615 1376 3690 procuratores
1411 3602 1490 3671 ad
1525 3603 1674 3671 lites
1714 3611 1779 3671 et
1812 3602 1971 3670 alios
1995 3605 2460 3690 patrocinantes
2491 3602 2577 3671 ob
2611 3620 2780 3671 onus

233 3847 508 3904 deti'Ufficio
538 3851 674 3906 dene
704 3853 964 3918 ipoteche,
999 3853 1082 3904 nei
1116 3853 1458 3905 circundario
1490 3854 1571 3905 dei
1605 3852 1764 3916 quale
1796 3853 1825 3905 e
1856 3852 2052 3904 situato
2074 3851 2394 3903 I‘immobiie
2422 3846 2780 3909 contemplato

232 3911 450 3975 efflato,
483 3927 516 3965 o
547 3917 593 3967 st
627 3918 657 3968 e
691 3919 874 3979 aperta
905 3917 959 3966 la
990 3918 1329 3967 successione
1378 3914 1660 3968 ereditur-ia
1696 3917 1825 3976 (art.
1856 3917 1974 3977 935,
2009 3917 2170 3977 1938).
2199 3935 2219 3959 »
2259 3913 2527 3966 Garabottt.
2562 3912 2692 3962 Vide
2725 3910 2782 3962 it.

232 3973 319 4025 La
343 3980 637 4030 travuitoria
667 3980 732 4031 30
764 3989 888 4028 nov.
916 3979 1064 4037 1865,
1101 3985 1194 4029 art
1232 3980 1294 4028 33
1327 3981 1424 4030 etc.

283 4036 301 4077 ¹
332 4059 348 4082 ·
381 4040 572 4100 Questo
605 4052 713 4092 non
749 4040 818 4090 ba
848 4042 1010 4100 luogo
1040 4043 1229 4091 contro
1259 4042 1275 4090 i
1312 4038 1597 4101 possidenti
1631 4040 1730 4092 cbe
1762 4038 2013 4091 vendono
2050 4037 2256 4089 derrate
2277 4034 2612 4109 provenienti
2636 4032 2777 4085 daile

234 4094 322 4149 loro
350 4103 490 4163 terre,
523 4115 674 4155 come
705 4101 741 4153 it
778 4103 892 4153 loro
926 4100 1211 4162 frumento,
1249 4104 1369 4153 vino
1404 4115 1435 4152 o
1469 4103 1650 4165 tegam
1688 4102 1881 4166 perche
1913 4101 1949 4152 il
1982 4100 2175 4153 Codice
2223 4110 2332 4149 non
2381 4110 2433 4148 vi
2483 4097 2780 4160 assoggetta

232 4162 311 4212 ebe
337 4162 351 4213 i
384 4165 684 4217 mercatanti
717 4177 751 4215 o
783 4163 1029 4226 boue-gai.
1063 4164 1330 4224 Riguardo
1363 4175 1394 4216 a
1426 4164 1510 4215 cio
1543 4165 1723 4217 devesi
1747 4163 2086 4215 considerare
2108 4159 2430 4226 possidente,
2455 4172 2484 4233 e
2511 4171 2620 4210 non
2645 4169 2775 4210 mer·

238 4226 359 4276 naute
386 4229 552 4290 quella
584 4238 832 4291 persona,
865 4227 918 4277 ia
949 4230 1107 4291 quate
1138 4238 1247 4278 non
1280 4227 1330 4277 ta
1355 4230 1696 4288 commercio,
1720 4237 1870 4277 come
1887 4223 2109 4276 sarebbe
2130 4236 2189 4275 se
2212 4234 2320 4274 uno
2343 4222 2571 4286 speziale
2593 4232 2780 4274 avesse

234 4286 431 4340 vadato
460 4291 495 4341 il
526 4290 655 4340 vino
688 4288 826 4340 detta
856 4299 956 4340 sua
986 4289 1162 4350 vigne.
1203 4309 1221 4332 ι
1258 4290 1495 4340 Ferrero.
2335 4321 2342 4338 .

282 4346 305 4388 ¹
329 4350 647 4426 prescriptio
680 4363 776 4415 pro
806 4350 1060 4424 omnibus
1091 4352 1365 4415 nucusque
1396 4351 1674 4425 recensitis
1704 4350 1882 4424 locum
1915 4347 2076 4400 babet
2100 4346 2329 4407 etiamsi,
2348 4357 2411 4420 ea
2433 4343 2782 4420 perdurante,

226 4414 680 4529 wssffitssisst
710 4413 1676 4539 tincaetatatt‘attttscttt
1693 4409 2784 4537 ixttt‘ttwtttsstzz’t?mittet

229 4531 529 4606 cautione,
562 4541 625 4591 2⁹
656 4539 751 4590 ott.
782 4539 920 4589 1810.
951 4563 1019 4576 -
1048 4537 1215 4589 Addit·
1236 4538 1421 4589 Codex
1455 4540 1552 4590 art.
1589 4539 1737 4590 5¹41:
1775 4537 1892 4588 Non
1925 4538 1953 4588 e
1984 4538 2279 4594 interi-otta,
2313 4546 2365 4584 se
2412 4545 2515 4583 non
2570 4532 2786 4595 quando

231 4605 277 4644 οι
298 4598 321 4646 ὲ
344 4605 464 4651 stato
496 4612 563 4652 nn
595 4601 1010 4651 riconoocimento
1042 4603 1122 4651 del
1152 4602 1314 4652 debito
1340 4615 1437 4664 per
1468 4602 1683 4659 iser-itte,
1718 4612 1749 4649 ο
1785 4611 1890 4651 una
1915 4599 2176 4650 domanda
2220 4597 2494 4661 yiudiziale
2546 4605 2646 4644 non
2690 4606 2790 4656 pe-

236 4663 359 4730 Μρο
385 4663 451 4717 ita
481 4664 795 4725 perennione
825 4664 855 4714 e
888 4675 1000 4715 nna
1031 4664 1205 4727 specie
1237 4664 1288 4713 di
1327 4663 1681 4725 prescrtzione
1714 4660 1812 4713 ebe
1843 4662 2063 4713 annulle
2118 4660 2165 4712 ie
2198 4669 2509 4724 processui-e
2540 4656 2675 4719 degli
2708 4654 2782 4705 at·

234 4716 317 4771 tan
342 4725 486 4787 civiti,
517 4723 738 4790 quando
768 4724 820 4777 vi
851 4726 880 4776 e
909 4727 1048 4778 stata
1080 4728 1433 4779 interruzione
1466 4725 1514 4776 d’
1533 4725 1739 4778 istanza
1768 4736 1866 4790 per
1896 4723 2022 4776 anni
2057 4725 2169 4786 tue).
2193 4744 2210 4766 ι
2251 4723 2491 4773 Ferret-o.
