3292 5167
529 221 616 288 92
778 266 784 275 ·
1261 240 1376 286 tte.
1424 242 1487 287 η.
1537 242 1747 287 τιιΑοτ.
1796 244 1850 287 v.
1899 244 2049 289 mse.
2100 242 2162 290 ιι.
2211 245 2341 291 cae.
2391 246 2431 290 1.

529 352 801 408 utantur
834 345 917 408 ad
953 343 1110 407 tales
1150 344 1404 424 effectus
1431 361 1556 408 non
1584 345 1915 407 naturales
1947 336 2440 427 producendos),
2475 346 2895 427 congregatio
2916 347 2975 410 S.
3023 345 3127 412 ot-

529 425 658 488 flcii
703 428 742 489 4
785 443 925 505 aug.
975 423 1130 487 1856
1188 427 1659 504 quammaxime
1702 426 2008 488 excitavit
2049 428 2507 507 Episcoporum
2574 428 3123 505 sollicitudinem3

528 516 592 569 et
635 507 739 569 die
782 507 861 570 20
905 521 1039 584 apr.
1104 506 1260 568 1864
1302 509 1537 585 scripta
1604 508 1819 568 omnia
1870 507 1987 570 hac
2031 507 2110 570 de
2176 525 2244 571 re
2296 511 2675 588 gravissime
2736 510 3121 588 presumpsit

527 596 716 667 atque
761 586 1135 665 proscribit:
1184 603 1324 666 quae
1372 596 1582 649 tamen
1628 587 1762 665 jam
1811 588 2128 651 habentur
2176 593 2511 668 reprobata
2579 607 2609 652 a
2659 590 2880 668 regula
2946 606 3117 652 nona

525 665 780 744 Indicis,
821 684 964 747 quae
1005 676 1267 730 cunctos
1312 665 1509 729 libros
1565 667 1644 730 de
1690 670 2151 746 superstitione
2202 676 2552 735 tractantes
2598 671 2875 734 damnat.

605 747 794 810 125.
840 748 906 821 Q.
951 748 1007 811 3.
1053 747 1216 823 Quid
1244 747 1315 810 de
1350 749 1485 810 illis
1516 749 1625 828 qui
1651 746 1904 813 tabutas
1938 756 2216 813 rotantes
2249 753 2648 832 interroqant
2674 752 3116 831 experimenti,

530 828 625 890 vel
665 831 856 892 etiam
886 830 1024 907 joci
1066 835 1315 892 tantum
1347 830 1616 910 qratia?

605 916 669 973 R.
715 907 1013 972 Graviter
1074 911 1176 972 isti
1233 909 1629 989 increpandi,
1661 917 1726 972 et
1763 909 2164 973 absolutione
2198 910 2446 990 indigni
2489 911 2844 985 [labentum
2871 912 3120 975 etenim

523 1006 651 1050 non
699 991 851 1053 'licet
901 993 962 1053 in
1010 1009 1078 1054 re
1122 990 1460 1053 evidenter
1506 990 1668 1051 mala
1716 993 2231 1068 experimentum
2283 1000 2556 1065 tentare,
2608 1008 2724 1053 nec
2770 992 2849 1053 de
2894 1008 2966 1054 ea
3016 1008 3117 1054 re·

522 1073 764 1133 creari:
813 1074 935 1133 huc
980 1081 1221 1151 spectat
1267 1071 1426 1135 illud
1473 1070 2038 1151 praeclarissimum
2085 1090 2131 1134 s.
2180 1071 2348 1133 Petri
2396 1071 2806 1151 chrysologi:
2861 1074 2974 1150 qui
3005 1074 3118 1149 jo·

520 1165 668 1212 care
708 1153 978 1215 voluerit
1017 1170 1156 1214 cnm
1189 1151 1458 1228 diabole,
1499 1168 1622 1214 non
1654 1152 1889 1230 poterit
1920 1153 2195 1232 paudere
2240 1156 2378 1213 cu'm
2443 1152 2693 1215 Christo
2740 1153 2790 1214 ¹.
2833 1152 3119 1232 Quisque

521 1245 674 1292 sane
723 1233 1002 1311 prudens
1043 1250 1115 1296 ac
1150 1236 1359 1294 sciens
1395 1232 1585 1295 hodie
1617 1234 1918 1310 ignorare
1951 1237 2191 1311 nequit,
2212 1250 2549 1299 sermones
2591 1250 2730 1296 cum
2768 1234 3119 1313 spiritibus

521 1315 811 1376 miscere.
858 1314 1147 1392 dialogos
1194 1329 1336 1375 cum
1376 1313 1509 1375 illis
1557 1314 1918 1387 instituere,
1963 1314 2041 1374 de
2088 1313 2321 1376 abditis
2367 1330 2474 1375 eos
2524 1314 2925 1392 interrogare
2971 1329 3118 1377 esse

520 1404 661 1452 cum
704 1395 994 1456 daemone
1031 1396 1401 1457 societatem
1436 1393 1641 1456 inire:
1675 1394 1790 1454 hac
1825 1410 2012 1473 porro
2052 1411 2241 1456 nemo
2275 1404 2484 1473 potest
2527 1397 2668 1457 sine
2704 1396 2884 1474 gravi
2922 1395 3117 1473 culpa

562 1472 808 1548 rebare,
851 1474 1066 1536 rovere
1109 1491 1182 1535 ac
1225 1477 1568 1555 praesentia
1612 1491 1725 1536 sua
1772 1476 2219 1550 cohonestare3
2262 1490 2663 1554 quocumque
2708 1475 2937 1538 obtutu
2984 1477 3109 1539 uti·

547 1554 715 1616 itatis
761 1557 1035 1634 propriae
1079 1561 1193 1617 aut
1236 1555 1486 1630 alienae,
1529 1557 1647 1616 etsi
1699 1555 1830 1618 sola
1878 1559 2249 1617 curiositate
2306 1572 2377 1616 ac
2424 1572 2568 1632 Joco
2617 1555 2676 1616 id
2714 1559 2841 1631 liat,
2866 1565 2930 1617 et
2953 1559 3115 1635 quin

517 1632 643 1695 ulla
693 1635 849 1697 fides
895 1637 1068 1697 hisce
1114 1636 1304 1698 rebus
1348 1635 1749 1709 adhibeatur.

596 1713 725 1776 lmo
770 1719 836 1778 in
884 1717 1205 1794 praesenti,
1248 1732 1371 1796 quo
1408 1725 1497 1778 tot
1527 1717 1954 1778 tentaminum
1990 1715 2170 1777 furor
2205 1724 2421 1794 totque
2464 1713 2722 1786 abusus,
2762 1714 2862 1778 vel
2901 1718 3115 1795 ipsum

521 1795 722 1857 solum
767 1796 1124 1859 tabularum
1169 1808 1409 1859 motum
1453 1799 1760 1874 expertri,
1809 1800 1981 1856 omni
2031 1806 2224 1858 etiam
2274 1796 2794 1874 interrogatione
2839 1797 3113 1874 rejecta,

517 1875 701 1937 valde
732 1878 1158 1955 periculosum
1191 1878 1462 1940 dicimus
1498 1878 1645 1955 (etsi
1683 1893 1805 1938 non
1839 1876 2186 1938 audeamus
2230 1875 2308 1938 de
2349 1876 2605 1938 mortali
2653 1876 2963 1939 damnare
3004 1878 3117 1957 qui

507 1970 592 2019 ex
635 1958 907 2036 quadam
950 1960 1146 2020 animi
1197 1957 1455 2020 levitate
1484 1967 1594 2022 aut
1623 1959 1994 2019 curiositate
2033 1955 2424 2036 jocandique
2462 1973 2646 2020 causa
2701 1958 2946 2018 mensis
2979 1973 3112 2019 ma·

515 2055 638 2101 nus
680 2048 1031 2119 apponunt,
1077 2053 1145 2101 ut
1191 2041 1251 2100 in
1297 2054 1524 2118 gyrum
1572 2049 1890 2101 moveant.
1940 2048 2048 2099 aut
2093 2037 2410 2116 ejusmodi
2460 2039 2908 2116 experimento
2954 2039 3117 2099 assi·

517 2123 758 2199 stunt);
807 2132 935 2182 tum
980 2121 1126 2200 quia
1173 2121 1295 2182 viri
1341 2121 1426 2199 pii
1475 2119 1670 2180 hodie
1704 2135 1825 2180 non
1863 2119 2017 2179 satis
2049 2119 2453 2197 exploratum
2488 2118 2728 2180 liabent
2774 2122 2837 2178 in
2874 2117 3117 2181 talibus

519 2202 945 2263 rotationibus
989 2201 1452 2280 phaenomenon
1499 2216 1678 2262 mere
1724 2200 2055 2278 physicum
2116 2204 2328 2261 inesse
2374 2197 2444 2272 ²;
2493 2209 2627 2262 tum
2693 2200 2841 2276 quia
2886 2196 2966 2259 de
3014 2199 3114 2259 in·

520 2281 842 2344 differenti
892 2280 966 2345 ad
1016 2281 1405 2360 prohibitum
1438 2283 1504 2342 in
1555 2281 1672 2341 hac
1704 2279 1853 2342 facti
1901 2280 2115 2357 specie
2181 2278 2531 2342 facillimus
2578 2286 2676 2340 est
2708 2295 3117 2357 progr-essm,

498 2378 661 2424 ·cum
706 2363 1045 2438 admodum
1092 2361 1347 2424 difficile
1392 2362 1475 2422 sit
1537 2363 1870 2422 continere
1930 2362 2201 2435 animos,
2247 2358 2446 2422 semel
2493 2360 2589 2421 rei
2639 2360 2925 2420 novitate
2972 2358 3117 2421 ille—

498 2451 671 2519 -ctoS,
742 2444 852 2505 ne'
891 2459 1130 2521 majora
1205 2451 1488 2516 tentent3
1556 2445 1834 2503 maxime
1884 2441 1986 2501 nbi
2033 2438 2252 2519 plures
2297 2452 2466 2515 sunt,
2511 2441 2619 2520 qui
2666 2441 3116 2517 experimenta

505 2531 802 2600 -tentent3
848 2543 1012 2587 unus
1057 2525 1226 2586 enim
1292 2523 1486 2585 altum
1533 2522 1821 2583 incendit
1885 2531 1948 2581 et
1977 2522 2193 2582 vincit.
2241 2521 2369 2586 Hac
2415 2520 2493 2582 de
2542 2537 2610 2582 re
2642 2520 3119 2599 quammaxime

509 2607 862 2687 ¹invigilent
924 2606 1453 2668 communitatum
1512 2606 1897 2681 superioreS,
1962 2617 2042 2661 ne
2092 2601 2238 2663 talis
2300 2603 2597 2679 contagio
2662 2600 3120 2679 quoquomodo

504 2700 728 2766 :serpat
775 2692 945 2755 inter
990 2705 1134 2754 suos
1178 2686 1504 2759 alumnos3
1551 2700 1631 2747 ne
1697 2683 1895 2745 ullum
1945 2685 2275 2760 permittat
2341 2686 2878 2760 experimentum,
2941 2681 3119 2760 quod

514 2767 771 2857 quidem
818 2791 958 2836 esse
1004 2772 1226 2850 nequit
1268 2771 1408 2831 sine
1452 2767 1630 2845 gravi
1677 2763 2079 2826 educationis
2125 2773 2188 2825 et
2232 2764 2593 2825 animarum
2637 2763 2951 2841 pernicie.

598 2857 752 2918 Item
801 2872 924 2916 non
975 2852 1265 2914 videmus
1307 2845 1623 2928 quomodo
1661 2844 2081 2907 ecclesiastici
2130 2859 2210 2904 ex
2254 2844 2628 2906 curiositate
2677 2841 2737 2902 id
2787 2851 3121 2903 tentantes

517 2952 626 3001 aut
673 2939 847 2998 hisce
892 2932 1354 3013 experimentis
1403 2924 1993 2995 interressenttbuS‚
2042 2925 2293 3003 possint
2335 2940 2477 2985 esse
2525 2924 2641 2984 tuti
2685 2923 2750 2982 in
2786 2922 3121 2984 conscien-

520 3021 642 3090 tia;
686 3028 818 3079 tum
867 3018 1014 3094 quia
1060 3013 1153 3074 illi
1203 3028 1327 3073 non
1378 3009 1668 3071 laborant
1700 3006 2065 3085 ignorantia
2100 3003 2199 3065 vel
2247 3003 2410 3066 bona
2462 3002 2585 3064 fide
2634 2999 2799 3063 nihil
2835 3003 2987 3064 mali
3020 3020 3122 3065 su·

519 3101 875 3178 spicantes;
922 3105 1051 3158 tum
1096 3094 1241 3172 quia
1304 3091 1419 3169 ipsi
1468 3089 1692 3165 majori
1762 3103 1912 3149 cura
1959 3087 2113 3146 eniti
2164 3084 2422 3157 debent,
2467 3094 2536 3145 ut
2606 3098 2731 3145 non
2780 3089 3033 3145 tantum
3084 3099 3123 3145 a

521 3178 708 3254 malo,
757 3177 867 3239 sed
914 3176 992 3238 ab
1037 3175 1209 3236 omni
1256 3173 1467 3250 specie
1512 3169 1662 3231 malt
1706 3184 1773 3230 se
1817 3166 2203 3240 abstineant,
2250 3165 2312 3225 id
2373 3171 2472 3225 est
2508 3163 2586 3225 ab
2632 3180 2727 3239 eo,
2764 3163 2943 3240 quod
2991 3166 3119 3225 etsi

524 3262 589 3322 in
634 3275 701 3321 se
748 3258 1159 3329 indifferenS,
1203 3262 1409 3315 tamen
1444 3267 1523 3311 ex
1554 3265 1788 3324 retum,
1826 3261 2247 3326 personarum
2290 3256 2355 3308 et
2391 3252 2750 3323 temporum
2787 3242 3122 3322 adjunctis

521 3339 620 3402 vel
673 3357 705 3401 a
752 3338 1049 3400 fidelibus
1095 3335 1260 3397 male
1304 3332 1593 3395 auditur:
1645 3329 1744 3392 vel
1789 3330 1944 3409 ipsis
2003 3327 2486 3388 incitamentum
2548 3332 2758 3404 potest
2824 3325 3123 3401 praebere

521 3421 600 3485 ad
645 3418 877 3482 similia
926 3416 1274 3497 periculosa
1322 3411 1621 3475 tentanda
1668 3410 1717 3471 ³.
2265 3488 2274 3497 ι

603 3502 805 3565 Nora:
853 3499 938 3560 De
985 3497 1337 3585 Spiritismo
1383 3493 1654 3573 plurima
1699 3489 2166 3568 disputabimus
2212 3486 2341 3547 Lib.
2390 3502 2473 3560 w,
2504 3484 2781 3563 Append.
2819 3498 3006 3545 xxxv,

588 3872 610 3913 ι
645 3873 806 3935 Gur-y,
843 3866 1114 3929 compend.
1153 3865 1322 3915 Theoi.
1357 3862 1587 3913 Horatia.
1621 3886 1685 3898 -
1717 3858 1903 3917 Bouix‚
1940 3859 2100 3930 Revue
2131 3855 2218 3907 des
2247 3854 2923 3930 scierim-eeclesiastiqueu
2952 3865 3039 3904 an.
3075 3858 3127 3917 1,

528 3938 562 3988 t.
605 3948 640 3985 t.
683 3960 746 3971 —
797 3929 1135 3988 De-Mirvine,
1172 3929 1263 3977 Des
1304 3927 1512 3986 aspi-its,
1560 3928 1606 3974 et
1637 3924 1697 3973 de
1741 3924 1880 3973 leurs
1946 3919 2355 3983 manifestatione
2398 3918 2681 3980 nutatques,
2718 3918 2817 3968 etc.
2874 3941 2939 3953 —
2986 3917 3135 3970 Mou-

527 4010 714 4057 seuux,
755 3998 826 4046 La
859 3995 1021 4053 macie
1053 4004 1123 4041 au
1156 3991 1279 4041 XIX
1307 3989 1472 4038 siecle.
2630 4041 2639 4050 ·
2789 4041 2798 4049 ⁹
2990 4043 3000 4054 ·

589 4061 614 4100 9
655 4080 672 4101 ·
710 4060 804 4109 Fin
837 4055 906 4106 da
939 4056 1096 4116 tempi
1130 4053 1330 4103 antichi
1363 4052 1410 4100 le
1443 4048 1614 4100 tavole
1647 4047 1842 4098 turono
1877 4048 2084 4106 sempre
2135 4043 2186 4093 lo
2220 4042 2513 4093 stt-omento
2564 4041 2915 4113 privilegiato,
2948 4040 3002 4092 dt
3037 4042 3128 4093 cui

531 4123 574 4173 si
608 4121 751 4172 valse
784 4120 817 4169 il
852 4119 916 4169 de
975 4117 1099 4167 onio
1135 4116 1214 4178 pel
1248 4126 1348 4164 suo
1380 4112 1670 4163 oracolare.
1705 4107 1779 4160 Ed
1813 4112 1842 4159 e
1875 4109 2002 4156 noto
2040 4108 2072 4156 il
2106 4105 2314 4155 famoso
2362 4106 2493 4155 testo
2530 4103 2580 4152 ‹lt
2631 4103 2988 4154 Tertulliano:
3025 4104 3129 4177 lyr

529 4196 655 4246 quos
684 4181 944 4241 (daemone
979 4186 992 4237 )
1025 4190 1211 4228 mensoe
1236 4176 1467 4225 divinare
1496 4174 1879 4223 consueverunt.
1918 4169 2113 4220 Perclie
2146 4170 2336 4230 questa
2370 4166 2705 4229 preferenza‘r
2742 4164 2792 4215 Sl
2830 4165 2985 4215 verra
3009 4164 3129 4218 dire

532 4248 629 4296 che
660 4245 853 4295 Satana
886 4242 1043 4293 abbia
1075 4240 1258 4290 voluto
1289 4237 1522 4289 stabilire
1557 4236 1708 4285 ilsuo
1742 4244 1905 4295 regno
1945 4242 2036 4292 per
2065 4241 2246 4302 mezzo
2268 4228 2350 4289 del
2386 4228 2557 4301 legno,
2594 4238 2697 4300 con
2731 4227 2817 4299 cui
2850 4228 2950 4286 egli
2988 4238 3128 4280 avea

534 4309 701 4366 viiito,
735 4320 763 4355 e
795 4306 899 4354 alla
929 4315 1028 4354 sua
1062 4302 1206 4352 volta
1238 4301 1444 4349 doveva
1477 4300 1644 4348 restat·
1677 4296 1866 4346 vinto‘i
1906 4295 1967 4344 Ut
1994 4295 2085 4365 qut·
2117 4295 2170 4342 in
2205 4294 2341 4353 [tyno
2374 4290 2622 4348 vincebat,
2657 4301 2711 4339 m
2759 4290 2896 4351 Ιιῃηο
2928 4303 3130 4354 quoque

535 4372 818 4421 vinceretur
838 4370 867 4416 9
908 4386 924 4408 ι
966 4367 1186 4423 Gaume,
1221 4363 1436 4423 Oriytne·
1454 4362 1517 4411 ed
1546 4362 1718 4410 errori
1749 4358 1880 4408 delto
1911 4358 2208 4418 spii-ttismo.
2353 4414 2365 4425 ·

598 4432 620 4471 ⁸
655 4429 851 4491 Excipe
898 4428 1031 4487 illos,
1067 4427 1160 4490 qui
1192 4425 1345 4487 juxta
1375 4424 1441 4474 de
1472 4433 1634 4473 causa
1667 4434 1733 4472 ex
1768 4418 2060 4489 Praesulum
2095 4428 2318 4467 suorum
2348 4425 2500 4476 jussu
2542 4414 2608 4486 ad
2665 4425 2728 4463 ea
2760 4414 3131 4476 experimenta

535 4505 592 4543 se
626 4491 919 4548 conferunt,
955 4496 1132 4540 amoto
1166 4486 1420 4538 scandalo
1454 4496 1517 4535 ac
1549 4485 1693 4535 omni
1731 4483 1922 4533 animae
1991 4478 2208 4551 ericulo,
2242 4481 2300 4527 ut
2372 4488 2451 4526 uae
2487 4477 2538 4526 in
2574 4476 2705 4539 ipsis
2739 4476 3131 4549 conventiculis

534 4556 791 4618 geruntur
823 4554 875 4601 et
905 4553 1171 4610 eveniunt,
1229 4549 1433 4613 possint
1462 4557 1782 4609 cognoscere
1829 4546 1880 4594 et
1925 4554 2001 4591 sc
2048 4541 2297 4592 certiores
2350 4548 2502 4591 acere
2549 4537 2966 4590 ecclesiasticam
3003 4550 3134 4602 prte-

535 4618 714 4667 sertim
751 4613 1134 4665 auctoritatem,
1166 4614 1226 4662 ut
1257 4610 1436 4661 fideles
1470 4607 1537 4658 ab
1589 4608 1687 4658 illis
1732 4605 2032 4656 amoveant.

615 4680 682 4728 V:
705 4679 954 4735 Pet-rone,
987 4675 1056 4724 De
1095 4675 1289 4724 Virtute
1319 4671 1606 4735 Rettqwnts,
1640 4680 1735 4720 nn.
1768 4670 1864 4722 748
1893 4668 1946 4717 et
1974 4675 2121 4728 seqq.
