<?xml version="1.0" encoding="UTF-8"?>
<!DOCTYPE html PUBLIC "-//W3C//DTD XHTML 1.0 Transitional//EN"
    "http://www.w3.org/TR/xhtml1/DTD/xhtml1-transitional.dtd">
<html xmlns="http://www.w3.org/1999/xhtml" xml:lang="en" lang="en">
 <head>
  <title>
</title>
<meta http-equiv="Content-Type" content="text/html;charset=utf-8" />
  <meta name='ocr-system' content='tesseract 3.04.00' />
  <meta name='ocr-capabilities' content='ocr_page ocr_carea ocr_par ocr_line ocrx_word'/>
</head>
<body>
  <div class='ocr_page' id='page_1' title='image "./theologiamorali04scavgoog_0128.png"; bbox 0 0 3292 5167; ppageno 0'>
   <div class='ocr_carea' id='block_1_1' title="bbox 530 299 2437 365">
    <p class='ocr_par' dir='ltr' id='par_1_1' title="bbox 530 299 2437 365">
     <span class='ocr_line' id='line_1_1' title="bbox 530 299 2437 365; baseline -0.002 0"><span class='ocrx_word' id='word_1_1' title='bbox 530 299 658 365; x_wconf 78' lang='lat'>118</span> <span class='ocrx_word' id='word_1_2' title='bbox 1236 319 1349 363; x_wconf 73' lang='lat' dir='ltr'>Lis.</span> <span class='ocrx_word' id='word_1_3' title='bbox 1402 319 1462 363; x_wconf 88' lang='lat' dir='ltr'>ii.</span> <span class='ocrx_word' id='word_1_4' title='bbox 1513 319 1724 365; x_wconf 66' lang='lat' dir='ltr'>rarior.</span> <span class='ocrx_word' id='word_1_5' title='bbox 1776 320 1830 363; x_wconf 90' lang='lat' dir='ltr'>v.</span> <span class='ocrx_word' id='word_1_6' title='bbox 1880 319 2031 364; x_wconf 74' lang='lat' dir='ltr'>nisi».</span> <span class='ocrx_word' id='word_1_7' title='bbox 2079 318 2142 363; x_wconf 89' lang='lat' dir='ltr'>ii.</span> <span class='ocrx_word' id='word_1_8' title='bbox 2193 316 2321 363; x_wconf 68' lang='lat' dir='ltr'>cair.</span> <span class='ocrx_word' id='word_1_9' title='bbox 2370 315 2437 362; x_wconf 86' lang='lat' dir='ltr'>ll.</span> 
     </span>
    </p>
   </div>
   <div class='ocr_carea' id='block_1_2' title="bbox 440 418 3165 3829">
    <p class='ocr_par' dir='ltr' id='par_1_2' title="bbox 524 418 3151 934">
     <span class='ocr_line' id='line_1_2' title="bbox 527 418 3141 508; baseline -0.001 -19"><span class='ocrx_word' id='word_1_10' title='bbox 527 422 889 508; x_wconf 79' lang='lat' dir='ltr'>acquisit03</span> <span class='ocrx_word' id='word_1_11' title='bbox 943 420 1046 489; x_wconf 90' lang='lat' dir='ltr'>vel</span> <span class='ocrx_word' id='word_1_12' title='bbox 1088 420 1153 488; x_wconf 91' lang='lat' dir='ltr'>in</span> <span class='ocrx_word' id='word_1_13' title='bbox 1202 419 1312 486; x_wconf 89' lang='lat' dir='ltr'>tali</span> <span class='ocrx_word' id='word_1_14' title='bbox 1356 420 1508 505; x_wconf 84' lang='lat' dir='ltr'>jure</span> <span class='ocrx_word' id='word_1_15' title='bbox 1555 421 1850 491; x_wconf 89' lang='lat' dir='ltr'>nondum</span> <span class='ocrx_word' id='word_1_16' title='bbox 1901 419 2248 505; x_wconf 88' lang='lat' dir='ltr'>acquisito,</span> <span class='ocrx_word' id='word_1_17' title='bbox 2306 419 2426 489; x_wconf 91' lang='lat' dir='ltr'>sed</span> <span class='ocrx_word' id='word_1_18' title='bbox 2472 427 2655 488; x_wconf 90' lang='lat' dir='ltr'>certo</span> <span class='ocrx_word' id='word_1_19' title='bbox 2690 418 3141 506; x_wconf 86' lang='lat' dir='ltr'>acquirendo,</span> 
     </span>
     <span class='ocr_line' id='line_1_3' title="bbox 524 525 3140 613; baseline -0.001 -17"><span class='ocrx_word' id='word_1_20' title='bbox 524 532 691 597; x_wconf 84' lang='lat' dir='ltr'>Item</span> <span class='ocrx_word' id='word_1_21' title='bbox 741 533 964 612; x_wconf 89' lang='lat' dir='ltr'>potest</span> <span class='ocrx_word' id='word_1_22' title='bbox 1012 525 1229 594; x_wconf 87' lang='lat' dir='ltr'>vexari</span> <span class='ocrx_word' id='word_1_23' title='bbox 1283 526 1527 612; x_wconf 83' lang='lat' dir='ltr'>injuste</span> <span class='ocrx_word' id='word_1_24' title='bbox 1577 533 1709 595; x_wconf 82' lang='lat' dir='ltr'>tam</span> <span class='ocrx_word' id='word_1_25' title='bbox 1761 528 1842 595; x_wconf 88' lang='lat' dir='ltr'>ab</span> <span class='ocrx_word' id='word_1_26' title='bbox 1892 527 1992 608; x_wconf 86' lang='lat' dir='ltr'>iis,</span> <span class='ocrx_word' id='word_1_27' title='bbox 2044 526 2156 611; x_wconf 87' lang='lat' dir='ltr'>qui</span> <span class='ocrx_word' id='word_1_28' title='bbox 2199 526 2309 611; x_wconf 83' lang='lat' dir='ltr'>J&#39;us</span> <span class='ocrx_word' id='word_1_29' title='bbox 2358 525 2520 593; x_wconf 91' lang='lat' dir='ltr'>illud</span> <span class='ocrx_word' id='word_1_30' title='bbox 2567 526 2913 613; x_wconf 76' lang='lat' dir='ltr'>spirituale</span> <span class='ocrx_word' id='word_1_31' title='bbox 2964 545 3140 596; x_wconf 84' lang='lat' dir='ltr'>con·</span> 
     </span>
     <span class='ocr_line' id='line_1_4' title="bbox 526 631 3151 720; baseline -0.001 -17"><span class='ocrx_word' id='word_1_32' title='bbox 526 633 761 703; x_wconf 78' lang='lat' dir='ltr'>cedere</span> <span class='ocrx_word' id='word_1_33' title='bbox 814 639 1110 719; x_wconf 90' lang='lat' dir='ltr'>possunt,</span> <span class='ocrx_word' id='word_1_34' title='bbox 1161 650 1360 718; x_wconf 88' lang='lat' dir='ltr'>quam</span> <span class='ocrx_word' id='word_1_35' title='bbox 1406 633 1622 716; x_wconf 88' lang='lat' dir='ltr'>abiis,</span> <span class='ocrx_word' id='word_1_36' title='bbox 1676 635 1786 720; x_wconf 86' lang='lat' dir='ltr'>qui</span> <span class='ocrx_word' id='word_1_37' title='bbox 1832 632 2012 701; x_wconf 92' lang='lat' dir='ltr'>nullo</span> <span class='ocrx_word' id='word_1_38' title='bbox 2047 631 2244 702; x_wconf 93' lang='lat' dir='ltr'>modo</span> <span class='ocrx_word' id='word_1_39' title='bbox 2272 633 2382 719; x_wconf 84' lang='lat' dir='ltr'>J&#39;us</span> <span class='ocrx_word' id='word_1_40' title='bbox 2423 632 2586 700; x_wconf 91' lang='lat' dir='ltr'>illud</span> <span class='ocrx_word' id='word_1_41' title='bbox 2629 642 2912 720; x_wconf 84' lang='lat' dir='ltr'>possunt</span> <span class='ocrx_word' id='word_1_42' title='bbox 2952 634 3151 703; x_wconf 88' lang='lat' dir='ltr'>elar—</span> 
     </span>
     <span class='ocr_line' id='line_1_5' title="bbox 526 738 3149 831; baseline 0 -24"><span class='ocrx_word' id='word_1_43' title='bbox 526 739 670 825; x_wconf 74' lang='lat' dir='ltr'>giri.</span> <span class='ocrx_word' id='word_1_44' title='bbox 722 740 976 822; x_wconf 87' lang='lat' dir='ltr'><strong>Quibus</strong></span> <span class='ocrx_word' id='word_1_45' title='bbox 1028 739 1264 824; x_wconf 87' lang='lat' dir='ltr'>positis</span> <span class='ocrx_word' id='word_1_46' title='bbox 1313 738 1635 809; x_wconf 79' lang='lat' dir='ltr'><strong>dicimus:</strong></span> <span class='ocrx_word' id='word_1_47' title='bbox 1673 741 1784 825; x_wconf 86' lang='lat' dir='ltr'>qui</span> <span class='ocrx_word' id='word_1_48' title='bbox 1819 739 2065 826; x_wconf 85' lang='lat' dir='ltr'>injuste</span> <span class='ocrx_word' id='word_1_49' title='bbox 2098 746 2390 821; x_wconf 87' lang='lat' dir='ltr'>vexatur,</span> <span class='ocrx_word' id='word_1_50' title='bbox 2426 747 2699 808; x_wconf 85' lang='lat' dir='ltr'>vexatur</span> <span class='ocrx_word' id='word_1_51' title='bbox 2735 741 2835 809; x_wconf 91' lang='lat' dir='ltr'>vel</span> <span class='ocrx_word' id='word_1_52' title='bbox 2873 741 2941 809; x_wconf 89' lang='lat' dir='ltr'>in</span> <span class='ocrx_word' id='word_1_53' title='bbox 2970 741 3149 831; x_wconf 85' lang='lat' dir='ltr'>jure</span> 
     </span>
     <span class='ocr_line' id='line_1_6' title="bbox 527 845 2439 934; baseline -0.002 -18"><span class='ocrx_word' id='word_1_54' title='bbox 527 849 883 933; x_wconf 88' lang='lat' dir='ltr'>acquisito,</span> <span class='ocrx_word' id='word_1_55' title='bbox 933 847 1031 915; x_wconf 90' lang='lat' dir='ltr'>vel</span> <span class='ocrx_word' id='word_1_56' title='bbox 1080 847 1146 914; x_wconf 91' lang='lat' dir='ltr'>in</span> <span class='ocrx_word' id='word_1_57' title='bbox 1189 847 1340 933; x_wconf 87' lang='lat' dir='ltr'>jure</span> <span class='ocrx_word' id='word_1_58' title='bbox 1388 845 1818 934; x_wconf 88' lang='lat' dir='ltr'>acquirendo.</span> <span class='ocrx_word' id='word_1_59' title='bbox 2401 910 2439 922; x_wconf 72' lang='lat'><em>„</em></span> 
     </span>
    </p>

    <p class='ocr_par' dir='ltr' id='par_1_3' title="bbox 617 954 3152 1045">
     <span class='ocr_line' id='line_1_7' title="bbox 617 954 3152 1045; baseline -0 -23"><span class='ocrx_word' id='word_1_60' title='bbox 617 954 683 1022; x_wconf 88' lang='lat' dir='ltr'>Si</span> <span class='ocrx_word' id='word_1_61' title='bbox 741 956 799 1037; x_wconf 84' lang='lat' dir='ltr'>l,</span> <span class='ocrx_word' id='word_1_62' title='bbox 849 973 980 1023; x_wconf 89' lang='lat' dir='ltr'>non</span> <span class='ocrx_word' id='word_1_63' title='bbox 1032 963 1134 1023; x_wconf 89' lang='lat' dir='ltr'>est</span> <span class='ocrx_word' id='word_1_64' title='bbox 1181 954 1464 1045; x_wconf 84' lang='lat' dir='ltr'>simonia</span> <span class='ocrx_word' id='word_1_65' title='bbox 1514 954 1730 1040; x_wconf 89' lang='lat' dir='ltr'>pretio</span> <span class='ocrx_word' id='word_1_66' title='bbox 1784 954 2133 1038; x_wconf 90' lang='lat' dir='ltr'>temporali</span> <span class='ocrx_word' id='word_1_67' title='bbox 2185 954 2508 1023; x_wconf 83' lang='lat' dir='ltr'>redimere</span> <span class='ocrx_word' id='word_1_68' title='bbox 2554 954 2866 1040; x_wconf 82' lang='lat' dir='ltr'>injustam</span> <span class='ocrx_word' id='word_1_69' title='bbox 2924 970 3152 1023; x_wconf 81' lang='lat' dir='ltr'>vexa-</span> 
     </span>
    </p>

    <p class='ocr_par' dir='ltr' id='par_1_4' title="bbox 440 1060 3163 3400">
     <span class='ocr_line' id='line_1_8' title="bbox 528 1060 3152 1148; baseline -0.001 -18"><span class='ocrx_word' id='word_1_70' title='bbox 528 1062 780 1131; x_wconf 80' lang='lat' dir='ltr'>tionem</span> <span class='ocrx_word' id='word_1_71' title='bbox 828 1079 862 1128; x_wconf 98' lang='lat' dir='ltr'>a</span> <span class='ocrx_word' id='word_1_72' title='bbox 912 1078 1336 1147; x_wconf 85' lang='lat' dir='ltr'>quocumque</span> <span class='ocrx_word' id='word_1_73' title='bbox 1385 1061 1655 1130; x_wconf 86' lang='lat' dir='ltr'>tandem</span> <span class='ocrx_word' id='word_1_74' title='bbox 1706 1061 2082 1147; x_wconf 87' lang='lat' dir='ltr'>proveniat:</span> <span class='ocrx_word' id='word_1_75' title='bbox 2134 1060 2224 1129; x_wconf 89' lang='lat' dir='ltr'>ita</span> <span class='ocrx_word' id='word_1_76' title='bbox 2270 1062 2624 1148; x_wconf 82' lang='lat' dir='ltr'>Angelicus</span> <span class='ocrx_word' id='word_1_77' title='bbox 2700 1068 2750 1144; x_wconf 82' lang='lat'>¹,</span> <span class='ocrx_word' id='word_1_78' title='bbox 2801 1070 2867 1130; x_wconf 94' lang='lat' dir='ltr'>et</span> <span class='ocrx_word' id='word_1_79' title='bbox 2933 1062 3007 1130; x_wconf 89' lang='lat' dir='ltr'>S.</span> <span class='ocrx_word' id='word_1_80' title='bbox 3066 1062 3152 1129; x_wconf 91' lang='lat' dir='ltr'>C.</span> 
     </span>
     <span class='ocr_line' id='line_1_9' title="bbox 441 1169 3154 1265; baseline -0.001 -27"><span class='ocrx_word' id='word_1_81' title='bbox 441 1258 446 1265; x_wconf 82' lang='lat'><strong>.</strong></span> <span class='ocrx_word' id='word_1_82' title='bbox 529 1170 805 1239; x_wconf 90' lang='lat' dir='ltr'>Concilii</span> <span class='ocrx_word' id='word_1_83' title='bbox 857 1173 940 1238; x_wconf 79' lang='lat'>18</span> <span class='ocrx_word' id='word_1_84' title='bbox 980 1171 1110 1255; x_wconf 83' lang='lat' dir='ltr'>J&#39;an.</span> <span class='ocrx_word' id='word_1_85' title='bbox 1164 1171 1351 1237; x_wconf 78' lang='lat'>1785.</span> <span class='ocrx_word' id='word_1_86' title='bbox 1402 1169 1511 1237; x_wconf 91' lang='lat' dir='ltr'>Sic</span> <span class='ocrx_word' id='word_1_87' title='bbox 1558 1169 1614 1238; x_wconf 91' lang='lat' dir='ltr'>si</span> <span class='ocrx_word' id='word_1_88' title='bbox 1663 1169 1980 1255; x_wconf 85' lang='lat' dir='ltr'>Princeps</span> <span class='ocrx_word' id='word_1_89' title='bbox 2028 1171 2400 1238; x_wconf 87' lang='lat' dir='ltr'>Paroclium</span> <span class='ocrx_word' id='word_1_90' title='bbox 2448 1169 2762 1255; x_wconf 88' lang='lat' dir='ltr'>impediat</span> <span class='ocrx_word' id='word_1_91' title='bbox 2815 1173 3154 1237; x_wconf 81' lang='lat' dir='ltr'>asaei-a-</span> 
     </span>
     <span class='ocr_line' id='line_1_10' title="bbox 528 1274 3154 1362; baseline -0 -17"><span class='ocrx_word' id='word_1_92' title='bbox 528 1283 907 1345; x_wconf 87' lang='lat' dir='ltr'>mentorum</span> <span class='ocrx_word' id='word_1_93' title='bbox 955 1274 1544 1359; x_wconf 82' lang='lat' dir='ltr'>administratione,</span> <span class='ocrx_word' id='word_1_94' title='bbox 1595 1283 1663 1344; x_wconf 93' lang='lat' dir='ltr'>et</span> <span class='ocrx_word' id='word_1_95' title='bbox 1709 1292 1745 1343; x_wconf 92' lang='lat' dir='ltr'>a</span> <span class='ocrx_word' id='word_1_96' title='bbox 1793 1275 2118 1361; x_wconf 90' lang='lat' dir='ltr'>spirituali</span> <span class='ocrx_word' id='word_1_97' title='bbox 2185 1277 2498 1346; x_wconf 84' lang='lat' dir='ltr'>Paroeciae</span> <span class='ocrx_word' id='word_1_98' title='bbox 2562 1294 2702 1344; x_wconf 84' lang='lat' dir='ltr'>suae</span> <span class='ocrx_word' id='word_1_99' title='bbox 2776 1277 3154 1362; x_wconf 82' lang='lat' dir='ltr'>regimine,</span> 
     </span>
     <span class='ocr_line' id='line_1_11' title="bbox 529 1383 3158 1473; baseline -0 -21"><span class='ocrx_word' id='word_1_100' title='bbox 529 1392 759 1470; x_wconf 89' lang='lat' dir='ltr'>posset</span> <span class='ocrx_word' id='word_1_101' title='bbox 805 1383 1020 1452; x_wconf 93' lang='lat' dir='ltr'>eidem</span> <span class='ocrx_word' id='word_1_102' title='bbox 1070 1384 1327 1453; x_wconf 88' lang='lat' dir='ltr'>tradere</span> <span class='ocrx_word' id='word_1_103' title='bbox 1376 1384 1743 1470; x_wconf 89' lang='lat' dir='ltr'>pecuniam,</span> <span class='ocrx_word' id='word_1_104' title='bbox 1792 1392 1864 1451; x_wconf 93' lang='lat' dir='ltr'>ut</span> <span class='ocrx_word' id='word_1_105' title='bbox 1913 1384 1994 1452; x_wconf 90' lang='lat' dir='ltr'>ab</span> <span class='ocrx_word' id='word_1_106' title='bbox 2044 1384 2420 1471; x_wconf 77' lang='lat' dir='ltr'>huJ&#39;usmodi</span> <span class='ocrx_word' id='word_1_107' title='bbox 2470 1385 2814 1473; x_wconf 86' lang='lat' dir='ltr'>vexatione</span> <span class='ocrx_word' id='word_1_108' title='bbox 2856 1403 2931 1454; x_wconf 89' lang='lat' dir='ltr'>se</span> <span class='ocrx_word' id='word_1_109' title='bbox 2967 1384 3158 1453; x_wconf 84' lang='lat' dir='ltr'>velit</span> 
     </span>
     <span class='ocr_line' id='line_1_12' title="bbox 531 1490 3156 1578; baseline 0.001 -21"><span class='ocrx_word' id='word_1_110' title='bbox 531 1492 897 1560; x_wconf 87' lang='lat' dir='ltr'>abstinere:</span> <span class='ocrx_word' id='word_1_111' title='bbox 950 1510 1080 1559; x_wconf 91' lang='lat' dir='ltr'>non</span> <span class='ocrx_word' id='word_1_112' title='bbox 1130 1491 1308 1558; x_wconf 89' lang='lat' dir='ltr'>enim</span> <span class='ocrx_word' id='word_1_113' title='bbox 1356 1491 1541 1558; x_wconf 87' lang='lat' dir='ltr'>daret</span> <span class='ocrx_word' id='word_1_114' title='bbox 1590 1490 1957 1576; x_wconf 84' lang='lat' dir='ltr'>temporale</span> <span class='ocrx_word' id='word_1_115' title='bbox 2004 1509 2124 1578; x_wconf 90' lang='lat' dir='ltr'>pro</span> <span class='ocrx_word' id='word_1_116' title='bbox 2167 1492 2318 1577; x_wconf 84' lang='lat' dir='ltr'>jure</span> <span class='ocrx_word' id='word_1_117' title='bbox 2365 1491 2728 1577; x_wconf 83' lang='lat' dir='ltr'>spirituali3</span> <span class='ocrx_word' id='word_1_118' title='bbox 2778 1492 2897 1560; x_wconf 88' lang='lat' dir='ltr'>sed</span> <span class='ocrx_word' id='word_1_119' title='bbox 2939 1491 3156 1560; x_wconf 88' lang='lat' dir='ltr'>daret</span> 
     </span>
     <span class='ocr_line' id='line_1_13' title="bbox 532 1593 3157 1684; baseline 0 -18"><span class='ocrx_word' id='word_1_120' title='bbox 532 1593 894 1683; x_wconf 85' lang='lat' dir='ltr'>temporale</span> <span class='ocrx_word' id='word_1_121' title='bbox 965 1617 1084 1684; x_wconf 91' lang='lat' dir='ltr'>pro</span> <span class='ocrx_word' id='word_1_122' title='bbox 1158 1597 1451 1666; x_wconf 89' lang='lat' dir='ltr'>tollendo</span> <span class='ocrx_word' id='word_1_123' title='bbox 1537 1597 1787 1666; x_wconf 84' lang='lat' dir='ltr'>nefario</span> <span class='ocrx_word' id='word_1_124' title='bbox 1859 1597 1973 1666; x_wconf 90' lang='lat' dir='ltr'>illo</span> <span class='ocrx_word' id='word_1_125' title='bbox 2040 1598 2535 1684; x_wconf 88' lang='lat' dir='ltr'>impediment0‚</span> <span class='ocrx_word' id='word_1_126' title='bbox 2607 1598 2789 1684; x_wconf 84' lang='lat' dir='ltr'>quod</span> <span class='ocrx_word' id='word_1_127' title='bbox 2852 1597 3157 1684; x_wconf 84' lang='lat' dir='ltr'>quidem</span> 
     </span>
     <span class='ocr_line' id='line_1_14' title="bbox 530 1700 2807 1791; baseline -0.001 -18"><span class='ocrx_word' id='word_1_128' title='bbox 530 1712 631 1774; x_wconf 91' lang='lat' dir='ltr'>est</span> <span class='ocrx_word' id='word_1_129' title='bbox 700 1705 858 1791; x_wconf 84' lang='lat' dir='ltr'>quid</span> <span class='ocrx_word' id='word_1_130' title='bbox 893 1704 1253 1790; x_wconf 86' lang='lat' dir='ltr'>temporale</span> <span class='ocrx_word' id='word_1_131' title='bbox 1301 1700 1351 1771; x_wconf 81' lang='lat'>².</span> <span class='ocrx_word' id='word_1_132' title='bbox 1602 1709 1605 1712; x_wconf 78' lang='grc'>’</span> <span class='ocrx_word' id='word_1_133' title='bbox 2800 1776 2807 1785; x_wconf 64' lang='grc'><em>,</em></span> 
     </span>
     <span class='ocr_line' id='line_1_15' title="bbox 571 1811 3159 1899; baseline 0 -20"><span class='ocrx_word' id='word_1_134' title='bbox 571 1871 578 1879; x_wconf 91' lang='grc'><em>.</em></span> <span class='ocrx_word' id='word_1_135' title='bbox 619 1812 689 1880; x_wconf 91' lang='lat' dir='ltr'>Si</span> <span class='ocrx_word' id='word_1_136' title='bbox 737 1815 799 1895; x_wconf 79' lang='lat'>2,</span> <span class='ocrx_word' id='word_1_137' title='bbox 851 1821 1008 1881; x_wconf 89' lang='lat' dir='ltr'>tunc</span> <span class='ocrx_word' id='word_1_138' title='bbox 1058 1812 1111 1881; x_wconf 91' lang='lat' dir='ltr'>si</span> <span class='ocrx_word' id='word_1_139' title='bbox 1164 1812 1406 1897; x_wconf 89' lang='lat' dir='ltr'>injusta</span> <span class='ocrx_word' id='word_1_140' title='bbox 1454 1812 1714 1880; x_wconf 84' lang='lat' dir='ltr'>vexatio</span> <span class='ocrx_word' id='word_1_141' title='bbox 1767 1812 1830 1879; x_wconf 89' lang='lat' dir='ltr'>in</span> <span class='ocrx_word' id='word_1_142' title='bbox 1872 1812 2023 1897; x_wconf 84' lang='lat' dir='ltr'>J’ure</span> <span class='ocrx_word' id='word_1_143' title='bbox 2071 1811 2474 1899; x_wconf 87' lang='lat' dir='ltr'>acquirendo</span> <span class='ocrx_word' id='word_1_144' title='bbox 2526 1813 2828 1897; x_wconf 87' lang='lat' dir='ltr'>provenit</span> <span class='ocrx_word' id='word_1_145' title='bbox 2898 1812 2988 1880; x_wconf 90' lang='lat' dir='ltr'>ab</span> <span class='ocrx_word' id='word_1_146' title='bbox 3066 1812 3159 1879; x_wconf 87' lang='lat' dir='ltr'>iis</span> 
     </span>
     <span class='ocr_line' id='line_1_16' title="bbox 532 1918 3159 2008; baseline 0 -19"><span class='ocrx_word' id='word_1_147' title='bbox 532 1920 645 2008; x_wconf 89' lang='lat' dir='ltr'>qui</span> <span class='ocrx_word' id='word_1_148' title='bbox 696 1926 1035 2006; x_wconf 88' lang='lat' dir='ltr'>nequeunt</span> <span class='ocrx_word' id='word_1_149' title='bbox 1074 1920 1185 2005; x_wconf 82' lang='lat' dir='ltr'>jus</span> <span class='ocrx_word' id='word_1_150' title='bbox 1232 1919 1394 1987; x_wconf 91' lang='lat' dir='ltr'>illud</span> <span class='ocrx_word' id='word_1_151' title='bbox 1464 1918 1852 2001; x_wconf 79' lang='lat' dir='ltr'>concedere,</span> <span class='ocrx_word' id='word_1_152' title='bbox 1928 1921 2021 1988; x_wconf 87' lang='lat' dir='ltr'>fas</span> <span class='ocrx_word' id='word_1_153' title='bbox 2093 1928 2199 1988; x_wconf 89' lang='lat' dir='ltr'>est</span> <span class='ocrx_word' id='word_1_154' title='bbox 2266 1938 2412 1988; x_wconf 90' lang='lat' dir='ltr'>eam</span> <span class='ocrx_word' id='word_1_155' title='bbox 2485 1920 2697 2007; x_wconf 87' lang='lat' dir='ltr'>pretio</span> <span class='ocrx_word' id='word_1_156' title='bbox 2773 1919 3159 2003; x_wconf 83' lang='lat' dir='ltr'>redimere,</span> 
     </span>
     <span class='ocr_line' id='line_1_17' title="bbox 532 2025 3159 2114; baseline 0 -19"><span class='ocrx_word' id='word_1_157' title='bbox 532 2028 684 2114; x_wconf 86' lang='lat' dir='ltr'>quia</span> <span class='ocrx_word' id='word_1_158' title='bbox 737 2028 1020 2114; x_wconf 87' lang='lat' dir='ltr'>pretium</span> <span class='ocrx_word' id='word_1_159' title='bbox 1069 2025 1263 2093; x_wconf 88' lang='lat' dir='ltr'>datur</span> <span class='ocrx_word' id='word_1_160' title='bbox 1311 2045 1431 2113; x_wconf 91' lang='lat' dir='ltr'>pro</span> <span class='ocrx_word' id='word_1_161' title='bbox 1478 2045 1551 2094; x_wconf 90' lang='lat' dir='ltr'>re</span> <span class='ocrx_word' id='word_1_162' title='bbox 1600 2027 1984 2112; x_wconf 85' lang='lat' dir='ltr'>temporali:</span> <span class='ocrx_word' id='word_1_163' title='bbox 2036 2029 2150 2109; x_wconf 89' lang='lat' dir='ltr'>sic,</span> <span class='ocrx_word' id='word_1_164' title='bbox 2198 2046 2256 2096; x_wconf 76' lang='lat' dir='ltr'>v,</span> <span class='ocrx_word' id='word_1_165' title='bbox 2307 2047 2387 2113; x_wconf 83' lang='lat' dir='ltr'>g.,</span> <span class='ocrx_word' id='word_1_166' title='bbox 2435 2029 2490 2096; x_wconf 89' lang='lat' dir='ltr'>si</span> <span class='ocrx_word' id='word_1_167' title='bbox 2541 2028 2690 2112; x_wconf 84' lang='lat' dir='ltr'>quis</span> <span class='ocrx_word' id='word_1_168' title='bbox 2741 2046 2860 2113; x_wconf 90' lang='lat' dir='ltr'>per</span> <span class='ocrx_word' id='word_1_169' title='bbox 2936 2026 3159 2096; x_wconf 82' lang='lat' dir='ltr'>diffa-</span> 
     </span>
     <span class='ocr_line' id='line_1_18' title="bbox 532 2132 3161 2220; baseline 0 -18"><span class='ocrx_word' id='word_1_170' title='bbox 532 2135 893 2203; x_wconf 89' lang='lat' dir='ltr'>mationem</span> <span class='ocrx_word' id='word_1_171' title='bbox 946 2141 1295 2219; x_wconf 87' lang='lat' dir='ltr'>patronum</span> <span class='ocrx_word' id='word_1_172' title='bbox 1345 2132 1678 2218; x_wconf 86' lang='lat' dir='ltr'>impediat,</span> <span class='ocrx_word' id='word_1_173' title='bbox 1730 2153 1811 2202; x_wconf 91' lang='lat' dir='ltr'>ne</span> <span class='ocrx_word' id='word_1_174' title='bbox 1861 2142 1925 2203; x_wconf 93' lang='lat' dir='ltr'>te</span> <span class='ocrx_word' id='word_1_175' title='bbox 1973 2134 2169 2220; x_wconf 86' lang='lat' dir='ltr'>eligat</span> <span class='ocrx_word' id='word_1_176' title='bbox 2212 2133 2312 2213; x_wconf 33' lang='lat' dir='ltr'>,ad</span> <span class='ocrx_word' id='word_1_177' title='bbox 2372 2134 2799 2216; x_wconf 90' lang='lat' dir='ltr'>Beneficium,</span> <span class='ocrx_word' id='word_1_178' title='bbox 2872 2134 3161 2219; x_wconf 85' lang='lat' dir='ltr'>poteris</span> 
     </span>
     <span class='ocr_line' id='line_1_19' title="bbox 532 2239 3158 2343; baseline 0 -33"><span class='ocrx_word' id='word_1_179' title='bbox 532 2242 764 2328; x_wconf 88' lang='lat' dir='ltr'>utique</span> <span class='ocrx_word' id='word_1_180' title='bbox 811 2242 1204 2311; x_wconf 82' lang='lat' dir='ltr'>diffamatori</span> <span class='ocrx_word' id='word_1_181' title='bbox 1253 2242 1409 2309; x_wconf 88' lang='lat' dir='ltr'>dare</span> <span class='ocrx_word' id='word_1_182' title='bbox 1451 2242 1825 2326; x_wconf 87' lang='lat' dir='ltr'>pecuniam,</span> <span class='ocrx_word' id='word_1_183' title='bbox 1879 2249 1951 2309; x_wconf 89' lang='lat' dir='ltr'>ut</span> <span class='ocrx_word' id='word_1_184' title='bbox 2021 2243 2102 2311; x_wconf 86' lang='lat' dir='ltr'>ab</span> <span class='ocrx_word' id='word_1_185' title='bbox 2174 2241 2281 2309; x_wconf 91' lang='lat' dir='ltr'>illa</span> <span class='ocrx_word' id='word_1_186' title='bbox 2354 2249 2570 2343; x_wconf 77' lang='lat' dir='ltr'>cesset</span> <span class='ocrx_word' id='word_1_187' title='bbox 2639 2239 3158 2322; x_wconf 82' lang='lat' dir='ltr'>diffamatione;</span> 
     </span>
     <span class='ocr_line' id='line_1_20' title="bbox 539 2347 3161 2434; baseline 0 -18"><span class='ocrx_word' id='word_1_188' title='bbox 539 2349 689 2434; x_wconf 86' lang='lat' dir='ltr'>quia</span> <span class='ocrx_word' id='word_1_189' title='bbox 741 2351 806 2418; x_wconf 90' lang='lat' dir='ltr'>in</span> <span class='ocrx_word' id='word_1_190' title='bbox 855 2351 982 2419; x_wconf 86' lang='lat' dir='ltr'>hoc</span> <span class='ocrx_word' id='word_1_191' title='bbox 1032 2368 1186 2418; x_wconf 89' lang='lat' dir='ltr'>casu</span> <span class='ocrx_word' id='word_1_192' title='bbox 1237 2368 1367 2419; x_wconf 90' lang='lat' dir='ltr'>non</span> <span class='ocrx_word' id='word_1_193' title='bbox 1419 2347 1802 2431; x_wconf 89' lang='lat' dir='ltr'>redimeres,</span> <span class='ocrx_word' id='word_1_194' title='bbox 1851 2349 1976 2416; x_wconf 87' lang='lat' dir='ltr'>nisi</span> <span class='ocrx_word' id='word_1_195' title='bbox 2038 2348 2297 2431; x_wconf 83' lang='lat' dir='ltr'>famam,</span> <span class='ocrx_word' id='word_1_196' title='bbox 2373 2356 2438 2416; x_wconf 92' lang='lat' dir='ltr'>et</span> <span class='ocrx_word' id='word_1_197' title='bbox 2508 2347 2777 2417; x_wconf 89' lang='lat' dir='ltr'>tolleres</span> <span class='ocrx_word' id='word_1_198' title='bbox 2849 2348 2985 2417; x_wconf 84' lang='lat' dir='ltr'>vim</span> <span class='ocrx_word' id='word_1_199' title='bbox 3070 2366 3161 2417; x_wconf 89' lang='lat' dir='ltr'>ac</span> 
     </span>
     <span class='ocr_line' id='line_1_21' title="bbox 440 2455 3160 2543; baseline 0.001 -20"><span class='ocrx_word' id='word_1_200' title='bbox 440 2455 443 2458; x_wconf 79' lang='grc'>’</span> <span class='ocrx_word' id='word_1_201' title='bbox 538 2455 856 2540; x_wconf 83' lang='lat' dir='ltr'>fraudem,</span> <span class='ocrx_word' id='word_1_202' title='bbox 906 2456 1147 2543; x_wconf 86' lang='lat' dir='ltr'>quibus</span> <span class='ocrx_word' id='word_1_203' title='bbox 1197 2455 1496 2536; x_wconf 87' lang='lat' dir='ltr'>sublatis,</span> <span class='ocrx_word' id='word_1_204' title='bbox 1548 2466 1868 2541; x_wconf 82' lang='lat' dir='ltr'>patronus</span> <span class='ocrx_word' id='word_1_205' title='bbox 1918 2455 2129 2524; x_wconf 87' lang='lat' dir='ltr'>adhuc</span> <span class='ocrx_word' id='word_1_206' title='bbox 2163 2473 2286 2525; x_wconf 91' lang='lat' dir='ltr'>suo</span> <span class='ocrx_word' id='word_1_207' title='bbox 2322 2455 2385 2522; x_wconf 92' lang='lat' dir='ltr'>in</span> <span class='ocrx_word' id='word_1_208' title='bbox 2422 2455 2696 2523; x_wconf 85' lang='lat' dir='ltr'>arbitrio</span> <span class='ocrx_word' id='word_1_209' title='bbox 2737 2455 3160 2540; x_wconf 87' lang='lat' dir='ltr'>plenissime</span> 
     </span>
     <span class='ocr_line' id='line_1_22' title="bbox 538 2560 3158 2648; baseline 0.001 -18"><span class='ocrx_word' id='word_1_210' title='bbox 538 2572 836 2633; x_wconf 89' lang='lat' dir='ltr'>remanet</span> <span class='ocrx_word' id='word_1_211' title='bbox 885 2571 949 2633; x_wconf 91' lang='lat' dir='ltr'>te</span> <span class='ocrx_word' id='word_1_212' title='bbox 998 2563 1079 2630; x_wconf 91' lang='lat' dir='ltr'>ad</span> <span class='ocrx_word' id='word_1_213' title='bbox 1124 2562 1532 2630; x_wconf 89' lang='lat' dir='ltr'>Beneficium</span> <span class='ocrx_word' id='word_1_214' title='bbox 1579 2560 1884 2647; x_wconf 80' lang='lat' dir='ltr'>eligendi,</span> <span class='ocrx_word' id='word_1_215' title='bbox 1936 2563 2038 2631; x_wconf 90' lang='lat' dir='ltr'>vel</span> <span class='ocrx_word' id='word_1_216' title='bbox 2086 2581 2219 2632; x_wconf 92' lang='lat' dir='ltr'>non</span> <span class='ocrx_word' id='word_1_217' title='bbox 2268 2561 2573 2648; x_wconf 87' lang='lat' dir='ltr'>eligendi.</span> <span class='ocrx_word' id='word_1_218' title='bbox 2633 2601 2704 2612; x_wconf 92' lang='lat'>—</span> <span class='ocrx_word' id='word_1_219' title='bbox 2756 2562 2929 2632; x_wconf 86' lang='lat' dir='ltr'>Hinc</span> <span class='ocrx_word' id='word_1_220' title='bbox 2977 2581 3158 2632; x_wconf 88' lang='lat' dir='ltr'>cum</span> 
     </span>
     <span class='ocr_line' id='line_1_23' title="bbox 538 2668 3162 2755; baseline 0 -16"><span class='ocrx_word' id='word_1_221' title='bbox 538 2668 795 2739; x_wconf 90' lang='lat' dir='ltr'>delatus</span> <span class='ocrx_word' id='word_1_222' title='bbox 847 2670 1081 2739; x_wconf 82' lang='lat' dir='ltr'>fuisset</span> <span class='ocrx_word' id='word_1_223' title='bbox 1129 2668 1492 2738; x_wconf 87' lang='lat' dir='ltr'>Benedicto</span> <span class='ocrx_word' id='word_1_224' title='bbox 1540 2670 1685 2737; x_wconf 85' lang='lat' dir='ltr'>XIV</span> <span class='ocrx_word' id='word_1_225' title='bbox 1731 2686 1944 2751; x_wconf 90' lang='lat' dir='ltr'>casus,</span> <span class='ocrx_word' id='word_1_226' title='bbox 1994 2687 2128 2755; x_wconf 87' lang='lat' dir='ltr'>quo</span> <span class='ocrx_word' id='word_1_227' title='bbox 2176 2686 2414 2754; x_wconf 89' lang='lat' dir='ltr'>nempe</span> <span class='ocrx_word' id='word_1_228' title='bbox 2484 2668 2752 2754; x_wconf 88' lang='lat' dir='ltr'>quidam</span> <span class='ocrx_word' id='word_1_229' title='bbox 2812 2668 3162 2739; x_wconf 81' lang='lat' dir='ltr'>sacerdos</span> 
     </span>
     <span class='ocr_line' id='line_1_24' title="bbox 539 2774 3159 2873; baseline -0 -28"><span class='ocrx_word' id='word_1_230' title='bbox 539 2776 872 2862; x_wconf 85' lang='lat' dir='ltr'>ingentem</span> <span class='ocrx_word' id='word_1_231' title='bbox 919 2793 1244 2845; x_wconf 87' lang='lat' dir='ltr'>summam</span> <span class='ocrx_word' id='word_1_232' title='bbox 1292 2775 1553 2844; x_wconf 90' lang='lat' dir='ltr'>cuidam</span> <span class='ocrx_word' id='word_1_233' title='bbox 1599 2774 1769 2843; x_wconf 88' lang='lat' dir='ltr'>laico</span> <span class='ocrx_word' id='word_1_234' title='bbox 1818 2792 1961 2843; x_wconf 93' lang='lat' dir='ltr'>eam</span> <span class='ocrx_word' id='word_1_235' title='bbox 1998 2776 2358 2862; x_wconf 82' lang='lat' dir='ltr'>postulanti</span> <span class='ocrx_word' id='word_1_236' title='bbox 2394 2775 2593 2856; x_wconf 90' lang='lat' dir='ltr'>dedit,</span> <span class='ocrx_word' id='word_1_237' title='bbox 2635 2794 2785 2843; x_wconf 91' lang='lat' dir='ltr'>cum</span> <span class='ocrx_word' id='word_1_238' title='bbox 2829 2776 3159 2873; x_wconf 82' lang='lat' dir='ltr'>alioquin</span> 
     </span>
     <span class='ocr_line' id='line_1_25' title="bbox 536 2881 3157 2970; baseline -0.001 -18"><span class='ocrx_word' id='word_1_239' title='bbox 536 2889 776 2970; x_wconf 87' lang='lat' dir='ltr'>potens</span> <span class='ocrx_word' id='word_1_240' title='bbox 822 2890 898 2951; x_wconf 87' lang='lat' dir='ltr'>ut</span> <span class='ocrx_word' id='word_1_241' title='bbox 945 2892 1104 2965; x_wconf 89' lang='lat' dir='ltr'>erat,</span> <span class='ocrx_word' id='word_1_242' title='bbox 1153 2884 1313 2952; x_wconf 82' lang='lat' dir='ltr'>falsa</span> <span class='ocrx_word' id='word_1_243' title='bbox 1361 2881 1638 2952; x_wconf 88' lang='lat' dir='ltr'>crimina</span> <span class='ocrx_word' id='word_1_244' title='bbox 1686 2882 1745 2949; x_wconf 92' lang='lat' dir='ltr'>ei</span> <span class='ocrx_word' id='word_1_245' title='bbox 1796 2892 1973 2951; x_wconf 86' lang='lat' dir='ltr'>esset</span> <span class='ocrx_word' id='word_1_246' title='bbox 2016 2885 2350 2966; x_wconf 76' lang='lat' dir='ltr'>affixiiruS‚</span> <span class='ocrx_word' id='word_1_247' title='bbox 2402 2902 2485 2950; x_wconf 90' lang='lat' dir='ltr'>ne</span> <span class='ocrx_word' id='word_1_248' title='bbox 2533 2883 2613 2950; x_wconf 89' lang='lat' dir='ltr'>ad</span> <span class='ocrx_word' id='word_1_249' title='bbox 2647 2882 3157 2953; x_wconf 79' lang='lat' dir='ltr'>canonicatum</span> 
     </span>
     <span class='ocr_line' id='line_1_26' title="bbox 537 2989 3163 3078; baseline 0 -19"><span class='ocrx_word' id='word_1_250' title='bbox 537 2990 925 3076; x_wconf 82' lang='lat' dir='ltr'>eligeretur3</span> <span class='ocrx_word' id='word_1_251' title='bbox 975 2990 1318 3078; x_wconf 91' lang='lat' dir='ltr'>respondit</span> <span class='ocrx_word' id='word_1_252' title='bbox 1366 2989 1690 3074; x_wconf 87' lang='lat' dir='ltr'>Pontifex,</span> <span class='ocrx_word' id='word_1_253' title='bbox 1739 2991 1795 3059; x_wconf 86' lang='lat' dir='ltr'>si</span> <span class='ocrx_word' id='word_1_254' title='bbox 1845 2989 2015 3059; x_wconf 76' lang='lat' dir='ltr'>forte</span> <span class='ocrx_word' id='word_1_255' title='bbox 2063 2990 2385 3075; x_wconf 83' lang='lat' dir='ltr'>indigeret</span> <span class='ocrx_word' id='word_1_256' title='bbox 2432 2989 2580 3067; x_wconf 81' lang='lat' dir='ltr'>talis</span> <span class='ocrx_word' id='word_1_257' title='bbox 2632 2990 2923 3076; x_wconf 87' lang='lat' dir='ltr'>provisio</span> <span class='ocrx_word' id='word_1_258' title='bbox 2973 3008 3163 3059; x_wconf 88' lang='lat' dir='ltr'>con-</span> 
     </span>
     <span class='ocr_line' id='line_1_27' title="bbox 536 3095 3162 3184; baseline 0.001 -22"><span class='ocrx_word' id='word_1_259' title='bbox 536 3097 948 3180; x_wconf 90' lang='lat' dir='ltr'>validatione,</span> <span class='ocrx_word' id='word_1_260' title='bbox 996 3116 1069 3166; x_wconf 90' lang='lat' dir='ltr'>se</span> <span class='ocrx_word' id='word_1_261' title='bbox 1116 3115 1261 3166; x_wconf 90' lang='lat' dir='ltr'>eam</span> <span class='ocrx_word' id='word_1_262' title='bbox 1307 3098 1757 3169; x_wconf 89' lang='lat' dir='ltr'>convalidare:</span> <span class='ocrx_word' id='word_1_263' title='bbox 1807 3097 1982 3167; x_wconf 90' lang='lat' dir='ltr'>uude</span> <span class='ocrx_word' id='word_1_264' title='bbox 2031 3103 2319 3184; x_wconf 88' lang='lat' dir='ltr'>apparet,</span> <span class='ocrx_word' id='word_1_265' title='bbox 2370 3095 2552 3184; x_wconf 84' lang='lat' dir='ltr'>quod</span> <span class='ocrx_word' id='word_1_266' title='bbox 2599 3099 2771 3182; x_wconf 87' lang='lat' dir='ltr'>Papa</span> <span class='ocrx_word' id='word_1_267' title='bbox 2824 3116 2962 3166; x_wconf 91' lang='lat' dir='ltr'>non</span> <span class='ocrx_word' id='word_1_268' title='bbox 3022 3098 3162 3165; x_wconf 85' lang='lat' dir='ltr'>ha-</span> 
     </span>
     <span class='ocr_line' id='line_1_28' title="bbox 536 3203 3157 3293; baseline -0.001 -20"><span class='ocrx_word' id='word_1_269' title='bbox 536 3204 683 3273; x_wconf 88' lang='lat' dir='ltr'>huit</span> <span class='ocrx_word' id='word_1_270' title='bbox 731 3212 803 3272; x_wconf 90' lang='lat' dir='ltr'>ut</span> <span class='ocrx_word' id='word_1_271' title='bbox 849 3212 1032 3275; x_wconf 88' lang='lat' dir='ltr'>certo</span> <span class='ocrx_word' id='word_1_272' title='bbox 1078 3206 1426 3273; x_wconf 72' lang='lat' dir='ltr'>invalidam</span> <span class='ocrx_word' id='word_1_273' title='bbox 1473 3205 1648 3277; x_wconf 88' lang='lat' dir='ltr'>illam</span> <span class='ocrx_word' id='word_1_274' title='bbox 1698 3205 2165 3293; x_wconf 88' lang='lat' dir='ltr'>provisionem,</span> <span class='ocrx_word' id='word_1_275' title='bbox 2221 3203 2339 3271; x_wconf 91' lang='lat' dir='ltr'>sed</span> <span class='ocrx_word' id='word_1_276' title='bbox 2385 3203 2592 3271; x_wconf 85' lang='lat' dir='ltr'>voluit</span> <span class='ocrx_word' id='word_1_277' title='bbox 2641 3203 2735 3270; x_wconf 89' lang='lat' dir='ltr'>sic</span> <span class='ocrx_word' id='word_1_278' title='bbox 2785 3220 2985 3286; x_wconf 87' lang='lat' dir='ltr'>agere</span> <span class='ocrx_word' id='word_1_279' title='bbox 3061 3204 3157 3271; x_wconf 84' lang='lat' dir='ltr'>ad</span> 
     </span>
     <span class='ocr_line' id='line_1_29' title="bbox 540 3311 2060 3400; baseline 0 -21"><span class='ocrx_word' id='word_1_280' title='bbox 540 3311 964 3380; x_wconf 90' lang='lat' dir='ltr'>securitatem</span> <span class='ocrx_word' id='word_1_281' title='bbox 981 3339 1000 3395; x_wconf 83' lang='lat'>3</span> <span class='ocrx_word' id='word_1_282' title='bbox 1049 3313 1203 3398; x_wconf 88' lang='lat' dir='ltr'>quia</span> <span class='ocrx_word' id='word_1_283' title='bbox 1251 3314 1349 3382; x_wconf 90' lang='lat' dir='ltr'>sic</span> <span class='ocrx_word' id='word_1_284' title='bbox 1395 3314 1608 3381; x_wconf 82' lang='lat' dir='ltr'>fuerat</span> <span class='ocrx_word' id='word_1_285' title='bbox 1663 3313 2060 3400; x_wconf 87' lang='lat' dir='ltr'>postulatus.</span> 
     </span>
    </p>

    <p class='ocr_par' dir='ltr' id='par_1_5' title="bbox 533 3417 3165 3829">
     <span class='ocr_line' id='line_1_30' title="bbox 629 3417 3161 3508; baseline -0.001 -22"><span class='ocrx_word' id='word_1_286' title='bbox 629 3419 698 3486; x_wconf 90' lang='lat' dir='ltr'>Si</span> <span class='ocrx_word' id='word_1_287' title='bbox 746 3426 965 3487; x_wconf 86' lang='lat' dir='ltr'>tamen</span> <span class='ocrx_word' id='word_1_288' title='bbox 1016 3419 1256 3506; x_wconf 73' lang='lat' dir='ltr'>inJusta</span> <span class='ocrx_word' id='word_1_289' title='bbox 1303 3422 1561 3490; x_wconf 81' lang='lat' dir='ltr'>vexatio</span> <span class='ocrx_word' id='word_1_290' title='bbox 1608 3422 1674 3489; x_wconf 90' lang='lat' dir='ltr'>in</span> <span class='ocrx_word' id='word_1_291' title='bbox 1717 3421 1868 3508; x_wconf 88' lang='lat' dir='ltr'>jure</span> <span class='ocrx_word' id='word_1_292' title='bbox 1914 3418 2322 3505; x_wconf 82' lang='lat' dir='ltr'>acquirendo</span> <span class='ocrx_word' id='word_1_293' title='bbox 2373 3417 2673 3505; x_wconf 90' lang='lat' dir='ltr'>provenit</span> <span class='ocrx_word' id='word_1_294' title='bbox 2720 3417 2799 3485; x_wconf 87' lang='lat' dir='ltr'>ab</span> <span class='ocrx_word' id='word_1_295' title='bbox 2852 3417 2953 3498; x_wconf 90' lang='lat' dir='ltr'>iis,</span> <span class='ocrx_word' id='word_1_296' title='bbox 3024 3418 3161 3502; x_wconf 84' lang='lat' dir='ltr'>qui</span> 
     </span>
     <span class='ocr_line' id='line_1_31' title="bbox 533 3524 3165 3614; baseline 0 -21"><span class='ocrx_word' id='word_1_297' title='bbox 533 3527 645 3613; x_wconf 86' lang='lat' dir='ltr'>jus</span> <span class='ocrx_word' id='word_1_298' title='bbox 677 3525 838 3594; x_wconf 86' lang='lat' dir='ltr'>illud</span> <span class='ocrx_word' id='word_1_299' title='bbox 883 3526 1226 3611; x_wconf 87' lang='lat' dir='ltr'>spirituale</span> <span class='ocrx_word' id='word_1_300' title='bbox 1256 3527 1620 3597; x_wconf 88' lang='lat' dir='ltr'>concedere</span> <span class='ocrx_word' id='word_1_301' title='bbox 1654 3535 1957 3614; x_wconf 87' lang='lat' dir='ltr'>possunt,</span> <span class='ocrx_word' id='word_1_302' title='bbox 2007 3545 2087 3596; x_wconf 92' lang='lat' dir='ltr'>eo</span> <span class='ocrx_word' id='word_1_303' title='bbox 2113 3544 2267 3595; x_wconf 86' lang='lat' dir='ltr'>casu</span> <span class='ocrx_word' id='word_1_304' title='bbox 2297 3524 2574 3594; x_wconf 89' lang='lat' dir='ltr'>simonia</span> <span class='ocrx_word' id='word_1_305' title='bbox 2602 3524 2725 3592; x_wconf 87' lang='lat' dir='ltr'>erit</span> <span class='ocrx_word' id='word_1_306' title='bbox 2767 3524 3165 3609; x_wconf 81' lang='lat' dir='ltr'>temporale</span> 
     </span>
     <span class='ocr_line' id='line_1_32' title="bbox 541 3630 3163 3720; baseline 0.001 -21"><span class='ocrx_word' id='word_1_307' title='bbox 541 3630 790 3718; x_wconf 90' lang='lat' dir='ltr'>aliquid</span> <span class='ocrx_word' id='word_1_308' title='bbox 836 3633 1069 3701; x_wconf 90' lang='lat' dir='ltr'>iisdem</span> <span class='ocrx_word' id='word_1_309' title='bbox 1119 3634 1376 3720; x_wconf 81' lang='lat' dir='ltr'>elargiri</span> <span class='ocrx_word' id='word_1_310' title='bbox 1425 3654 1505 3704; x_wconf 93' lang='lat' dir='ltr'>eo</span> <span class='ocrx_word' id='word_1_311' title='bbox 1556 3635 1706 3719; x_wconf 85' lang='lat' dir='ltr'>fine,</span> <span class='ocrx_word' id='word_1_312' title='bbox 1756 3643 1827 3704; x_wconf 94' lang='lat' dir='ltr'>ut</span> <span class='ocrx_word' id='word_1_313' title='bbox 1875 3642 2139 3703; x_wconf 90' lang='lat' dir='ltr'>cessent</span> <span class='ocrx_word' id='word_1_314' title='bbox 2186 3652 2220 3700; x_wconf 89' lang='lat' dir='ltr'>a</span> <span class='ocrx_word' id='word_1_315' title='bbox 2291 3633 2635 3703; x_wconf 87' lang='lat' dir='ltr'>vexatione</span> <span class='ocrx_word' id='word_1_316' title='bbox 2652 3657 2671 3714; x_wconf 84' lang='lat'>3</span> <span class='ocrx_word' id='word_1_317' title='bbox 2746 3632 2899 3718; x_wconf 87' lang='lat' dir='ltr'>quia</span> <span class='ocrx_word' id='word_1_318' title='bbox 2975 3639 3163 3701; x_wconf 84' lang='lat' dir='ltr'>tunc</span> 
     </span>
     <span class='ocr_line' id='line_1_33' title="bbox 541 3739 3161 3829; baseline 0 -21"><span class='ocrx_word' id='word_1_319' title='bbox 541 3739 812 3809; x_wconf 86' lang='lat' dir='ltr'>daretur</span> <span class='ocrx_word' id='word_1_320' title='bbox 860 3742 1222 3827; x_wconf 83' lang='lat' dir='ltr'>temporale</span> <span class='ocrx_word' id='word_1_321' title='bbox 1270 3761 1389 3828; x_wconf 91' lang='lat' dir='ltr'>pro</span> <span class='ocrx_word' id='word_1_322' title='bbox 1438 3742 1762 3829; x_wconf 88' lang='lat' dir='ltr'>spirituali</span> <span class='ocrx_word' id='word_1_323' title='bbox 1812 3741 1862 3811; x_wconf 72' lang='lat'>⁸.</span> <span class='ocrx_word' id='word_1_324' title='bbox 1913 3745 2245 3811; x_wconf 86' lang='lat' dir='ltr'>Ponamus</span> <span class='ocrx_word' id='word_1_325' title='bbox 2295 3741 2513 3821; x_wconf 86' lang='lat' dir='ltr'>Titum</span> <span class='ocrx_word' id='word_1_326' title='bbox 2560 3739 2872 3808; x_wconf 88' lang='lat' dir='ltr'>Beneficii</span> <span class='ocrx_word' id='word_1_327' title='bbox 2910 3746 3161 3825; x_wconf 87' lang='lat' dir='ltr'>patro-</span> 
     </span>
    </p>
   </div>
   <div class='ocr_carea' id='block_1_3' title="bbox 539 3998 3167 4816">
    <p class='ocr_par' dir='ltr' id='par_1_6' title="bbox 539 3998 3159 4122">
     <span class='ocr_line' id='line_1_34' title="bbox 539 3998 3159 4122; baseline -0.002 -63"><span class='ocrx_word' id='word_1_328' title='bbox 539 4069 560 4121; x_wconf 69' lang='lat' dir='ltr'>l</span> <span class='ocrx_word' id='word_1_329' title='bbox 604 4004 627 4046; x_wconf 89' lang='lat'>¹</span> <span class='ocrx_word' id='word_1_330' title='bbox 661 4009 711 4068; x_wconf 79' lang='lat'>2,</span> <span class='ocrx_word' id='word_1_331' title='bbox 746 4010 794 4067; x_wconf 75' lang='lat'>2,</span> <span class='ocrx_word' id='word_1_332' title='bbox 830 4009 1028 4122; x_wconf 49' lang='lat' dir='ltr'>qbgol),</span> <span class='ocrx_word' id='word_1_333' title='bbox 1063 4018 1111 4058; x_wconf 89' lang='lat' dir='ltr'>a.</span> <span class='ocrx_word' id='word_1_334' title='bbox 1146 4011 1194 4059; x_wconf 78' lang='grc'>5.</span> <span class='ocrx_word' id='word_1_335' title='bbox 1228 4033 1293 4044; x_wconf 93' lang='grc'><strong>-</strong></span> <span class='ocrx_word' id='word_1_336' title='bbox 1332 4009 1389 4057; x_wconf 84' lang='lat' dir='ltr'>V.</span> <span class='ocrx_word' id='word_1_337' title='bbox 1425 4007 1656 4069; x_wconf 84' lang='lat' dir='ltr'>Liguori,</span> <span class='ocrx_word' id='word_1_338' title='bbox 1689 4008 1851 4056; x_wconf 84' lang='lat' dir='ltr'>Homo</span> <span class='ocrx_word' id='word_1_339' title='bbox 1884 4005 2080 4068; x_wconf 68' lang='lat' dir='ltr'>Apost„</span> <span class='ocrx_word' id='word_1_340' title='bbox 2117 4003 2265 4055; x_wconf 87' lang='lat' dir='ltr'>tract.</span> <span class='ocrx_word' id='word_1_341' title='bbox 2301 4014 2374 4064; x_wconf 88' lang='lat' dir='ltr'>iv,</span> <span class='ocrx_word' id='word_1_342' title='bbox 2410 4014 2463 4053; x_wconf 90' lang='lat' dir='ltr'>n.</span> <span class='ocrx_word' id='word_1_343' title='bbox 2488 4003 2576 4065; x_wconf 64' lang='lat'>193</span> <span class='ocrx_word' id='word_1_344' title='bbox 2600 4001 2831 4065; x_wconf 84' lang='lat' dir='ltr'>itemque</span> <span class='ocrx_word' id='word_1_345' title='bbox 2859 3998 2951 4063; x_wconf 83' lang='lat' dir='ltr'>op.</span> <span class='ocrx_word' id='word_1_346' title='bbox 2982 4002 3159 4065; x_wconf 73' lang='lat' dir='ltr'>Mor„</span> 
     </span>
    </p>

    <p class='ocr_par' dir='ltr' id='par_1_7' title="bbox 543 4083 3167 4509">
     <span class='ocr_line' id='line_1_35' title="bbox 608 4083 3165 4200; baseline -0.002 -17"><span class='ocrx_word' id='word_1_347' title='bbox 608 4131 634 4174; x_wconf 74' lang='lat'>²</span> <span class='ocrx_word' id='word_1_348' title='bbox 667 4083 957 4183; x_wconf 65' lang='lat' dir='ltr'>⁰¹15iximiis:</span> <span class='ocrx_word' id='word_1_349' title='bbox 995 4133 1043 4191; x_wconf 81' lang='lat'>1)</span> <span class='ocrx_word' id='word_1_350' title='bbox 1090 4133 1259 4195; x_wconf 78' lang='lat' dir='ltr'>pretio</span> <span class='ocrx_word' id='word_1_351' title='bbox 1303 4130 1612 4195; x_wconf 78' lang='lat' dir='ltr'>temporali‚·</span> <span class='ocrx_word' id='word_1_352' title='bbox 1672 4129 1716 4179; x_wconf 86' lang='lat' dir='ltr'>si</span> <span class='ocrx_word' id='word_1_353' title='bbox 1760 4129 1902 4179; x_wconf 86' lang='lat' dir='ltr'>enim</span> <span class='ocrx_word' id='word_1_354' title='bbox 1940 4128 2161 4200; x_wconf 81' lang='lat' dir='ltr'>daretur</span> <span class='ocrx_word' id='word_1_355' title='bbox 2201 4125 2402 4199; x_wconf 79' lang='lat' dir='ltr'>aliquid</span> <span class='ocrx_word' id='word_1_356' title='bbox 2451 4124 2744 4198; x_wconf 76' lang='lat' dir='ltr'>spirituale,</span> <span class='ocrx_word' id='word_1_357' title='bbox 2797 4125 2949 4197; x_wconf 42' lang='lat' dir='ltr'>esset·</span> <span class='ocrx_word' id='word_1_358' title='bbox 2984 4125 3165 4177; x_wconf 85' lang='lat' dir='ltr'>simo-</span> 
     </span>
     <span class='ocr_line' id='line_1_36' title="bbox 543 4188 3164 4260; baseline -0.003 -15"><span class='ocrx_word' id='word_1_359' title='bbox 543 4194 654 4255; x_wconf 84' lang='lat' dir='ltr'>nia,</span> <span class='ocrx_word' id='word_1_360' title='bbox 709 4206 835 4245; x_wconf 88' lang='lat' dir='ltr'>nani</span> <span class='ocrx_word' id='word_1_361' title='bbox 893 4196 1061 4258; x_wconf 86' lang='lat' dir='ltr'>pretio</span> <span class='ocrx_word' id='word_1_362' title='bbox 1103 4193 1362 4257; x_wconf 83' lang='lat' dir='ltr'>spirituali</span> <span class='ocrx_word' id='word_1_363' title='bbox 1398 4192 1746 4246; x_wconf 86' lang='lat' dir='ltr'>redimeretur</span> <span class='ocrx_word' id='word_1_364' title='bbox 1780 4191 1987 4241; x_wconf 84' lang='lat' dir='ltr'>vexatio</span> <span class='ocrx_word' id='word_1_365' title='bbox 2023 4189 2353 4252; x_wconf 84' lang='lat' dir='ltr'>temporalis3</span> <span class='ocrx_word' id='word_1_366' title='bbox 2388 4188 2438 4260; x_wconf 70' lang='lat'>2)</span> <span class='ocrx_word' id='word_1_367' title='bbox 2481 4192 2727 4260; x_wconf 63' lang='lat' dir='ltr'>amu-stam</span> <span class='ocrx_word' id='word_1_368' title='bbox 2775 4190 3117 4240; x_wconf 72' lang='lat' dir='ltr'>vexationem</span> <span class='ocrx_word' id='word_1_369' title='bbox 3132 4204 3164 4250; x_wconf 82' lang='lat'>,-</span> 
     </span>
     <span class='ocr_line' id='line_1_37' title="bbox 546 4244 3163 4321; baseline -0.002 -14"><span class='ocrx_word' id='word_1_370' title='bbox 546 4256 589 4307; x_wconf 83' lang='lat' dir='ltr'>si</span> <span class='ocrx_word' id='word_1_371' title='bbox 624 4257 765 4307; x_wconf 88' lang='lat' dir='ltr'>euim</span> <span class='ocrx_word' id='word_1_372' title='bbox 801 4260 1013 4309; x_wconf 81' lang='lat' dir='ltr'>vexatio</span> <span class='ocrx_word' id='word_1_373' title='bbox 1056 4257 1200 4320; x_wconf 85' lang='lat' dir='ltr'>justa</span> <span class='ocrx_word' id='word_1_374' title='bbox 1233 4257 1320 4315; x_wconf 76' lang='lat' dir='ltr'>sit,</span> <span class='ocrx_word' id='word_1_375' title='bbox 1355 4268 1405 4304; x_wconf 90' lang='lat' dir='ltr'>v.</span> <span class='ocrx_word' id='word_1_376' title='bbox 1439 4267 1509 4318; x_wconf 84' lang='lat' dir='ltr'>g.,</span> <span class='ocrx_word' id='word_1_377' title='bbox 1545 4254 1590 4304; x_wconf 90' lang='lat' dir='ltr'>si</span> <span class='ocrx_word' id='word_1_378' title='bbox 1621 4256 1744 4309; x_wconf 85' lang='lat' dir='ltr'>uuis</span> <span class='ocrx_word' id='word_1_379' title='bbox 1777 4254 2056 4304; x_wconf 84' lang='lat' dir='ltr'>accusetur</span> <span class='ocrx_word' id='word_1_380' title='bbox 2090 4251 2156 4303; x_wconf 88' lang='lat' dir='ltr'>de</span> <span class='ocrx_word' id='word_1_381' title='bbox 2190 4262 2318 4302; x_wconf 90' lang='lat' dir='ltr'>vero</span> <span class='ocrx_word' id='word_1_382' title='bbox 2353 4261 2593 4311; x_wconf 88' lang='lat' dir='ltr'>crimine,</span> <span class='ocrx_word' id='word_1_383' title='bbox 2630 4249 2700 4321; x_wconf 62' lang='lat' dir='ltr'>ol?</span> <span class='ocrx_word' id='word_1_384' title='bbox 2733 4247 2877 4320; x_wconf 78' lang='lat' dir='ltr'>quod</span> <span class='ocrx_word' id='word_1_385' title='bbox 2936 4244 3163 4302; x_wconf 75' lang='lat' dir='ltr'>Benefi-</span> 
     </span>
     <span class='ocr_line' id='line_1_38' title="bbox 544 4314 3167 4379; baseline -0.001 -13"><span class='ocrx_word' id='word_1_386' title='bbox 544 4318 687 4369; x_wconf 86' lang='lat' dir='ltr'>cium</span> <span class='ocrx_word' id='word_1_387' title='bbox 713 4317 903 4370; x_wconf 86' lang='lat' dir='ltr'>debeat</span> <span class='ocrx_word' id='word_1_388' title='bbox 935 4319 1190 4377; x_wconf 85' lang='lat' dir='ltr'>amittere,</span> <span class='ocrx_word' id='word_1_389' title='bbox 1229 4319 1308 4368; x_wconf 86' lang='lat' dir='ltr'>vel</span> <span class='ocrx_word' id='word_1_390' title='bbox 1335 4318 1458 4379; x_wconf 85' lang='lat' dir='ltr'>jura</span> <span class='ocrx_word' id='word_1_391' title='bbox 1490 4330 1515 4368; x_wconf 90' lang='lat' dir='ltr'>s</span> <span class='ocrx_word' id='word_1_392' title='bbox 1556 4314 1787 4367; x_wconf 86' lang='lat' dir='ltr'>iritualia</span> <span class='ocrx_word' id='word_1_393' title='bbox 1820 4316 2053 4376; x_wconf 86' lang='lat' dir='ltr'>amplius</span> <span class='ocrx_word' id='word_1_394' title='bbox 2086 4314 2316 4378; x_wconf 83' lang='lat' dir='ltr'>nequeat</span> <span class='ocrx_word' id='word_1_395' title='bbox 2345 4324 2610 4368; x_wconf 84' lang='lat' dir='ltr'>exercere,</span> <span class='ocrx_word' id='word_1_396' title='bbox 2652 4321 3016 4362; x_wconf 87' lang='lat' dir='ltr'>simoniacum</span> <span class='ocrx_word' id='word_1_397' title='bbox 3075 4324 3167 4364; x_wconf 76' lang='lat' dir='ltr'>es·</span> 
     </span>
     <span class='ocr_line' id='line_1_39' title="bbox 544 4331 3165 4449; baseline -0 -20"><span class='ocrx_word' id='word_1_398' title='bbox 544 4379 628 4430; x_wconf 82' lang='lat' dir='ltr'>set</span> <span class='ocrx_word' id='word_1_399' title='bbox 659 4380 827 4441; x_wconf 86' lang='lat' dir='ltr'>pretio</span> <span class='ocrx_word' id='word_1_400' title='bbox 861 4381 1120 4433; x_wconf 84' lang='lat' dir='ltr'>redimere</span> <span class='ocrx_word' id='word_1_401' title='bbox 1151 4381 1487 4431; x_wconf 85' lang='lat' dir='ltr'>vexationem</span> <span class='ocrx_word' id='word_1_402' title='bbox 1520 4331 1687 4441; x_wconf 58' lang='lat' dir='ltr'>gaam</span> <span class='ocrx_word' id='word_1_403' title='bbox 1723 4377 1848 4441; x_wconf 88' lang='lat' dir='ltr'>quia</span> <span class='ocrx_word' id='word_1_404' title='bbox 1882 4378 1984 4428; x_wconf 88' lang='lat' dir='ltr'>tale</span> <span class='ocrx_word' id='word_1_405' title='bbox 2012 4377 2099 4441; x_wconf 85' lang='lat' dir='ltr'>jus</span> <span class='ocrx_word' id='word_1_406' title='bbox 2130 4388 2237 4449; x_wconf 81' lang='lat' dir='ltr'>non</span> <span class='ocrx_word' id='word_1_407' title='bbox 2273 4376 2353 4426; x_wconf 88' lang='lat' dir='ltr'>est</span> <span class='ocrx_word' id='word_1_408' title='bbox 2384 4374 2624 4447; x_wconf 41' lang='lat' dir='ltr'>firmum,</span> <span class='ocrx_word' id='word_1_409' title='bbox 2648 4373 2878 4435; x_wconf 81' lang='lat' dir='ltr'>ideoque</span> <span class='ocrx_word' id='word_1_410' title='bbox 2901 4374 3165 4428; x_wconf 81' lang='lat' dir='ltr'>tollendo</span> 
     </span>
     <span class='ocr_line' id='line_1_40' title="bbox 544 4435 3030 4509; baseline -0.003 -18"><span class='ocrx_word' id='word_1_411' title='bbox 544 4441 882 4493; x_wconf 83' lang='lat' dir='ltr'>vexationem</span> <span class='ocrx_word' id='word_1_412' title='bbox 912 4441 1111 4501; x_wconf 84' lang='lat' dir='ltr'>justam</span> <span class='ocrx_word' id='word_1_413' title='bbox 1144 4442 1313 4505; x_wconf 87' lang='lat' dir='ltr'>pretio</span> <span class='ocrx_word' id='word_1_414' title='bbox 1346 4443 1541 4494; x_wconf 88' lang='lat' dir='ltr'>emitur</span> <span class='ocrx_word' id='word_1_415' title='bbox 1567 4440 1657 4503; x_wconf 83' lang='lat' dir='ltr'>jus</span> <span class='ocrx_word' id='word_1_416' title='bbox 1689 4439 1933 4500; x_wconf 79' lang='lat' dir='ltr'>firmum,</span> <span class='ocrx_word' id='word_1_417' title='bbox 1964 4438 2108 4501; x_wconf 82' lang='lat' dir='ltr'>quod</span> <span class='ocrx_word' id='word_1_418' title='bbox 2143 4437 2359 4501; x_wconf 91' lang='lat' dir='ltr'>quidem</span> <span class='ocrx_word' id='word_1_419' title='bbox 2390 4438 2472 4487; x_wconf 89' lang='lat' dir='ltr'>est</span> <span class='ocrx_word' id='word_1_420' title='bbox 2500 4435 2793 4509; x_wconf 68' lang='lat' dir='ltr'>spirituale.</span> <span class='ocrx_word' id='word_1_421' title='bbox 2857 4496 2867 4507; x_wconf 30' lang='grc' dir='ltr'>ι</span> <span class='ocrx_word' id='word_1_422' title='bbox 2964 4496 2974 4508; x_wconf 91' lang='lat'><strong>.</strong></span> <span class='ocrx_word' id='word_1_423' title='bbox 3018 4496 3030 4507; x_wconf 44' lang='grc'><em>.</em></span> 
     </span>
    </p>

    <p class='ocr_par' dir='ltr' id='par_1_8' title="bbox 546 4495 3166 4816">
     <span class='ocr_line' id='line_1_41' title="bbox 610 4495 3162 4565; baseline -0.001 -11"><span class='ocrx_word' id='word_1_424' title='bbox 610 4504 632 4543; x_wconf 81' lang='lat'>⁸</span> <span class='ocrx_word' id='word_1_425' title='bbox 666 4503 723 4554; x_wconf 87' lang='lat' dir='ltr'>C.</span> <span class='ocrx_word' id='word_1_426' title='bbox 758 4503 1050 4565; x_wconf 78' lang='lat' dir='ltr'>MatthaeuS‚</span> <span class='ocrx_word' id='word_1_427' title='bbox 1084 4505 1143 4555; x_wconf 83' lang='lat' dir='ltr'>de</span> <span class='ocrx_word' id='word_1_428' title='bbox 1176 4505 1290 4555; x_wconf 79' lang='lat' dir='ltr'>sim.</span> <span class='ocrx_word' id='word_1_429' title='bbox 1326 4504 1491 4556; x_wconf 85' lang='lat' dir='ltr'>Aliter</span> <span class='ocrx_word' id='word_1_430' title='bbox 1522 4503 1666 4555; x_wconf 86' lang='lat' dir='ltr'>esset</span> <span class='ocrx_word' id='word_1_431' title='bbox 1699 4503 1743 4553; x_wconf 89' lang='lat' dir='ltr'>si</span> <span class='ocrx_word' id='word_1_432' title='bbox 1782 4513 1813 4552; x_wconf 87' lang='lat' dir='ltr'>a</span> <span class='ocrx_word' id='word_1_433' title='bbox 1847 4502 2031 4553; x_wconf 88' lang='lat' dir='ltr'>eretur</span> <span class='ocrx_word' id='word_1_434' title='bbox 2063 4500 2129 4551; x_wconf 87' lang='lat' dir='ltr'>de</span> <span class='ocrx_word' id='word_1_435' title='bbox 2162 4502 2281 4551; x_wconf 90' lang='lat' dir='ltr'>actu</span> <span class='ocrx_word' id='word_1_436' title='bbox 2305 4509 2660 4562; x_wconf 78' lang='lat' dir='ltr'>possessionis</span> <span class='ocrx_word' id='word_1_437' title='bbox 2684 4495 3033 4548; x_wconf 81' lang='lat' dir='ltr'>ecclesiastici</span> <span class='ocrx_word' id='word_1_438' title='bbox 3060 4499 3162 4551; x_wconf 85' lang='lat' dir='ltr'>Be-</span> 
     </span>
     <span class='ocr_line' id='line_1_42' title="bbox 546 4557 3165 4635; baseline -0.001 -19"><span class='ocrx_word' id='word_1_439' title='bbox 546 4564 722 4619; x_wconf 79' lang='lat' dir='ltr'>neficii</span> <span class='ocrx_word' id='word_1_440' title='bbox 752 4565 862 4627; x_wconf 86' lang='lat' dir='ltr'>jam</span> <span class='ocrx_word' id='word_1_441' title='bbox 898 4565 1097 4619; x_wconf 87' lang='lat' dir='ltr'>collati:</span> <span class='ocrx_word' id='word_1_442' title='bbox 1136 4567 1260 4617; x_wconf 87' lang='lat' dir='ltr'>tunc</span> <span class='ocrx_word' id='word_1_443' title='bbox 1295 4565 1618 4628; x_wconf 80' lang='lat' dir='ltr'>probabilius</span> <span class='ocrx_word' id='word_1_444' title='bbox 1650 4565 1808 4616; x_wconf 86' lang='lat' dir='ltr'>licere</span> <span class='ocrx_word' id='word_1_445' title='bbox 1862 4565 1999 4614; x_wconf 84' lang='lat' dir='ltr'>hanc</span> <span class='ocrx_word' id='word_1_446' title='bbox 2033 4561 2639 4635; x_wconf 34' lang='lat' dir='ltr'>vexationem-pecunia</span> <span class='ocrx_word' id='word_1_447' title='bbox 2672 4557 2935 4610; x_wconf 80' lang='lat' dir='ltr'>redimere</span> <span class='ocrx_word' id='word_1_448' title='bbox 2948 4571 2963 4621; x_wconf 90' lang='lat'>;</span> <span class='ocrx_word' id='word_1_449' title='bbox 3011 4562 3165 4622; x_wconf 85' lang='lat' dir='ltr'>quia</span> 
     </span>
     <span class='ocr_line' id='line_1_43' title="bbox 546 4623 3165 4696; baseline -0.002 -17"><span class='ocrx_word' id='word_1_450' title='bbox 546 4627 819 4689; x_wconf 83' lang='lat' dir='ltr'>possessio</span> <span class='ocrx_word' id='word_1_451' title='bbox 853 4629 931 4678; x_wconf 89' lang='lat' dir='ltr'>est</span> <span class='ocrx_word' id='word_1_452' title='bbox 963 4627 1287 4688; x_wconf 87' lang='lat' dir='ltr'>temporalis,</span> <span class='ocrx_word' id='word_1_453' title='bbox 1322 4640 1444 4678; x_wconf 89' lang='lat' dir='ltr'>cum</span> <span class='ocrx_word' id='word_1_454' title='bbox 1479 4630 1532 4678; x_wconf 90' lang='lat' dir='ltr'>in</span> <span class='ocrx_word' id='word_1_455' title='bbox 1567 4628 1681 4677; x_wconf 84' lang='lat' dir='ltr'>solo</span> <span class='ocrx_word' id='word_1_456' title='bbox 1716 4629 1851 4679; x_wconf 81' lang='lat' dir='ltr'>tacto</span> <span class='ocrx_word' id='word_1_457' title='bbox 1885 4628 1986 4676; x_wconf 87' lang='lat' dir='ltr'>sita</span> <span class='ocrx_word' id='word_1_458' title='bbox 2019 4625 2102 4676; x_wconf 88' lang='lat' dir='ltr'>sit.</span> <span class='ocrx_word' id='word_1_459' title='bbox 2136 4625 2341 4696; x_wconf 79' lang='lat' dir='ltr'>Pariter</span> <span class='ocrx_word' id='word_1_460' title='bbox 2365 4634 2597 4696; x_wconf 79' lang='lat' dir='ltr'>simonia</span> <span class='ocrx_word' id='word_1_461' title='bbox 2642 4633 2752 4673; x_wconf 90' lang='lat' dir='ltr'>non</span> <span class='ocrx_word' id='word_1_462' title='bbox 2801 4623 2943 4673; x_wconf 86' lang='lat' dir='ltr'>esset</span> <span class='ocrx_word' id='word_1_463' title='bbox 2990 4634 3165 4693; x_wconf 69' lang='lat' dir='ltr'>pocu-</span> 
     </span>
     <span class='ocr_line' id='line_1_44' title="bbox 548 4684 3166 4748; baseline -0 -9"><span class='ocrx_word' id='word_1_464' title='bbox 548 4691 693 4741; x_wconf 86' lang='lat' dir='ltr'>niam</span> <span class='ocrx_word' id='word_1_465' title='bbox 733 4688 960 4739; x_wconf 84' lang='lat' dir='ltr'>tribuere</span> <span class='ocrx_word' id='word_1_466' title='bbox 991 4688 1326 4747; x_wconf 76' lang='lat' dir='ltr'>electoribuS,</span> <span class='ocrx_word' id='word_1_467' title='bbox 1359 4691 1418 4741; x_wconf 93' lang='lat' dir='ltr'>ut</span> <span class='ocrx_word' id='word_1_468' title='bbox 1450 4688 1707 4740; x_wconf 87' lang='lat' dir='ltr'>desistant</span> <span class='ocrx_word' id='word_1_469' title='bbox 1740 4690 1805 4739; x_wconf 88' lang='lat' dir='ltr'>ab</span> <span class='ocrx_word' id='word_1_470' title='bbox 1840 4688 2093 4740; x_wconf 86' lang='lat' dir='ltr'>electione</span> <span class='ocrx_word' id='word_1_471' title='bbox 2123 4686 2356 4748; x_wconf 85' lang='lat' dir='ltr'>indigni;</span> <span class='ocrx_word' id='word_1_472' title='bbox 2431 4697 2519 4736; x_wconf 91' lang='lat' dir='ltr'>uia</span> <span class='ocrx_word' id='word_1_473' title='bbox 2565 4684 2799 4735; x_wconf 86' lang='lat' dir='ltr'>Ecclesia</span> <span class='ocrx_word' id='word_1_474' title='bbox 2846 4684 3011 4735; x_wconf 76' lang='lat' dir='ltr'>hauet</span> <span class='ocrx_word' id='word_1_475' title='bbox 3059 4697 3166 4746; x_wconf 70' lang='lat' dir='ltr'>,ius</span> 
     </span>
     <span class='ocr_line' id='line_1_45' title="bbox 550 4746 3161 4816; baseline -0.001 -15"><span class='ocrx_word' id='word_1_476' title='bbox 550 4752 873 4816; x_wconf 82' lang='lat' dir='ltr'>acquisitum</span> <span class='ocrx_word' id='word_1_477' title='bbox 908 4751 962 4802; x_wconf 89' lang='lat' dir='ltr'>in</span> <span class='ocrx_word' id='word_1_478' title='bbox 996 4748 1217 4812; x_wconf 85' lang='lat' dir='ltr'>dignos:</span> <span class='ocrx_word' id='word_1_479' title='bbox 1251 4750 1393 4801; x_wconf 88' lang='lat' dir='ltr'>unde</span> <span class='ocrx_word' id='word_1_480' title='bbox 1426 4749 1641 4804; x_wconf 86' lang='lat' dir='ltr'>daretur</span> <span class='ocrx_word' id='word_1_481' title='bbox 1678 4762 1773 4814; x_wconf 88' lang='lat' dir='ltr'>pro</span> <span class='ocrx_word' id='word_1_482' title='bbox 1808 4747 2110 4800; x_wconf 86' lang='lat' dir='ltr'>desistendo</span> <span class='ocrx_word' id='word_1_483' title='bbox 2145 4761 2177 4798; x_wconf 90' lang='lat' dir='ltr'>a</span> <span class='ocrx_word' id='word_1_484' title='bbox 2210 4748 2371 4800; x_wconf 81' lang='lat' dir='ltr'>malo,</span> <span class='ocrx_word' id='word_1_485' title='bbox 2438 4749 2547 4799; x_wconf 91' lang='lat' dir='ltr'>icut</span> <span class='ocrx_word' id='word_1_486' title='bbox 2566 4747 2747 4799; x_wconf 82' lang='lat' dir='ltr'>liceret</span> <span class='ocrx_word' id='word_1_487' title='bbox 2766 4746 2894 4798; x_wconf 86' lang='lat' dir='ltr'>dare</span> <span class='ocrx_word' id='word_1_488' title='bbox 2921 4758 3023 4811; x_wconf 88' lang='lat' dir='ltr'>pro</span> <span class='ocrx_word' id='word_1_489' title='bbox 3054 4746 3161 4811; x_wconf 74' lang='lat' dir='ltr'>eli-</span> 
     </span>
    </p>
   </div>
  </div>
 </body>
</html>
