3292 5167
1197 295 1277 341 ne
1323 294 1572 341 Amisus
1618 294 1956 343 minicius
2775 274 2856 341 17

356 540 507 605 Aur.
560 560 797 607 unicus.
834 574 926 592 —-·
967 543 1061 607 De
1092 540 1494 607 meditatione
1517 594 1535 624 ,
1582 540 2091 630 contemplatione
2134 551 2190 607 et
2235 541 2513 608 oratione
2558 539 2778 608 vocali.

353 770 490 832 21·
548 773 622 852 Q.
677 774 735 838 1.
783 772 946 853 Quid
988 766 1079 839 est
1122 771 1438 840 meditatio
1484 784 1539 841 et
1585 792 1672 840 an
1715 771 2116 840 necessaria?

356 880 424 944 R.
473 877 823 947 Meditatio
871 886 973 948 est
1011 881 1131 967 pia
1174 880 1587 948 consideratio
1630 898 1846 947 rerum
1891 879 2254 946 divinarum
2288 876 2373 944 ad
2402 880 2867 967 concipiendam

274 986 469 1051 animi
516 988 1072 1074 compunctionem,
1104 986 1501 1070 devotionem,
1535 987 1862 1072 servorem,
1908 998 1965 1053 et
1993 986 2079 1053 ad
2119 1005 2322 1053 mores
2351 999 2594 1054 nostros
2623 987 2708 1053 ad
2739 989 2868 1054 vir-

271 1105 451 1161 tutem
523 1095 980 1180 informandos.
1052 1094 1419 1181 Dupliciter
1488 1100 1711 1163 autem
1783 1093 2122 1162 meditatio
2191 1093 2396 1181 accipi
2462 1102 2720 1181 potest:
2769 1093 2869 1162 vel

276 1207 466 1286 prout
519 1208 628 1268 est
676 1219 899 1270 rerum
950 1201 1314 1269 divinarum
1365 1201 1810 1270 consideratio
1858 1207 2120 1288 peracta
2154 1219 2305 1270 cum
2343 1200 2655 1287 peculiari
2704 1218 2868 1287 qua-

278 1306 417 1374 dam
468 1308 687 1375 forma
737 1316 801 1377 et
853 1309 1118 1395 propria
1166 1308 1528 1391 method0,
1580 1309 1670 1377 uti
1738 1309 1802 1376 in
1853 1308 2158 1377 claustris
2227 1316 2293 1377 et
2352 1308 2495 1376 aliis
2543 1307 2869 1395 religiosis

275 1414 867 1484 communitatibus
915 1414 1056 1485 fieri
1105 1416 1276 1484 solet
1292 1443 1312 1499 ;
1348 1417 1447 1485 vel
1481 1423 1681 1502 prout
1715 1422 1817 1485 est
1860 1415 2258 1502 simpliciter
2297 1417 2401 1503 pia
2441 1414 2676 1483 animae
2716 1431 2872 1483 con-

276 1520 592 1588 sideratio
642 1505 1084 1591 abstrahendo
1135 1539 1167 1589 a
1220 1539 1615 1608 quacunque
1665 1521 1978 1608 peculiari
2028 1523 2235 1591 forma
2284 1541 2359 1591 ac
2407 1521 2744 1591 methodo.

359 1627 425 1694 Si
481 1629 704 1713 primo
756 1628 954 1698 modo
1005 1629 1368 1716 accipiatur
1414 1628 1798 1714 meditatio,
1849 1629 1977 1698 dici
2027 1631 2258 1717 nequit
2307 1629 2616 1699 omnibus
2666 1628 2871 1697 fideli-

280 1735 396 1802 bus
447 1734 700 1805 adultis
750 1737 1155 1818 necessaria3
1205 1755 1354 1805 cum
1405 1736 1483 1805 ad
1531 1737 1718 1805 illum
1782 1739 2136 1805 terminum
2208 1737 2555 1824 multiplex
2605 1736 2692 1805 sit
2741 1736 2868 1803 via:

279 1857 658 1929 quanquam
709 1843 945 1912 melius
993 1845 1078 1912 sit
1144 1845 1311 1912 hanc
1358 1844 1528 1911 viam
1574 1844 1885 1929 aggredi,
1935 1863 2133 1932 quam
2183 1845 2288 1913 alii
2341 1844 2868 1914 commodiorem

281 1951 533 2033 experti
585 1956 765 2018 sunt.
816 1951 880 2018 Si
928 1969 1084 2020 vero
1134 1951 1495 2037 accipiatur
1537 1950 1880 2020 meditatio
1930 1952 2059 2019 alio
2109 1952 2330 2036 modo,
2381 1951 2678 2038 quamvis
2727 1949 2871 2017 haec

280 2055 527 2138 oratic,
574 2057 805 2126 stricte
849 2065 915 2125 et
959 2058 1264 2127 absolute
1309 2058 1668 2144 loquendo,
1715 2077 1848 2129 non
1881 2060 1982 2140 sit,
2012 2058 2381 2129 necessaria
2430 2058 2511 2127 ad
2558 2063 2873 2126 aeternam

275 2164 558 2232 salutem
623 2166 1202 2252 consequendam,
1253 2166 1448 2236 sicuti
1497 2173 1599 2236 est
1648 2168 2019 2237 necessaria
2085 2168 2365 2255 petitio,
2436 2165 2869 2235 nibilominus

276 2269 538 2338 videtur
582 2271 768 2340 valde
816 2274 1185 2342 necessaria
1256 2274 1642 2357 animabuS‚
1693 2280 1766 2342 ut
1838 2274 1902 2342 in
1962 2275 2078 2342 Dei
2147 2275 2354 2360 gratia
2403 2278 2864 2361 perseverent;

278 2395 425 2445 cum
474 2377 757 2465 reliquis
805 2380 1069 2466 pietatis
1119 2381 1433 2467 operibus
1485 2388 1707 2470 potest
1754 2388 2100 2467 peccatum
2148 2382 2539 2466 consistere,
2580 2379 2697 2449 sed
2735 2398 2868 2448 non

280 2492 564 2570 possunt
609 2503 738 2554 una
786 2487 981 2555 simul
1038 2488 1254 2557 vivere
1320 2488 1464 2557 haec
1530 2488 1743 2556 oratio
1818 2495 1884 2556 et
1956 2487 2382 2575 peccatum¹.
2432 2492 2526 2556 En
2577 2485 2871 2555 medium

282 2592 690 2660 tutissimum
738 2600 802 2661 et
850 2594 1078 2662 efficax
1128 2614 1259 2663 non
1308 2596 1525 2664 solum
1573 2593 1653 2662 ad
1702 2595 1929 2682 culpas
1973 2595 2312 2679 vitandas,
2363 2595 2480 2664 sed
2541 2593 2619 2661 ad
2681 2593 2878 2661 flam-.

278 2715 451 2770 mam
500 2700 703 2769 divini
750 2703 1013 2776 amoris,
1044 2702 1570 2786 accendendam,
1620 2710 1685 2772 et
1732 2703 1877 2771 sine
1941 2721 2072 2790 quo
2148 2722 2361 2791 prono
2433 2702 2631 2772 veluti
2686 2702 2869 2771 alveo

281 2810 493 2875 anima
546 2816 771 2877 nostra
820 2811 887 2878 in
936 2829 1136 2880 omne
1184 2812 1490 2880 vitiorum
1541 2829 1751 2896 genus
1809 2810 2291 2897 prolaberetur.

354 2951 523 3014 Hinc
563 2955 643 3018 de
686 2954 1107 3019 meditatione
1149 2972 1308 3036 pure
1371 2963 1435 3019 et
1498 2955 1881 3034 simpliciter
1943 2965 2192 3035 sumpta
2255 2956 2449 3020 babet
2501 2954 2867 3034 Scriptura:

278 3032 627 3098 Memorare
684 3037 1025 3100 novissima
1067 3038 1179 3101 tna
1203 3083 1220 3112 ,
1266 3043 1329 3100 et
1368 3037 1437 3123 in
1477 3043 1781 3100 <eternam
1822 3054 1945 3100 non
1981 3036 2311 3117 peccabis.-
2355 3038 2424 3099 in
2465 3036 2868 3100 meditatione

279 3131 411 3178 mea
451 3116 822 3180 exardescet
860 3118 1065 3198 ionis:
1105 3117 1483 3180 desolatione
1524 3118 1808 3180 desolata
1850 3123 1945 3179 est
1984 3118 2184 3182 omnis
2230 3123 2427 3192 terra,
2509 3118 2617 3179 aia
2654 3117 2869 3180 nullas

283 3203 375 3257 est
416 3197 528 3276 qui
566 3198 869 3290 recoqitet
907 3198 1089 3261 corde
1122 3196 1171 3260 ².
1211 3198 1302 3260 Ad
1336 3213 1471 3261 rem
1514 3197 1726 3277 Stapf:
1768 3196 1930 3272 Qnid
1971 3196 2331 3262 terribilius
2374 3135 2641 3278 intgrno,
2669 3198 2741 3259 de
2770 3214 2870 3260 cu·

272 3275 383 3354 jus
409 3278 757 3341 existentia
797 3278 964 3342 nulli
1009 3278 1457 3341 catholicorum
1496 3277 1788 3342 dubitare
1819 3278 2001 3342 licet?
2029 3287 2092 3342 et
2120 3279 2529 3342 nihilominus
2568 3279 2677 3357 qui
2707 3277 2867 3340 nanc

277 3358 608 3421 veritatem
648 3376 969 3439 nunqnam
1010 3360 1453 3435 considerant,
1495 3360 1591 3422 ita
1626 3360 1996 3441 plerumque
2055 3361 2280 3424 vivant
2317 3376 2394 3423 ac
2434 3361 2493 3422 si
2533 3356 2659 3422 sibi
2699 3357 2865 3420 nihil

282 3438 621 3501 timendam
660 3446 839 3501 esset.
882 3440 1065 3503 Fides
1106 3440 1360 3504 illorum
1409 3440 1545 3521 iyni
1585 3457 1710 3503 non
1751 3437 2064 3504 absimilis
2107 3448 2222 3517 est,
2263 3442 2372 3520 qui
2404 3441 2472 3502 in
2500 3439 2678 3502 silice
2708 3438 2874 3501 latet

318 3519 542 3598 uidem,
564 3529 846 3584 ‘attamen
880 3521 1101 3584 tandiu
1134 3522 1423 3600 inefficax
1463 3529 1694 3594 manet,
1720 3521 1907 3585 donec
1950 3522 2237 3601 repetitis
2277 3520 2510 3584 ictibus
2541 3519 2867 3582 eliciatur.

338 3601 440 3661 inc
474 3604 800 3680 piissimus
825 3599 1102 3664 Gerson:
1130 3600 1389 3682 Absque
1405 3602 1832 3664 meditationis
1861 3603 2163 3667 excercitio
2197 3604 2433 3679 nullas,
2469 3601 2710 3663 secluso
2749 3600 2862 3662 mi·

280 3681 501 3743 racnlo
545 3682 657 3744 Dei
697 3699 727 3744 s
771 3683 960 3745 eciali
987 3730 1006 3759 ,
1051 3682 1135 3744 ad
1174 3683 1593 3746 rectissimam
1637 3682 2004 3746 christianas
2047 3683 2185 3747 Reli
2230 3683 2392 3747 ionis
2436 3697 2721 3746 normam
2763 3686 2863 3742 at·

283 3761 474 3842 tingit
504 3760 551 3824 ³.
596 3761 658 3824 S.
762 3761 1066 3842 lphonsus
1110 3763 1228 3824 boc
1274 3762 1488 3838 babet,
1538 3778 1862 3841 nunquam
1907 3766 2121 3827 animo
2212 3764 2512 3827 elendum
2567 3762 2867 3824 effatum:

282 3837 351 3902 Si
392 3850 579 3923 tenya
618 3860 734 3925 per
774 3843 1036 3922 perduco
1071 3843 1212 3922 quel
1283 3843 1476 3918 iorno,
1521 3844 1591 3905 in
1631 3845 1739 3905 eui
1782 3846 1838 3907 si
1873 3844 2072 3908 lascia
2117 3846 2473 3909 l'orazione
2514 3840 2785 3905 mentale
2820 3837 2866 3901 ⁴.

281 3920 356 3984 Et
396 3923 788 3986 Benedictus
815 3923 975 4000 XlV,
1004 3923 1182 3986 Bulla
1326 3924 1766 4000 emadmodam‚
1809 3924 1887 3989 ad
1925 3925 2303 3989 alliciendos
2348 3923 2578 3988 fideles
2624 3920 2701 3985 ad
2735 3935 2862 3982 me·

285 4002 618 4066 (litationis
658 4004 1039 4067 exercitium
1076 4003 1329 4078 et.illud
1377 4003 1758 4068 docentibus
1801 4014 1865 4068 et
1906 4023 1984 4069 eo
2030 4006 2381 4083 utentibus,
2427 4002 2869 4083 indulgentias

283 4092 590 4165 perpetuo
623 4086 954 4148 concessit.

343 4308 364 4348 ¹
405 4309 462 4358 V.
497 4308 732 4371 Lignori,
766 4309 958 4359 Pro-vis
989 4306 1313 4370 confessarii,
1348 4318 1403 4359 n.
1439 4310 1544 4360 122.
2509 4370 2519 4380 ⁹

342 4370 366 4411 ²
396 4371 555 4422 Eccli.
588 4382 692 4433 vu3
730 4372 811 4421 Ps.
850 4382 1088 4433 xxxvm3
1121 4371 1174 4421 et
1205 4370 1308 4421 Jer.
1343 4381 1438 4420 ιιι.
1939 4369 1961 4408 ⁸
1998 4368 2172 4418 Tract.
2208 4368 2253 4420 D
2289 4369 2635 4421 meditatione.

343 4432 366 4473 ⁴
400 4433 558 4496 Opere
587 4432 871 4496 spi-rituali.
907 4432 1035 4492 Quae
1068 4432 1255 4483 omnia
1287 4432 1525 4483 maxime
1555 4442 1658 4483 nos
1686 4430 2076 4502 ecclesiasticos
2106 4430 2314 4493 urgent,
2357 4433 2418 4482 ut
2468 4432 2690 4495 gratiam
2739 4431 2832 4482 Dei
2852 4468 2868 4493 ‚

287 4495 613 4609 afleta,
632 4494 1681 4617 ‘tartarum&immanitate
1703 4490 1900 4606 aaa
1908 4493 2869 4618 ¹30ma0¹1¹ffisstt³mss²a⁰teta

295 4621 393 4669 anm
428 4620 851 4683 confessionibus,
882 4569 1225 4671 nwgdlmitffat
1255 4617 1597 4680 confessarius
1626 4591 1892 4668 {insinuare
1924 4595 2216 4679 (poenitenti
2250 4617 2647 4677 ecclesiastico),
2683 4621 2739 4668 ut
2789 4619 2870 4668 in-

291 4683 484 4733 cumbat
513 4685 747 4735 oratiam
778 4683 1011 4742 mentali,
1042 4683 1153 4733 sine
1184 4694 1287 4746 qna
1317 4680 1609 4743 difficillime
1640 4680 1799 4731 bonus
1829 4679 1929 4729 erit
1959 4680 2211 4730 sacerdos.
2247 4705 2308 4717 —
2345 4681 2408 4731 V.
2457 4681 2641 4730 Esame
2690 4690 2866 4739 rayno·

290 4750 405 4796 nuto
437 4757 635 4798 ovvero
669 4746 922 4797 Decisioni
954 4746 1226 4808 teotoaiche
1255 4745 1337 4796 sui
1367 4745 1540 4796 doceri
1571 4743 1652 4795 dei
1682 4742 1949 4803 sacerdoti,
1982 4753 2030 4793 c.
2063 4753 2135 4794 lv.
2174 4743 2384 4803 Parma,
2420 4742 2559 4794 ¹863.
