3292 5167
594 224 725 292 776
1817 248 2000 295 tucax

593 342 741 407 Car.
825 342 896 407 ΙΙ.
943 343 1031 408 De
1078 345 1230 410 fidei
1275 346 1546 425 objecto,
1581 347 1827 427 regula,
1868 347 2115 429 analysi
2161 363 2233 410 ac
2274 347 2561 429 subjecto
2643 398 2658 413 .
2743 396 2760 413 .
2843 349 2983 432 Paq
3070 348 3207 413 606

593 424 741 487 Cn.
805 424 906 488 Ill.
952 427 1040 488 De
1084 427 1232 491 fidei
1281 429 1783 507 proprietatibus
1856 465 2857 493 ...........
2942 453 2968 485 ι
3073 429 3211 492 612

673 507 816 568 Art.
863 507 892 569 1
942 506 1031 570 De
1075 507 1223 570 fidei
1270 509 1661 571 certitudine
1720 524 1793 571 ac
1837 508 2271 572 credibilitate
2351 556 2368 572 .
2450 557 2466 572 .
2549 557 2566 590 2
2646 557 2663 574 .
2744 556 2761 574 .
2840 553 2863 578 .
2942 534 2968 565 ·
3073 509 3207 574 613

674 584 822 648 Art.
861 585 919 648 2.
966 587 1053 650 De
1098 587 1245 650 fidei
1294 590 1674 652 necessitate
1756 636 2858 654 ............
2941 614 2967 646 ι
3073 590 3208 655 616

756 665 807 727 1.
852 666 942 729 De
984 666 1132 730 fidei
1180 672 1562 734 necessitate
1607 670 1858 732 ratione
1900 677 2081 734 actus
2125 670 2460 733 interioris
2542 719 2557 733 .
2642 720 2656 733 .
2742 719 2756 733 .
2840 716 2858 734 .
2941 697 2965 727 ι
3070 671 3205 735 617

751 746 807 808 2.
851 747 940 809 De
983 747 1133 810 fidei
1180 751 1559 814 necessitate
1603 758 1854 814 ratione
1885 758 2061 815 actus
2092 751 2458 829 exterioris,
2493 749 2573 815 de
2606 750 2856 831 symbo-

762 825 838 888 lis
885 828 1033 890 fidei
1079 838 1143 892 et
1184 830 1590 893 catechismis
1658 877 2858 895 .............
2940 857 2965 889 ι
3067 832 3200 895 625

597 901 742 968 Car.
829 906 926 970 lv.
971 907 1060 969 De
1102 909 1297 988 praeci
1344 912 1443 973 uis
1487 907 1663 973 vitiis
1707 920 1771 974 et
1815 910 2091 989 peccatis
2135 909 2281 973 fidei
2347 911 2654 992 oppositis
2738 959 2752 974 .
2839 959 2855 976 .
2939 936 2962 967 ι
3064 912 3189 976 631

675 987 921 1131 Arafll‘.
962 989 1049 1131 Pg
1094 987 1292 1051 infide
1324 991 1476 1053 itate
1519 1000 1708 1071 atque
1755 991 2040 1055 fidelium
2085 993 2671 1066 communicatione
2713 1007 2858 1055 cnm
3109 1073 3153 1136 b

757 1083 822 1131 tn
921 1075 1003 1132 ei
1055 1086 1125 1132 us
1168 1117 2861 1136 ..................
2947 1097 2970 1129 ι
3083 1073 3100 1134 i
3153 1120 3171 1135 .

686 1152 829 1214 Art.
872 1150 928 1211 2.
984 1148 1073 1210 De
1137 1152 1366 1213 haeresi
1423 1161 1490 1214 et
1552 1153 1864 1229 apostasia
1953 1199 2858 1216 ..........
2944 1178 2968 1208 ι
3065 1152 3191 1217 636

677 1231 710 1313 5
754 1231 998 1292 unicus.
1043 1229 1132 1291 De
1187 1229 1651 1294 catholicorum
1698 1235 2276 1295 communicatione
2321 1241 2387 1294 et
2429 1233 2862 1313 disputatione

758 1326 899 1372 cum
930 1311 1251 1373 baereticis
1286 1314 1350 1372 in
1385 1313 1575 1375 rebus
1608 1309 1796 1387 fldei;
1831 1329 1902 1375 ac
1936 1311 2017 1375 de
2048 1313 2374 1376 haereticis
2404 1313 2859 1394 dignoscendis
2941 1338 2965 1368 ι
3063 1312 3186 1376 642

678 1390 819 1453 Art.
864 1389 918 1453 3.
963 1391 1052 1454 De
1097 1391 1377 1455 lectione
1424 1391 1735 1456 librorum
1794 1393 2262 1471 prohibitorum
2347 1440 2857 1457 ......
2943 1419 2966 1452 ι
3064 1393 3189 1457 648

682 1469 1014 1534 Sotiatium.
1059 1470 1149 1534 De
1193 1472 1342 1535 fidei
1390 1472 1872 1553 impedimentis
1915 1473 2296 1553 generatim,
2326 1489 2399 1536 ac
2437 1473 2516 1537 de
2547 1472 2860 1554 peculiari

761 1551 826 1612 in
874 1551 1090 1629 {talla;
1132 1551 1212 1614 de
1256 1554 1336 1614 iis
1379 1552 1819 1629 eliminandis»,
1864 1568 1936 1616 ac
1962 1551 2174 1616 studio
2219 1553 2366 1615 fldei
2414 1554 2763 1618 dilatandas
2846 1603 2859 1617 .
2944 1579 2967 1609 ι
3065 1553 3188 1617 659

599 1630 1055 1698 DISPUTATIO
1100 1630 1170 1693 ΙΙ.
1217 1632 1305 1695 De
1361 1649 1473 1711 spe
1556 1680 2858 1698 ..............
2941 1659 2966 1691 ι
3064 1634 3190 1697 668

599 1712 745 1776 Car.
788 1728 955 1774 umc.
1003 1712 1091 1776 De
1135 1716 1266 1792 spei
1314 1713 1955 1791 natura‚·divisione,
2004 1707 2670 1795 objectohsuhjecto,
2718 1731 2861 1796 pro·

762 1795 1081 1869 prietate,
1125 1795 1306 1856 vitiis
1366 1811 1403 1854 o
1454 1795 1676 1873 positis
1746 1803 1810 1856 et
1868 1794 2171 1857 remediis
2253 1822 2969 1860 ........
3081 1794 3170 1857 ib.

600 1870 1058 1936 DISPUTATIO
1102 1872 1200 1936 ΙΙΙ.
1245 1872 1335 1936 De
1378 1890 1411 1935 c
1462 1877 1692 1937 aritate
1760 1902 2968 1940 ..............
3065 1874 3191 1937 675

599 1952 746 2016 Cu».
790 1951 830 2014 l.
876 1952 962 2015 De
1007 1955 1341 2017 charitatis
1387 1967 1637 2030 natura,
1673 1954 2012 2030 divisione,
2055 1955 2305 2033 objecto
2359 1963 2424 2018 et
2470 1957 2859 2037 proprietate
2941 1981 2966 2013 ι
3079 1955 3165 2017 ib.

679 2035 822 2096 Art.
866 2037 918 2095 1.
962 2034 1051 2098 De
1095 2036 1427 2097 charitatis
1473 2037 1854 2098 necessitate
1899 2035 2099 2099 relate
2142 2035 2219 2098 ad
2268 2035 2466 2099 Deum
2551 2084 2566 2099 .
2648 2084 2663 2099 .
2742 2083 2758 2099 .
2839 2083 2856 2099 .
2945 2063 2969 2094 ι
3066 2032 3190 2101 679

616 2153 622 2160 -
679 2114 819 2175 Art.
859 2112 915 2176 2.
964 2114 1050 2177 De
1092 2117 1408 2178 charitate
1452 2131 1601 2196 erga
1646 2131 1714 2179 se
1761 2117 1967 2195 ipsum
2011 2125 2076 2178 et
2104 2118 2489 2196 proximum,
2522 2133 2597 2180 ac
2626 2117 2704 2181 de
2733 2117 2854 2180 ini·

761 2196 1068 2258 micorum
1125 2195 1473 2260 dilectione
1556 2242 2664 2260 ............
2727 2245 2762 2261 ,.
2845 2246 2861 2260 .
2940 2219 2965 2251 ⁸
3064 2194 3188 2259 682

680 2273 819 2359 Art.
864 2276 919 2337 3.
964 2276 1053 2339 De
1095 2277 1424 2338 charitatis
1478 2276 1705 2338 officiis
1768 2275 1833 2338 in
1900 2280 2259 2355 proximum
2351 2324 2859 2341 ......
2941 2301 2964 2331 ι
3065 2274 3188 2340 688

760 2355 816 2419 1.
857 2356 945 2419 De
988 2357 1391 2435 eleemosyna
1461 2403 2862 2422 ...............
2943 2379 2968 2412 ι
3066 2354 3188 2420 689

758 2435 815 2499 2.
861 2437 945 2498 De
988 2438 1385 2499 correctione
1421 2435 1703 2499 fraterna
1751 2463 2970 2502 .............
3067 2436 3188 2500 694

599 2511 746 2577 Cn.
794 2515 860 2578 ΙΙ.
905 2517 993 2579 De
1036 2517 1265 2580 ordine
1310 2518 1373 2578 in
1423 2518 1756 2592 charitate,
1805 2525 1869 2579 et
1913 2517 2086 2580 vitiis
2131 2517 2433 2581 charitati
2477 2519 2788 2600 oppositis
2849 2568 2866 2582 .
2947 2543 2972 2575 ι
3069 2517 3188 2581 699

680 2597 821 2659 Art.
867 2598 918 2659 1.
965 2597 1050 2659 De
1107 2596 1408 2660 scandalo
1463 2601 1669 2660 activo
1751 2645 2857 2663 ............
2949 2623 2971 2655 ι
3072 2598 3189 2661 705
3269 2615 3270 2632 ¹

680 2678 819 2740 Art.
861 2679 920 2741 2.
964 2678 1051 2739 De
1084 2678 1386 2742 scandalo
1431 2681 1702 2757 passivo,
1735 2686 1926 2757 atque
1960 2681 2416 2757 cooperatione
2461 2679 2540 2742 ad
2586 2679 2862 2744 aliorum
3065 2756 3181 2822 7⁰9

763 2769 1016 2837 peccam
1070 2804 2856 2824 ...................
2944 2785 2969 2817 ι

686 2837 1017 2902 scholium.
1062 2840 1149 2901 De
1195 2842 1361 2902 notis
1404 2853 1514 2902 seu
1557 2840 1850 2903 censuris
1896 2837 2277 2918 theologicis
2342 2885 2859 2904 ......
2947 2863 2971 2896 ι
3069 2838 3138 2902 71

684 2920 1126 2985 Adnotationes
1168 2920 1246 2982 ad
1288 2920 1651 2984 Tractatum
1694 2927 1987 2983 octavum
2046 2962 2556 2986 ......
2741 2967 2756 2982 .
2841 2966 2859 2982 .
2948 2945 2972 2976 ι
3072 2919 3142 2982 71
