3292 5167
997 260 1078 306 nn
1125 259 1562 306 nesure-rioms
1610 259 1673 304 ιΝ
1722 260 1959 307 cannae
2689 241 2817 307 467

292 360 499 425 Prima
535 362 852 425 sententia
927 372 1025 425 est
1053 425 1057 429 ⁴
1089 361 1468 442 probabilis3
1514 371 1578 424 at
1619 361 1897 425 secunda
1961 360 2214 425 videtur
2252 361 2665 441 probabilior.
2701 362 2820 425 Me·

207 442 335 504 rito
370 450 579 505 tamen
612 452 831 505 censet
861 442 1080 518 Diana,
1107 443 1274 523 quod
1301 444 1353 504 si
1390 443 1490 505 fur
1524 442 1820 505 reddit-ut·
1868 445 2190 522 impotens
2214 442 2289 504 ad
2328 444 2818 519 restituendum,

208 531 277 585 et
318 523 559 586 deinde
604 522 806 585 factus
851 531 1099 602 potens,
1148 523 1292 586 data
1340 532 1821 602 opportunitate
1876 539 2030 585 non·
2057 524 2363 598 restituit,
2406 538 2641 586 novum
2675 539 2817 601 pec-

208 613 422 666 catum
465 604 851 678 committit;
913 605 1060 684 quia
1108 620 1220 682 per
1267 614 1517 682 tempus
1596 606 2000 684 impotentias
2067 603 2367 668 voluntas
2428 620 2558 667 non
2632 605 2816 668 resti-

213 684 438 747 tuendi
488 700 612 746 non
660 693 1033 764 perseverat
1081 686 1149 747 in
1208 685 1442 749 effectu
1490 684 1536 746 ¹.
2800 720 2811 726 ,

288 815 504 881 688.
552 817 770 885 Eritne
814 806 1138 905 (quaere's)
1183 818 1415 885 debitor
1459 816 1869 884 absolvendus
1914 829 2248 902 antequam
2295 818 2636 885 restituat?

296 923 371 991 Β.
419 924 830 1009 Regulariter
874 923 1211 1012 loquendo
1263 943 1396 993 non
1431 931 1533 993 est
1573 922 2040 1005 absolvenduS,
2091 923 2147 992 si
2197 922 2533 993 restitutio
2571 924 2656 992 sit
2692 924 2817 1010 ipsi

209 1029 552 1099 moraliter
597 1031 966 1117 possibilis;
1014 1032 1322 1101 luctuosa
1368 1031 1546 1099 enim
1580 1029 1999 1116 experientia
2034 1029 2249 1111 docet,
2287 1029 2624 1099 debitores
2663 1038 2816 1115 post

209 1136 715 1222 absolutionem,
766 1158 914 1207 raro
963 1139 1322 1208 admodum
1396 1138 1771 1207 restituere.
1827 1141 2040 1220 Quare
2088 1156 2137 1205 s.
2196 1138 2479 1206 Thomas
2530 1156 2564 1204 a
2614 1137 2817 1208 Villa—

209 1261 409 1311 nova:
461 1248 647 1314 Prius
690 1267 836 1333 erqo
884 1248 1070 1314 vadat
1118 1247 1508 1333 (poenitens)
1556 1258 1676 1313 et...
1720 1248 2055 1333 pecuniam
2119 1246 2396 1312 alienam
2462 1246 2814 1313 restituat...

208 1365 264 1419 et
306 1364 457 1420 tunc
500 1356 584 1421 ad
634 1356 1087 1440 confessarium
1154 1355 1384 1436 redeat,
1441 1367 1522 1420 'ut
1590 1352 1958 1420 absolvatur
2005 1348 2056 1418 ².
2107 1354 2175 1420 Si
2232 1361 2449 1421 tamen
2526 1354 2815 1439 prudens

211 1460 657 1529 confessarius
704 1480 928 1530 revera
978 1461 1428 1547 deprehendat
1478 1462 1699 1546 ipsum
1746 1459 2121 1529 debitorem
2200 1461 2464 1528 sincere
2514 1468 2816 1546 paratum

211 1566 291 1634 ad
339 1567 827 1636 restituendum
898 1588 1095 1656 quam
1167 1569 1474 1655 primum,
1547 1575 1729 1636 recte
1811 1567 2148 1654 procedet,
2201 1568 2255 1635 si
2323 1567 2817 1636 absolutionem

210 1675 630 1760 impertiatur
676 1677 875 1745 etiam
925 1697 1044 1765 pro
1095 1678 1285 1745 tertia
1358 1677 1516 1758 vice,
1589 1674 1787 1743 modo
1867 1675 2033 1743 tales
2107 1682 2459 1743 occurrant
2531 1662 2817 1742 circ'um-

210 1784 473 1851 stantiae
523 1784 959 1870 impellentes,
996 1792 1068 1852 ut
1111 1786 1253 1869 ipse
1318 1783 1764 1853 confessarius
1816 1784 1963 1852 solo
2015 1783 2415 1852 restituendi
2465 1783 2816 1869 proposito

211 1888 448 1958 debeat
495 1908 643 1958 esse
692 1892 966 1961 omnino
1015 1898 1405 1960 contentus:
1457 1890 1638 1977 quod
1692 1897 1909 1959 tamen
1960 1908 2111 1958 raro
2172 1891 2413 1958 evenit.

297 2004 500 2068 68⁷.
552 2001 623 2080 Q.
673 2002 733 2065 9.
786 2001 916 2080 Quo
964 1999 1092 2066 loco
1128 2010 1184 2065 et
1229 2001 1406 2084 cujus
1455 2000 1750 2084 impensis
1795 1999 1932 2083 fieri
1979 1998 2145 2064 debet
2189 1998 2502 2065 restitutio
2523 2002 2556 2063 ?

298 2107 370 2173 R.
420 2106 488 2173 Si
537 2106 753 2191 agitur
785 2105 865 2172 de
898 2107 1324 2175 restitutione
1381 2105 1677 2174 facienda
1728 2125 1808 2174 ex
1857 2107 1920 2171 vi
1993 2111 2372 2174 contractus
2414 2105 2820 2190 (quanquam

212 2212 484 2298 proprie
530 2213 866 2298 loquendo
919 2222 1075 2281 tunc
1125 2231 1257 2281 non
1311 2220 1439 2280 tam
1490 2213 1812 2281 habeatur
1860 2210 2217 2293 restitutio,
2276 2229 2475 2297 quam
2519 2210 2817 2296 solutio),

214 2318 377 2385 citra
432 2320 790 2405 specialem
839 2319 1368 2400 conventionem,
1419 2337 1501 2386 en
1551 2319 1714 2403 legis
1764 2318 2233 2386 determinatio
2306 2318 2603 2402 aequitati
2654 2335 2819 2384 con-

213 2426 479 2495 formis:
550 2428 610 2495 Il
669 2439 1048 2514 paqammto
1095 2428 1238 2494 deve
1281 2427 1446 2513 sarsi
1490 2427 1591 2492 nel
1639 2427 1822 2511 luoqo
1877 2427 2088 2513 fissato
2138 2424 2244 2491 dal
2290 2436 2612 2492 contracto.
2674 2426 2821 2491 Non

210 2534 459 2601 essendo
526 2535 739 2620 fissato
808 2534 856 2600 it
928 2534 1127 2619 luoqo,
1177 2556 1209 2599 e
1255 2532 1629 2600 tractandosi
1677 2532 1741 2599 di
1795 2552 1940 2600 cosa
2005 2543 2174 2599 certa
2219 2553 2249 2597 e
2295 2531 2724 2613 determinata,
2772 2530 2821 2597 il

205 2653 579 2727 papamemo
625 2640 768 2707 deve
812 2641 977 2725 farsi
1021 2641 1123 2706 nel
1171 2640 1377 2724 luoqo,
1422 2659 1531 2706 ove
1576 2640 1642 2705 al
1687 2651 1886 2724 tempo
1943 2637 2040 2704 del
2105 2649 2408 2704 contracto
2456 2639 2512 2703 si
2557 2650 2819 2703 trovava

215 2745 277 2812 la
319 2765 486 2828 cosa,
538 2746 645 2812 che
688 2766 765 2812 ne
809 2746 1020 2830 forma
1069 2746 1376 2831 l’oqqetw.
1425 2746 1624 2812 Fuori
1670 2745 1735 2811 di
1779 2745 1974 2829 questi
2020 2743 2136 2809 due
2183 2746 2334 2827 casi,
2369 2745 2418 2810 it
2439 2754 2816 2832 paqamemo

210 2854 267 2920 si
309 2852 452 2920 deve
497 2854 638 2939 sare
683 2853 785 2920 nel
830 2850 1141 2919 do'micitio
1188 2852 1287 2918 del
1332 2851 1615 2919 debitore.
1664 2853 1748 2918 Le
1793 2872 1963 2938 spese
2008 2850 2106 2917 del
2143 2864 2521 2937 papamento
2569 2871 2717 2917 sono
2776 2870 2818 2918 a

214 2963 425 3026 cariro
472 2960 571 3025 del
615 2957 882 3026 debitore
932 2953 988 3024 ³.

297 3062 369 3133 Si
443 3082 597 3135 vero
671 3065 1005 3133 restitutio
1077 3064 1268 3132 aliter
1326 3064 1619 3132 facienda
1669 3071 1791 3148 est,
1842 3076 2037 3149 quam
2088 3065 2148 3132 vi
2200 3071 2600 3148 contractus,
2656 3071 2813 3132 tunc

213 3172 312 3242 vel
359 3172 576 3257 agitur
624 3171 705 3239 de
756 3189 1147 3257 possessore
1193 3172 1388 3239 bonae
1440 3170 1590 3239 fidei
1615 3196 1634 3252 ;
1678 3162 1785 3238 ‘vel
1835 3168 1915 3239 de
1966 3188 2357 3256 possessore
2392 3173 2581 3239 malae
2624 3170 2813 3239 fidei.

301 3281 370 3347 Si
421 3283 479 3361 1,
527 3280 862 3348 restitutio
912 3278 1206 3348 facienda
1255 3286 1357 3347 est
1408 3279 1471 3347 in
1518 3279 1691 3360 loc0,
1740 3278 1808 3345 in
1860 3296 1992 3363 quo
2045 3297 2153 3347 res
2202 3287 2400 3361 extat,
2461 3286 2526 3346 et
2560 3279 2813 3365 impen-
2872 3342 2885 3367 ,

211 3387 302 3455 sis
351 3385 645 3466 domini;
695 3386 836 3473 ipsa
883 3387 1062 3454 enim
1113 3385 1427 3454 naturalis
1478 3385 1759 3472 aequitas
1811 3385 2085 3453 minime
2138 3386 2404 3471 patitur,
2443 3393 2513 3453 ut
2551 3405 2816 3472 posses-

211 3510 324 3561 sor
368 3492 567 3561 bonae
617 3491 768 3561 fidei
819 3492 1071 3579 absque
1120 3493 1312 3579 culpa
1361 3509 1480 3559 sua
1529 3492 1838 3559 damnum
1880 3489 2151 3577 aliquod
2185 3493 2490 3578 patiatur.
2520 3493 2806 3575 Quando

213 3606 433 3668 tamen
487 3599 698 3685 primo
747 3598 1024 3669 advertit
1074 3616 1216 3667 rem
1255 3617 1404 3668 esse
1450 3598 1751 3680 alienam,
1796 3598 2019 3665 statim
2054 3598 2250 3667 debet
2286 3599 2427 3684 ejus
2460 3598 2815 3666 dominum

213 3707 597 3790 admonere,
645 3715 718 3775 ut
767 3708 981 3794 possit
1029 3707 1153 3774 sibi
1206 3708 1576 3799 consuleret
1629 3706 1695 3774 Si
1751 3708 1816 3789 2,
1865 3706 2200 3775 restitutio
2250 3706 2544 3775 iacienda
2593 3716 2694 3776 est
2737 3706 2802 3774 in

271 3899 294 3939 ¹
335 3899 389 3948 V.
426 3898 655 3961 Lignori,
691 3898 780 3961 Op.
819 3896 971 3959 Mor„
1004 3896 1038 3949 l.
1075 3909 1150 3959 ιιι,
1185 3908 1222 3947 ιι
1274 3898 1401 3961 683;
1436 3900 1469 3948 Ι.
1504 3909 1558 3958 v,
1586 3911 1643 3949 n.
1677 3899 1758 3950 40.

270 3963 294 4003 ²
325 3964 442 4013 Fer.
471 3965 504 4012 6
533 3967 662 4023 post.
702 3963 847 4011 Dom.
884 3971 936 4010 ιν
972 3958 1167 4019 Ωιιαάν.
1198 3984 1261 3996 -
1293 3960 1524 4021 Lignori,
1562 3960 1652 4021 Op.
1698 3961 1854 4021 Mor„
1890 3960 1924 4010 Ι.
1962 3973 2040 4020 ιιι,
2077 3971 2130 4010 n.
2167 3962 2277 4012 682.
2413 3968 2419 3973 ·

269 4027 291 4066 ⁸
325 4029 432 4077 Art.
469 4025 616 4084 mm
650 4049 715 4062 -
747 4024 802 4075 C.
838 4025 899 4073 A.
937 4024 1191 4083 1420;—
1224 4022 1277 4073 G.
1312 4023 1370 4071 G.
1407 4023 1558 4081 12273
1592 4047 1656 4059 —
1691 4022 1838 4072 C.·S.
1891 4025 2048 4085 12003
2104 4048 2169 4059 —
2203 4022 2256 4071 C.
2316 4024 2371 4072 P.
2433 4021 2591 4082 12243
2644 4044 2707 4058 -
2745 4021 2798 4072 G.

208 4085 279 4139 Μ.
317 4090 466 4148 13023
497 4111 560 4123 -
595 4087 648 4137 G.
688 4088 740 4137 T.
772 4089 882 4136 628.
920 4103 938 4127 ι
974 4086 1036 4135 Dt'
1068 4097 1185 4133 cosa
1205 4089 1348 4134 certa
1373 4095 1402 4133 e
1435 4086 1811 4134 determinata:
1848 4094 1936 4145 per
1969 4084 2226 4146 esempio,
2266 4087 2317 4133 vi
2354 4090 2422 4134 uo
2480 4082 2719 4133 venduto
2758 4084 2791 4133 il

209 4161 375 4212 grano
406 4152 504 4201 cbe
538 4148 584 4198 si
615 4152 837 4200 trovava
872 4147 953 4198 nei
985 4146 1167 4209 granai
1179 4156 1194 4207 ;
1228 4157 1294 4197 ve
1326 4147 1378 4196 lo
1411 4146 1580 4196 dovre
1614 4147 1876 4198 rimettere
1908 4147 1993 4197 nel
2026 4147 2265 4208 granajo,
2302 4159 2330 4197 e
2366 4158 2472 4196 non
2516 4144 2803 4198 essendovi

208 4213 570 4264 convenzione
601 4210 888 4271 contraria,
923 4210 1054 4261 siete
1083 4207 1351 4271 obbligato
1384 4220 1416 4258 a
1449 4209 1704 4259 riceverlo
1736 4210 1792 4259 al
1824 4209 2082 4258 domicilio
2115 4209 2195 4257 det
2225 4208 2475 4267 debitore,
2535 4208 2799 4268 peroccbe

207 4273 257 4327 le
287 4275 526 4325 clausule
558 4276 600 4323 s’
621 4275 980 4336 interpretano
1015 4283 1048 4323 a
1077 4272 1260 4321 favore
1291 4268 1373 4320 del
1407 4270 1659 4321 debitore.
1694 4272 1736 4320 Α
1771 4273 1940 4320 carice
1973 4269 2054 4333 det
2086 4272 2343 4330 debitore,·
2395 4268 2625 4322 essendo
2678 4282 2801 4324 esso

209 4336 476 4400 obbligato
508 4347 541 4385 a
572 4344 899 4397 consegnare
930 4334 981 4384 la
1013 4344 1158 4385 cosa.
1191 4331 1486 4383 Essendovi
1518 4342 1673 4394 spese
1704 4343 1737 4382 a
1766 4331 1877 4383 iare
1919 4343 2012 4394 per
2064 4333 2390 4395 trasportare
2437 4331 2683 4394 t‘oggetto
2739 4334 2797 4385 in

207 4397 370 4463 luogo
402 4398 773 4457 determinato,
806 4407 922 4448 esse
952 4408 1086 4447 sono
1121 4409 1153 4445 a
1185 4394 1238 4446 di
1274 4395 1351 4445 lui
1379 4393 1580 4446 carico:
1616 4396 1670 4445 io
1704 4396 1875 4446 stesso
1927 4392 2091 4445 dicasi
2125 4393 2260 4447 delle
2292 4408 2444 4458 spese
2495 4396 2800 4448 necessarie

207 4472 303 4575 εδει·
332 4461 414 4513 lar
443 4461 688 4513 risultare
720 4459 803 4509 del
836 4458 1173 4522 pagamenm,
1208 4468 1298 4520 per
1330 4458 1583 4520 esempiO,
1617 4455 1790 4520 quelle
1823 4456 1875 4507 di
1910 4455 2209 4520 quietanza,
2229 4460 2453 4521 qualora
2485 4459 2531 4507 si
2574 4455 2801 4510 dovesse

262 4535 318 4575 re
352 4525 567 4575 innanzi
602 4522 802 4585 notaJO,
839 4520 906 4571 od
943 4521 1232 4571 insinuare.

333 4607 355 4627 ·
398 4584 716 4646 Questione:
747 4583 910 4635 doura
937 4586 976 4635 it
1016 4583 1266 4634 creditore
1291 4593 1489 4645 pacare
1520 4582 1576 4630 ta
1605 4582 1775 4633 multa
1801 4592 1896 4643 per
1922 4592 2047 4631 aver
2074 4581 2211 4644 satta
2241 4582 2493 4645 quitanza
2539 4594 2601 4633 su
2649 4585 2809 4633 carta

181 4648 413 4699 wiberat?
448 4649 546 4709 No,
584 4659 676 4711 per
706 4647 921 4710 ragione
954 4647 1050 4698 ebe
1081 4645 1130 4695 le
1163 4654 1315 4707 spese
1345 4645 1397 4695 di
1433 4642 1576 4695 bollo
1607 4640 1772 4694 fanno
1804 4645 1952 4706 parte
1984 4642 2117 4695 delle
2148 4656 2302 4707 spese
2337 4644 2389 4698 dt
2445 4647 2797 4711 pagamentoe

209 4719 239 4760 e
271 4711 399 4775 pero
433 4710 521 4761 dal
555 4711 792 4762 debitore
830 4710 877 4761 si
909 4708 961 4760 ta
996 4706 1142 4759 trode
1175 4708 1280 4758 aila
1309 4706 1473 4771 legge.
1514 4725 1534 4751 ι
1575 4705 1696 4757 God.
1727 4707 1885 4769 aptae.
