3292 5167
489 228 620 297 420
1181 286 1186 295 ,
1499 246 1615 291 ιιι.
1665 242 1731 291 ιι.
1778 244 1989 293 resur.
2035 244 2115 289 vt.

489 350 626 413 rius
671 348 779 426 qui
825 348 1025 427 exigit
1067 363 1204 412 rem
1247 348 1377 427 jam
1423 346 1703 411 debitam
1750 363 1827 409 ex
1865 346 2137 426 justitia,
2180 360 2410 425 nempe
2453 351 2523 407 ut
2566 342 2834 406 desistat
2863 357 2895 405 a
2944 342 3063 422 pri·

485 438 634 492 vata
679 427 962 491 vindicta
990 476 1007 504 ,
1050 428 1130 491 ab
1175 430 1410 507 injusta
1456 431 1838 504 vexatione;
1881 428 2050 490 uiltil
2094 429 2266 490 enim
2310 426 2459 488 novi
2505 425 2721 486 oneris
2772 424 3064 502 imponit.

489 508 644 572 Item
692 508 746 569 si
777 509 992 587 exigat
1023 509 1188 589 quod
1238 510 1505 588 pecunia
1551 523 1682 570 non
1717 509 2132 587 appretiatur,
2161 509 2253 571 uti
2285 515 2384 569 est
2419 504 2887 579 benevolentia,
2915 504 3065 566 ami·

489 590 680 661 cuia:
717 588 908 651 modo
946 597 1160 652 tamen
1203 589 1322 651 bac
1367 590 1619 665 ratione
1665 587 1919 668 aliquod
1966 591 2034 651 in
2071 596 2320 669 pactum
2365 602 2492 648 non
2539 585 2923 649 deducatur:
2966 600 3060 647 se·

490 685 602 732 cus
641 670 768 748 jam
815 678 984 731 esset
1025 669 1310 732 debitum
1355 678 1420 731 et
1462 684 1827 743 onerosum,
1872 677 1942 732 ut
1984 670 2038 732 si
2083 671 2149 731 in
2192 677 2447 749 pactum
2506 666 2859 729 deducatur
2894 664 3064 743 quod

492 750 809 812 mutuanti
855 748 1109 829 aliquod
1155 749 1432 812 officium
1479 749 1848 812 conferatur
1891 750 2054 828 grati
2092 751 2295 811 animi
2339 764 2510 826 ergo.
2547 747 2710 809 Hinc
2740 745 2860 808 sub
2893 760 2955 806 n.
2986 745 3066 808 42

491 830 788 893 damnata
832 836 930 892 est
958 830 1037 893 ab
1069 829 1440 892 innocentio
1469 828 1550 890 XI
1583 831 1719 892 baec
1750 831 2098 909 propositio
2127 848 2142 891 :
2191 828 2395 892 Usura
2423 845 2548 889 non
2574 835 2683 900 est,
2713 827 2857 889 dum
2886 826 3068 888 ultra

471 917 716 975 sortem
757 910 1005 989 aliquid
1044 911 1385 990 excipitur...
1457 927 1537 973 ecc
1582 909 2004 975 benevolentia
2044 917 2107 971 et
2144 909 2537 991 qratitudine
2597 905 2916 983 debitum;
2963 908 3070 969 sed

491 991 690 1053 solam
732 991 792 1052 si
828 992 1127 1070 coeiqaour
1162 999 1458 1070 tanquam
1500 1006 1579 1052 ea>
1612 990 1884 1067 justitia
1926 989 2236 1055 debitam.-
2269 991 2373 1053 ubi
2410 989 2759 1052 notandum
2789 996 2889 1049 est
2917 1001 3065 1049 cum

493 1070 693 1146 Viva,
740 1070 906 1150 quod
952 1071 1275 1133 damnatio
1320 1070 1491 1132 cadit
1549 1072 1610 1130 in
1679 1072 1872 1134 verba
1915 1078 1979 1133 et
2037 1071 2432 1150 pratitadine
2485 1069 2807 1139 debitam,·
2854 1082 3068 1148 neque

492 1152 665 1213 enim
712 1151 1132 1214 mutuatarius
1166 1150 1547 1229 obligandus
1590 1161 1687 1213 est
1730 1151 1807 1214 ad
1853 1150 2375 1214 satisfaciendum
2423 1151 2539 1212 hoc
2583 1149 2682 1212 vel
2724 1149 2833 1210 illo
2878 1148 3068 1210 modo

497 1231 871 1309 obligationi
917 1232 1353 1311 gratitudinis,
1396 1246 1536 1293 cum
1580 1234 1781 1311 possit
1822 1232 1966 1294 aliis
2001 1231 2244 1305 modis;
2288 1231 2559 1310 ideoque
2604 1246 2766 1291 onus
2797 1230 3067 1306 imponi·

496 1321 618 1373 tur.
650 1313 939 1374 Attamen
1013 1328 1085 1374 er
1117 1314 1233 1374 hoc
1273 1326 1396 1373 non
1427 1319 1525 1373 est
1556 1312 1946 1391 prohibitum
1972 1311 2481 1374 benevolentiam
2527 1318 2898 1387 expectare;
2933 1318 3063 1370 ete·

497 1395 629 1453 nim
675 1407 752 1453 ex
797 1329 1082 1471 quoliget
1122 1392 1430 1455 beneflcio
1472 1406 1541 1453 ea
1586 1393 1714 1471 jam
1764 1410 1874 1472 per
1918 1407 1986 1454 se
2029 1400 2093 1455 et
2148 1394 2244 1455 sui
2312 1401 2561 1454 natura·
2600 1392 2926 1468 sequitur:
2973 1393 3063 1450 ita

497 1471 697 1534 ferme
731 1471 826 1533 An
874 1472 1074 1535 elicus
1104 1472 1188 1549 (2,
1210 1472 1268 1547 2,
1297 1488 1355 1552 q.
1393 1471 1489 1546 78,
1518 1488 1569 1533 a.
1600 1474 1660 1548 23
1687 1488 1745 1533 u.
1768 1505 1848 1519 -
1879 1473 1940 1535 V.
1966 1473 2244 1550 Liguori‚
2270 1470 2434 1551 Opus
2457 1472 2635 1545 Mor„
2656 1471 2703 1531 l.
2729 1485 2824 1544 ιιι,
2847 1485 2906 1531 ιι.
2933 1468 3066 1532 779.

574 1550 780 1612 6:25.
882 1602 894 1613 .
939 1554 990 1616 l.
1037 1552 1364 1616 Matuantt‘
1407 1552 1627 1615 licetne
1669 1553 1915 1632 aliquid
1956 1569 2152 1633 supra
2181 1560 2406 1615 sortem
2436 1552 2703 1633 excipere,
2742 1552 2801 1612 si
2836 1547 3069 1630 obliget

493 1648 557 1693 se
598 1632 680 1694 ad
719 1639 944 1694 sortem
989 1631 1161 1697 brevi
1200 1650 1324 1695 non
1364 1636 1806 1711 repetendam?

574 1710 641 1773 R.
687 1711 1121 1775 Communiter
1165 1721 1440 1792 negant3
1483 1716 1629 1792 quia
1679 1715 1795 1776 hoc
1863 1721 1961 1776 est
2016 1715 2366 1775 intrinsece
2432 1713 2758 1773 inhaerens
2804 1718 3062 1771 mutuo:

492 1790 685 1870 idque
726 1792 981 1856 videtur
1027 1792 1380 1856 declarasse
1428 1793 1787 1856 Alexander
1821 1793 1928 1856 Vll
1966 1792 2334 1856 damnando
2368 1795 2529 1855 hanc
2579 1791 2697 1854 sub
2728 1808 2788 1852 n.
2821 1792 2900 1852 42
2934 1805 3067 1869 pro·

491 1874 906 1951 positionem:
949 1873 1219 1936 Licitum
1259 1879 1353 1935 est
1393 1875 1711 1938 mutuanti
1753 1874 1997 1954 aliquid
2048 1875 2228 1937 ultra
2290 1880 2518 1935 sortem
2558 1874 2807 1952 exi-aere
2836 1920 2852 1945 ,
2902 1871 2963 1933 σι’
3001 1886 3064 1933 se

492 1949 724 2031 obliget
763 1953 844 2016 ad
883 1971 1006 2017 non
1039 1956 1429 2034 repetendam
1468 1963 1696 2017 sortem
1759 1971 1953 2034 usque
2012 1955 2094 2017 ad
2161 1959 2402 2016 certam
2462 1962 2719 2031 tempus.
2766 1952 3067 2014 Attamen

494 2047 622 2093 non
672 2032 925 2097 videtur
968 2033 1178 2114 aliqua
1223 2035 1671 2114 probabilitate
1714 2035 1939 2098 donari
1985 2038 2301 2097 sententia
2360 2032 2637 2114 Sporer,
2679 2033 2954 2097 Medinae
3001 2038 3067 2095 et

495 2111 895 2191 Henriquez,
941 2117 1050 2195 qni
1096 2116 1328 2178 docent
1371 2117 1564 2177 licere
1608 2116 1851 2194 aliquid
1895 2129 2084 2194 supra
2149 2125 2385 2176 sortem
2440 2116 2715 2193 exigere*
2750 2130 2862 2193 pro
2908 2110 3066 2174 obli·

493 2196 750 2269 gatioue
794 2196 872 2257 de
916 2212 1044 2258 non
1089 2196 1431 2275 repetenda
1480 2207 1671 2269 sorte,
1715 2198 1835 2257 nisi
1875 2204 2015 2276 post
2056 2194 2320 2256 multam
2366 2203 2601 2277 tempus
2632 2241 2646 2268 ‚
2692 2209 2750 2254 v.
2799 2212 2879 2272 g.,
2929 2201 3071 2271 post

495 2281 628 2335 tres
651 2273 751 2335 vel
787 2288 1060 2354 quatuor
1090 2292 1310 2338 annos.
1334 2277 1532 2355 Ajunt
1561 2280 1772 2338 enim:
1805 2278 1920 2338 etsi
1957 2278 2024 2337 in
2055 2283 2278 2339 mutuo
2308 2276 2544 2355 sitiam
2581 2290 2692 2353 per
2723 2290 2790 2336 se
2824 2272 3067 2351 obliga·

495 2354 584 2414 tio
631 2354 736 2416 illa
782 2357 1158 2434 expectandi
1205 2358 1680 2418 restitutionem
1716 2359 1908 2418 sortis
1952 2372 2065 2435 per
2108 2356 2365 2436 aliquod
2415 2356 2717 2434 temporis
2760 2355 3061 2433 spatium,

494 2449 624 2494 non
669 2443 765 2496 est
808 2444 1015 2499 tamen
1054 2436 1356 2514 obligatio
1400 2453 1537 2498 eam
1582 2437 1959 2515 expectandi
2005 2452 2118 2515 per
2158 2439 2425 2500 muttum
2468 2444 2725 2514 tempus.
2771 2432 3066 2496 Addunt:

496 2530 637 2575 cum
670 2525 967 2579 mutuans
1012 2519 1290 2596 suscepit
1333 2520 1397 2579 in
1444 2534 1511 2579 se
1555 2518 2009 2596 obligationem
2053 2517 2435 2597 expectandi
2465 2526 2652 2578 sortis
2700 2516 3057 2577 restitutio·

495 2609 644 2656 nem
689 2611 801 2674 per
844 2606 1091 2676 tempus
1132 2596 1737 2669 extraordinarium,
1778 2609 1842 2659 et
1887 2599 2116 2659 iccirco
2162 2597 2404 2675 aliquid
2439 2599 2673 2674 accipit
2703 2611 2891 2673 supra
2928 2610 3067 2655 sor·

495 2681 642 2750 tem,
689 2691 814 2737 non
862 2679 1090 2757 accipit
1131 2681 1382 2740 ratione
1427 2679 1916 2752 commoditatis,
1945 2693 2066 2756 qua
2114 2679 2437 2757 privatur3
2466 2677 2574 2739 sed
2620 2680 2872 2739 ratione
2907 2690 3065 2737 one·

495 2756 586 2816 ris
630 2756 970 2834 peculiaris
1008 2766 1072 2820 et
1113 2769 1290 2821 extra
1321 2756 1634 2833 ordinem,
1678 2757 1844 2837 qnod
1879 2768 1976 2821 est
2005 2759 2213 2837 pretio
2242 2757 2639 2822 aestimabile.
2666 2790 2747 2839 .-
2778 2755 3066 2835 Lignori,

502 2833 668 2915 Opus
713 2837 888 2911 Mor„
934 2837 971 2899 l.
1017 2855 1114 2915 ιιι,
1158 2855 1267 2901 ιιιι.
1313 2837 1448 2914 767,
1506 2838 1638 2901 774.
2800 2854 2811 2865 “

579 2915 932 2995 Propositio
975 2928 1186 2981 autem
1232 2918 1527 2980 damnata
1574 2921 1651 2980 ab
1706 2918 2072 2982 Alexandro
2131 2917 2240 2980 Vll
2306 2932 2420 2997 per
2462 2916 2655 2980 verba
2720 2912 3074 2995 generalia,

498 2997 727 3074 quibus
770 2998 1146 3079 concipitur,
1190 3000 1633 3078 complectitur
1678 2999 2187 3078 expectationem
2231 3001 2538 3076 temporis
2613 2997 3074 3076 cujuscunque,

497 3077 689 3138 etiam
737 3077 908 3141 illam
939 3126 955 3156 ,
998 3095 1140 3160 quae
1180 3089 1399 3142 mutuo
1445 3082 1792 3142 intrinseca
1855 3086 1992 3151 est,
2042 3078 2213 3141 unde
2274 3089 2486 3156 potest
2540 3077 2893 3157 explicari3
2938 3090 3068 3137 non

499 3159 671 3218 enim
719 3159 875 3221 dicit
915 3177 1109 3240 usque
1150 3161 1232 3223 ad
1274 3160 1521 3240 longum
1568 3169 1845 3239 tempus‚·
1890 3158 1999 3221 sed
2043 3174 2235 3238 usque
2277 3158 2360 3220 ad
2400 3167 2639 3220 certum
2693 3166 2952 3235 tempus.

578 3235 796 3298 626.
841 3238 906 3313 Q.
948 3240 1006 3303 Ξ.
1052 3239 1211 3315 Ouid
1250 3241 1322 3303 de
1363 3248 1567 3320 pacto,
1614 3248 1688 3302 ut
1728 3241 2115 3303 restituatur
2155 3255 2256 3301 res
2289 3246 2583 3301 mutuata
2612 3240 2678 3298 in
2707 3242 2914 3299 eadem
2943 3250 3071 3315 spe·

499 3317 591 3378 cie
631 3326 691 3379 et
734 3320 1060 3397 qualitate,
1100 3323 1159 3383 si
1197 3338 1270 3384 ea
1310 3322 1595 3402 aayenda
1636 3322 1726 3382 sit
1766 3322 1857 3383 oet
1900 3320 2235 3383 minuenda
2277 3324 2544 3398 tempore
2590 3316 3073 3381 restitutionis?

581 3397 650 3459 R.
686 3397 749 3459 Si
800 3398 1062 3465 dubium
1104 3408 1219 3478 est,
1264 3412 1475 3465 utrum
1524 3418 1624 3463 res
1672 3411 1955 3480 tempore
1999 3401 2427 3464 restitutionis
2472 3398 2762 3479 augenda
2818 3400 2946 3473 sit,
2993 3410 3071 3459 an

501 3478 871 3549 minuenda.
913 3479 1160 3545 licitum
1203 3484 1327 3545 erit
1371 3489 1642 3561 pactum,
1686 3484 1833 3560 quia
1878 3483 1945 3543 in
1992 3479 2103 3543 tali
2140 3479 2334 3542 dubio
2378 3481 2641 3559 :equalis
2678 3488 2776 3540 est
2820 3488 3075 3540 contra·

502 3555 794 3621 hentium
840 3561 1143 3638 conditio,
1184 3578 1257 3624 ac
1302 3562 1512 3626 induit
1557 3573 1851 3625 naturam
1894 3565 2101 3622 sortis.
2146 3558 2208 3621 Si
2258 3566 2433 3622 certo
2468 3558 2866 3639 praevidetur
2913 3564 3068 3619 tem·

503 3654 672 3717 pore,
703 3643 1129 3704 restitutionis
1172 3643 1374 3722 pluris
1404 3658 1542 3705 esse
1573 3643 1867 3717 valitura,
1897 3640 2168 3719 dicimus
2198 3648 2624 3704 mutuatorem
2672 3639 2905 3719 pacisci
2940 3651 3066 3699 non

547 3737 707 3795 osse,
751 3728 820 3782 ut
863 3722 1183 3785 restitutio
1228 3724 1338 3784 fiat
1383 3723 1445 3784 in
1476 3722 1719 3785 eadem
1764 3720 2095 3801 qualitate,
2134 3731 2421 3799 tempore
2455 3737 2580 3800 quo
2611 3720 2814 3799 pluris
2845 3725 2947 3782 est
2975 3732 3075 3779 va·

533 3801 734 3874 itura3
778 3817 903 3864 non
946 3805 1120 3865 onim
1164 3801 1520 3866 salvaretur
1562 3802 1913 3881 aequalitas.
1957 3800 2128 3875 Quod
2163 3802 2216 3863 si
2251 3800 2602 3881 prudenter
2635 3801 3072 3880 praevideatur

505 3889 792 3961 tempore
835 3883 1264 3947 restitutionis
1308 3881 1578 3946 valitura
1628 3882 1917 3959 minoris,
1951 3881 2189 3960 poterit
2217 3890 2541 3965 mutuatur
2573 3882 2802 3960 pacisci
2837 3880 2916 3943 de
2952 3893 3074 3941 ma·

502 3962 627 4040 jori
672 3978 973 4026 mensura
1015 3961 1136 4026 sibi
1182 3964 1599 4037 restituenda,
1643 3971 1878 4042 quanta
1922 3962 2192 4024 sufficiat
2236 3962 2310 4023 ad
2357 3964 2636 4040 seipsum
2680 3959 3070 4023 servandum

505 4043 896 4120 indemnem,
940 4046 1062 4107 nisi
1107 4044 1497 4107 decrevisset
1540 4043 1716 4106 illam
1759 4057 2019 4107 servare
2062 4058 2261 4122 usque
2305 4042 2381 4104 ad
2431 4051 2697 4121 tempus,
2741 4057 2872 4121 quo
2918 4054 3077 4118 ιιι-ω·

507 4123 683 4186 videt
724 4126 993 4188 minoris
1037 4124 1396 4194 valituram,
1440 4125 1606 4204 quod
1653 4123 1922 4203 supponi
1966 4123 2075 4185 vix
2134 4131 2361 4201 potest.

583 4203 833 4267 Juverit
873 4214 1082 4268 autem
1121 4205 1224 4266 hic
1267 4205 1510 4269 referre
1539 4218 1681 4286 quae
1726 4221 1756 4265 a
1792 4204 1931 4284 lege
1972 4202 2146 4265 civili
2182 4205 2423 4264 sancita
2471 4209 2624 4265 suut
2661 4203 2829 4263 circa
2862 4198 3072 4262 mutui

509 4286 1004 4361 restitutionem,
1045 4287 1321 4347 maxime
1365 4302 1479 4364 pro
1523 4302 1674 4349 casu
1710 4300 1833 4364 quo
1880 4282 2126 4346 nullum
2170 4281 2368 4346 fuerit
2412 4283 2642 4346 initum
2676 4291 2928 4360 pactum
2976 4280 3072 4340 in·

513 4373 607 4425 ter
652 4366 1134 4429 contrahentes:
1170 4382 1312 4445 qnae
1354 4366 1613 4446 quidem
1678 4366 2104 4428 communiter
2159 4363 2512 4425 admittunt
2572 4364 2764 4424 etiam
2812 4363 2879 4423 in
2922 4370 3072 4420 con·-

509 4446 814 4521 scientia,
856 4462 999 4508 cum
1042 4449 1326 4528 aequitati
1370 4449 1501 4509 sint
1544 4461 1843 4521 consona,
1886 4455 1950 4507 et
1993 4452 2224 4506 statuta
2271 4444 2403 4506 sint
2450 4443 2528 4504 ad
2589 4440 2913 4523 publicum
2962 4438 3075 4501 bo·

509 4539 681 4585 num.
723 4523 839 4587 Vel
882 4528 1078 4606 igitur
1120 4536 1338 4591 mutuo
1381 4526 1545 4589 data>
1588 4534 1741 4589 sunt
1779 4528 1980 4604 virgae
2025 4522 2361 4586 metallica
2405 4532 2515 4585 aut
2576 4523 2721 4585 aliae
2772 4538 2878 4584 res
2922 4519 3070 4584 iuu-

508 4602 736 4682 gibiles
778 4623 811 4668 a
858 4608 1123 4683 pecunia
1166 4606 1505 4682 distinctas,
1549 4614 1617 4669 ut
1664 4608 1902 4680 vinum,
1948 4606 2273 4677 triticum:
2321 4602 2421 4665 vel
2464 4605 2597 4682 ipsa
2645 4616 2939 4682 pecunia.

589 4682 653 4746 Si
699 4686 754 4760 t,
794 4686 929 4747 sive
973 4702 1076 4750 res
1117 4686 1324 4766 pretio
1366 4693 1658 4749 crescant
1685 4687 1821 4748 sive
1850 4685 2246 4761 decrescant,
2282 4699 2411 4747 non
2446 4692 2546 4746 est
2576 4679 3082 4754 restituendum,
