<?xml version="1.0" encoding="UTF-8"?>
<!DOCTYPE html PUBLIC "-//W3C//DTD XHTML 1.0 Transitional//EN"
    "http://www.w3.org/TR/xhtml1/DTD/xhtml1-transitional.dtd">
<html xmlns="http://www.w3.org/1999/xhtml" xml:lang="en" lang="en">
 <head>
  <title>
</title>
<meta http-equiv="Content-Type" content="text/html;charset=utf-8" />
  <meta name='ocr-system' content='tesseract 3.04.00' />
  <meta name='ocr-capabilities' content='ocr_page ocr_carea ocr_par ocr_line ocrx_word'/>
</head>
<body>
  <div class='ocr_page' id='page_1' title='image "./theologiamorali04scavgoog/theologiamorali04scavgoog_0541.png"; bbox 0 0 3292 5167; ppageno 0'>
   <div class='ocr_carea' id='block_1_1' title="bbox 1049 203 2812 270">
    <p class='ocr_par' dir='ltr' id='par_1_1' title="bbox 1049 203 2812 270">
     <span class='ocr_line' id='line_1_1' title="bbox 1049 203 2812 270; baseline 0.003 -7"><span class='ocrx_word' id='word_1_1' title='bbox 1049 217 1125 264; x_wconf 76' lang='lat' dir='ltr'><strong><em>nu</em></strong></span> <span class='ocrx_word' id='word_1_2' title='bbox 1171 216 1607 266; x_wconf 69' lang='lat' dir='ltr'><strong><em>nusi-truncus</em></strong></span> <span class='ocrx_word' id='word_1_3' title='bbox 1656 218 1719 265; x_wconf 77' lang='lat' dir='ltr'><strong><em>m</em></strong></span> <span class='ocrx_word' id='word_1_4' title='bbox 1765 220 1971 267; x_wconf 71' lang='lat' dir='ltr'><strong><em>specte</em></strong></span> <span class='ocrx_word' id='word_1_5' title='bbox 2689 203 2812 270; x_wconf 75' lang='lat'><strong><em>531</em></strong></span> 
     </span>
    </p>
   </div>
   <div class='ocr_carea' id='block_1_2' title="bbox 131 315 2828 4166">
    <p class='ocr_par' dir='ltr' id='par_1_2' title="bbox 215 315 2822 517">
     <span class='ocr_line' id='line_1_2' title="bbox 239 315 2822 417; baseline 0.003 -27"><span class='ocrx_word' id='word_1_6' title='bbox 239 315 431 391; x_wconf 81' lang='lat' dir='ltr'><strong><em>bitur</em></strong></span> <span class='ocrx_word' id='word_1_7' title='bbox 476 320 586 408; x_wconf 88' lang='lat' dir='ltr'><strong><em>qui</em></strong></span> <span class='ocrx_word' id='word_1_8' title='bbox 636 319 874 417; x_wconf 33' lang='lat' dir='ltr'><strong><em>decem·</em></strong></span> <span class='ocrx_word' id='word_1_9' title='bbox 911 327 1026 387; x_wconf 88' lang='lat' dir='ltr'><strong><em>aut</em></strong></span> <span class='ocrx_word' id='word_1_10' title='bbox 1074 320 1451 408; x_wconf 87' lang='lat' dir='ltr'><strong><em>quindecim</em></strong></span> <span class='ocrx_word' id='word_1_11' title='bbox 1499 322 2216 410; x_wconf 66' lang='lat' dir='ltr'><strong><em>francos=subripuerit</em></strong></span> <span class='ocrx_word' id='word_1_12' title='bbox 2248 323 2420 412; x_wconf 90' lang='lat' dir='ltr'><strong><em>apud</em></strong></span> <span class='ocrx_word' id='word_1_13' title='bbox 2454 324 2822 398; x_wconf 88' lang='lat' dir='ltr'><strong><em>ditissimos</em></strong></span> 
     </span>
     <span class='ocr_line' id='line_1_3' title="bbox 215 424 1359 517; baseline 0.002 -22"><span class='ocrx_word' id='word_1_14' title='bbox 215 443 416 517; x_wconf 61' lang='grc' dir='ltr'><strong><em>φουρ</em></strong></span> <span class='ocrx_word' id='word_1_15' title='bbox 459 428 656 496; x_wconf 89' lang='lat' dir='ltr'><strong><em>etiam</em></strong></span> <span class='ocrx_word' id='word_1_16' title='bbox 705 426 880 514; x_wconf 89' lang='lat' dir='ltr'><strong><em>apud</em></strong></span> <span class='ocrx_word' id='word_1_17' title='bbox 929 427 1259 515; x_wconf 82' lang='lat' dir='ltr'><strong><em>principes</em></strong></span> <span class='ocrx_word' id='word_1_18' title='bbox 1308 424 1359 497; x_wconf 79' lang='lat'><strong><em>¹.</em></strong></span> 
     </span>
    </p>

    <p class='ocr_par' dir='ltr' id='par_1_3' title="bbox 213 531 2811 732">
     <span class='ocr_line' id='line_1_4' title="bbox 309 531 2811 625; baseline 0.003 -25"><span class='ocrx_word' id='word_1_19' title='bbox 309 531 505 600; x_wconf 63' lang='lat'><strong>¹80¹·</strong></span> <span class='ocrx_word' id='word_1_20' title='bbox 558 537 629 616; x_wconf 86' lang='lat' dir='ltr'><strong><em>Q.</em></strong></span> <span class='ocrx_word' id='word_1_21' title='bbox 677 538 739 602; x_wconf 76' lang='lat'><strong><em>4.</em></strong></span> <span class='ocrx_word' id='word_1_22' title='bbox 786 536 905 618; x_wconf 81' lang='lat' dir='ltr'><strong><em>An,</em></strong></span> <span class='ocrx_word' id='word_1_23' title='bbox 954 546 1010 601; x_wconf 85' lang='lat' dir='ltr'><strong><em>et</em></strong></span> <span class='ocrx_word' id='word_1_24' title='bbox 1052 535 1453 621; x_wconf 73' lang='lat' dir='ltr'><strong><em>quandonam</em></strong></span> <span class='ocrx_word' id='word_1_25' title='bbox 1491 555 1609 624; x_wconf 82' lang='lat' dir='ltr'><strong><em>per</em></strong></span> <span class='ocrx_word' id='word_1_26' title='bbox 1640 537 1834 623; x_wconf 78' lang='lat' dir='ltr'><strong><em>plura</em></strong></span> <span class='ocrx_word' id='word_1_27' title='bbox 1870 538 2116 605; x_wconf 79' lang='lat' dir='ltr'><strong><em>minata</em></strong></span> <span class='ocrx_word' id='word_1_28' title='bbox 2166 540 2342 625; x_wconf 77' lang='lat' dir='ltr'><strong><em>furta</em></strong></span> <span class='ocrx_word' id='word_1_29' title='bbox 2394 541 2811 609; x_wconf 69' lang='lat' dir='ltr'><strong><em>constituatur</em></strong></span> 
     </span>
     <span class='ocr_line' id='line_1_5' title="bbox 213 645 593 732; baseline -0.013 -21"><span class='ocrx_word' id='word_1_30' title='bbox 213 645 593 732; x_wconf 77' lang='lat' dir='ltr'><strong><em>peccatum?</em></strong></span> 
     </span>
    </p>

    <p class='ocr_par' dir='ltr' id='par_1_4' title="bbox 217 747 2823 1697">
     <span class='ocr_line' id='line_1_6' title="bbox 304 747 2822 839; baseline 0.002 -23"><span class='ocrx_word' id='word_1_31' title='bbox 304 752 374 817; x_wconf 89' lang='lat' dir='ltr'><strong><em>R.</em></strong></span> <span class='ocrx_word' id='word_1_32' title='bbox 423 748 520 816; x_wconf 88' lang='lat' dir='ltr'><strong><em>Ad</em></strong></span> <span class='ocrx_word' id='word_1_33' title='bbox 571 750 637 815; x_wconf 83' lang='lat'><strong><em>1:</em></strong></span> <span class='ocrx_word' id='word_1_34' title='bbox 689 749 961 816; x_wconf 91' lang='lat' dir='ltr'><strong><em>Certum</em></strong></span> <span class='ocrx_word' id='word_1_35' title='bbox 993 754 1115 826; x_wconf 23' lang='lat' dir='ltr'><strong><em>mest</em></strong></span> <span class='ocrx_word' id='word_1_36' title='bbox 1164 747 1360 816; x_wconf 86' lang='lat' dir='ltr'><strong><em>etiam</em></strong></span> <span class='ocrx_word' id='word_1_37' title='bbox 1405 765 1526 834; x_wconf 88' lang='lat' dir='ltr'><strong><em>per</em></strong></span> <span class='ocrx_word' id='word_1_38' title='bbox 1571 748 1823 816; x_wconf 88' lang='lat' dir='ltr'><strong><em>minuta</em></strong></span> <span class='ocrx_word' id='word_1_39' title='bbox 1876 749 2045 818; x_wconf 81' lang='lat' dir='ltr'><strong><em>furta</em></strong></span> <span class='ocrx_word' id='word_1_40' title='bbox 2081 751 2447 819; x_wconf 88' lang='lat' dir='ltr'><strong><em>mortaliter</em></strong></span> <span class='ocrx_word' id='word_1_41' title='bbox 2479 770 2677 839; x_wconf 88' lang='lat' dir='ltr'><strong><em>posse</em></strong></span> <span class='ocrx_word' id='word_1_42' title='bbox 2711 751 2822 821; x_wconf 91' lang='lat' dir='ltr'><strong><em>de·</em></strong></span> 
     </span>
     <span class='ocr_line' id='line_1_7' title="bbox 218 853 2821 942; baseline 0.002 -20"><span class='ocrx_word' id='word_1_43' title='bbox 218 853 455 942; x_wconf 89' lang='lat' dir='ltr'><strong><em>linqui,</em></strong></span> <span class='ocrx_word' id='word_1_44' title='bbox 507 854 561 922; x_wconf 91' lang='lat' dir='ltr'><strong><em>si</em></strong></span> <span class='ocrx_word' id='word_1_45' title='bbox 611 872 851 941; x_wconf 81' lang='lat' dir='ltr'>nempe</span> <span class='ocrx_word' id='word_1_46' title='bbox 888 854 996 922; x_wconf 91' lang='lat' dir='ltr'><strong><em>illa</em></strong></span> <span class='ocrx_word' id='word_1_47' title='bbox 1047 854 1126 922; x_wconf 89' lang='lat' dir='ltr'><strong><em>ad</em></strong></span> <span class='ocrx_word' id='word_1_48' title='bbox 1173 854 1535 923; x_wconf 81' lang='lat' dir='ltr'><strong><em>notabilem</em></strong></span> <span class='ocrx_word' id='word_1_49' title='bbox 1588 855 2023 940; x_wconf 80' lang='lat' dir='ltr'><strong><em>quantitatem</em></strong></span> <span class='ocrx_word' id='word_1_50' title='bbox 2077 857 2474 942; x_wconf 87' lang='lat' dir='ltr'><strong><em>pervenerit,</em></strong></span> <span class='ocrx_word' id='word_1_51' title='bbox 2525 858 2645 925; x_wconf 88' lang='lat' dir='ltr'><strong><em>etsi</em></strong></span> <span class='ocrx_word' id='word_1_52' title='bbox 2688 859 2821 927; x_wconf 87' lang='lat' dir='ltr'><strong><em>sint</em></strong></span> 
     </span>
     <span class='ocr_line' id='line_1_8' title="bbox 219 962 2820 1051; baseline 0.002 -21"><span class='ocrx_word' id='word_1_53' title='bbox 219 963 392 1032; x_wconf 80' lang='lat' dir='ltr'><strong><em>facta</em></strong></span> <span class='ocrx_word' id='word_1_54' title='bbox 448 963 725 1032; x_wconf 80' lang='lat' dir='ltr'><strong><em>diversis</em></strong></span> <span class='ocrx_word' id='word_1_55' title='bbox 788 962 1073 1032; x_wconf 84' lang='lat' dir='ltr'><strong><em>dominis</em></strong></span> <span class='ocrx_word' id='word_1_56' title='bbox 1138 962 1367 1049; x_wconf 84' lang='lat' dir='ltr'><strong><em>(modo</em></strong></span> <span class='ocrx_word' id='word_1_57' title='bbox 1427 963 1601 1032; x_wconf 87' lang='lat' dir='ltr'><strong><em>inter</em></strong></span> <span class='ocrx_word' id='word_1_58' title='bbox 1646 964 1755 1031; x_wconf 89' lang='lat' dir='ltr'><strong><em>illa</em></strong></span> <span class='ocrx_word' id='word_1_59' title='bbox 1805 983 1941 1032; x_wconf 89' lang='lat' dir='ltr'><strong><em>non</em></strong></span> <span class='ocrx_word' id='word_1_60' title='bbox 1990 965 2455 1051; x_wconf 86' lang='lat' dir='ltr'><strong><em>interponatur</em></strong></span> <span class='ocrx_word' id='word_1_61' title='bbox 2507 981 2820 1051; x_wconf 83' lang='lat' dir='ltr'><strong><em>magnum</em></strong></span> 
     </span>
     <span class='ocr_line' id='line_1_9' title="bbox 218 1069 2823 1158; baseline 0 -19"><span class='ocrx_word' id='word_1_62' title='bbox 218 1071 690 1156; x_wconf 85' lang='lat' dir='ltr'><strong><em>intervallum).</em></strong></span> <span class='ocrx_word' id='word_1_63' title='bbox 737 1073 899 1139; x_wconf 84' lang='lat' dir='ltr'><strong><em>Esto</em></strong></span> <span class='ocrx_word' id='word_1_64' title='bbox 949 1069 1127 1157; x_wconf 89' lang='lat' dir='ltr'><strong><em>qnod</em></strong></span> <span class='ocrx_word' id='word_1_65' title='bbox 1171 1077 1328 1140; x_wconf 90' lang='lat' dir='ltr'><strong><em>tunc</em></strong></span> <span class='ocrx_word' id='word_1_66' title='bbox 1377 1070 1624 1142; x_wconf 90' lang='lat' dir='ltr'><strong><em>domini</em></strong></span> <span class='ocrx_word' id='word_1_67' title='bbox 1672 1089 1803 1139; x_wconf 91' lang='lat' dir='ltr'><strong><em>non</em></strong></span> <span class='ocrx_word' id='word_1_68' title='bbox 1855 1073 1987 1138; x_wconf 86' lang='lat' dir='ltr'><strong><em>sint</em></strong></span> <span class='ocrx_word' id='word_1_69' title='bbox 2036 1072 2325 1158; x_wconf 84' lang='lat' dir='ltr'><strong><em>graviter</em></strong></span> <span class='ocrx_word' id='word_1_70' title='bbox 2371 1072 2509 1141; x_wconf 79' lang='lat' dir='ltr'><strong><em>laesi</em></strong></span> <span class='ocrx_word' id='word_1_71' title='bbox 2574 1073 2823 1141; x_wconf 84' lang='lat' dir='ltr'><strong><em>forma-</em></strong></span> 
     </span>
     <span class='ocr_line' id='line_1_10' title="bbox 219 1175 2822 1268; baseline 0.001 -21"><span class='ocrx_word' id='word_1_72' title='bbox 219 1180 411 1261; x_wconf 81' lang='lat' dir='ltr'><strong><em>liter3</em></strong></span> <span class='ocrx_word' id='word_1_73' title='bbox 460 1179 577 1248; x_wconf 91' lang='lat' dir='ltr'><strong><em>sed</em></strong></span> <span class='ocrx_word' id='word_1_74' title='bbox 628 1179 767 1247; x_wconf 82' lang='lat' dir='ltr'><strong><em>laesi</em></strong></span> <span class='ocrx_word' id='word_1_75' title='bbox 817 1187 993 1261; x_wconf 87' lang='lat' dir='ltr'><strong><em>sunt,</em></strong></span> <span class='ocrx_word' id='word_1_76' title='bbox 1045 1185 1118 1246; x_wconf 88' lang='lat' dir='ltr'><strong><em>ut</em></strong></span> <span class='ocrx_word' id='word_1_77' title='bbox 1182 1179 1268 1245; x_wconf 88' lang='lat' dir='ltr'><strong><em>ita</em></strong></span> <span class='ocrx_word' id='word_1_78' title='bbox 1315 1178 1532 1247; x_wconf 88' lang='lat' dir='ltr'><strong><em>dicam</em></strong></span> <span class='ocrx_word' id='word_1_79' title='bbox 1602 1179 1990 1261; x_wconf 79' lang='lat' dir='ltr'><strong><em>radicaliter,</em></strong></span> <span class='ocrx_word' id='word_1_80' title='bbox 2041 1175 2294 1249; x_wconf 86' lang='lat' dir='ltr'><strong><em>scilicet</em></strong></span> <span class='ocrx_word' id='word_1_81' title='bbox 2343 1182 2405 1249; x_wconf 92' lang='lat' dir='ltr'><strong><em>in</em></strong></span> <span class='ocrx_word' id='word_1_82' title='bbox 2458 1181 2583 1249; x_wconf 89' lang='lat' dir='ltr'><strong><em>hoc</em></strong></span> <span class='ocrx_word' id='word_1_83' title='bbox 2640 1180 2822 1268; x_wconf 90' lang='lat' dir='ltr'><strong><em>quod</em></strong></span> 
     </span>
     <span class='ocr_line' id='line_1_11' title="bbox 218 1287 2820 1374; baseline 0.002 -21"><span class='ocrx_word' id='word_1_84' title='bbox 218 1287 347 1354; x_wconf 83' lang='lat' dir='ltr'><strong><em>nisi</em></strong></span> <span class='ocrx_word' id='word_1_85' title='bbox 402 1288 685 1373; x_wconf 69' lang='lat' dir='ltr'><strong><em>graviter</em></strong></span> <span class='ocrx_word' id='word_1_86' title='bbox 731 1287 1203 1373; x_wconf 78' lang='lat' dir='ltr'><strong><em>prohibeatur,</em></strong></span> <span class='ocrx_word' id='word_1_87' title='bbox 1253 1301 1564 1372; x_wconf 80' lang='lat' dir='ltr'><strong><em>magnum</em></strong></span> <span class='ocrx_word' id='word_1_88' title='bbox 1617 1294 2015 1374; x_wconf 76' lang='lat' dir='ltr'><strong><em>sequeretur</em></strong></span> <span class='ocrx_word' id='word_1_89' title='bbox 2062 1288 2530 1358; x_wconf 86' lang='lat' dir='ltr'><strong><em>inconveniens</em></strong></span> <span class='ocrx_word' id='word_1_90' title='bbox 2588 1295 2820 1359; x_wconf 90' lang='lat' dir='ltr'><strong><em>contra</em></strong></span> 
     </span>
     <span class='ocr_line' id='line_1_12' title="bbox 217 1395 2821 1481; baseline 0.001 -18"><span class='ocrx_word' id='word_1_91' title='bbox 217 1396 475 1464; x_wconf 88' lang='lat' dir='ltr'><strong><em>bonum</em></strong></span> <span class='ocrx_word' id='word_1_92' title='bbox 526 1396 863 1481; x_wconf 88' lang='lat' dir='ltr'><strong><em>publicum</em></strong></span> <span class='ocrx_word' id='word_1_93' title='bbox 913 1404 977 1464; x_wconf 84' lang='lat' dir='ltr'><strong><em>et</em></strong></span> <span class='ocrx_word' id='word_1_94' title='bbox 1029 1395 1528 1463; x_wconf 79' lang='lat' dir='ltr'><strong><em>indemnitatem</em></strong></span> <span class='ocrx_word' id='word_1_95' title='bbox 1579 1395 2017 1481; x_wconf 85' lang='lat' dir='ltr'><strong><em>singulorum.</em></strong></span> <span class='ocrx_word' id='word_1_96' title='bbox 2071 1397 2136 1462; x_wconf 92' lang='lat' dir='ltr'><strong><em>Si</em></strong></span> <span class='ocrx_word' id='word_1_97' title='bbox 2188 1397 2363 1465; x_wconf 88' lang='lat' dir='ltr'><strong><em>enim</em></strong></span> <span class='ocrx_word' id='word_1_98' title='bbox 2414 1396 2641 1466; x_wconf 88' lang='lat' dir='ltr'><strong><em>liceret</em></strong></span> <span class='ocrx_word' id='word_1_99' title='bbox 2677 1397 2821 1465; x_wconf 91' lang='lat' dir='ltr'><strong><em>uni-</em></strong></span> 
     </span>
     <span class='ocr_line' id='line_1_13' title="bbox 218 1501 2820 1590; baseline 0 -19"><span class='ocrx_word' id='word_1_100' title='bbox 218 1502 469 1590; x_wconf 88' lang='lat' dir='ltr'><strong><em>cuique</em></strong></span> <span class='ocrx_word' id='word_1_101' title='bbox 517 1522 594 1571; x_wconf 87' lang='lat' dir='ltr'><strong><em>ex</em></strong></span> <span class='ocrx_word' id='word_1_102' title='bbox 643 1502 966 1571; x_wconf 85' lang='lat' dir='ltr'><strong><em>industria</em></strong></span> <span class='ocrx_word' id='word_1_103' title='bbox 1014 1501 1341 1570; x_wconf 81' lang='lat' dir='ltr'><strong><em>ditescere</em></strong></span> <span class='ocrx_word' id='word_1_104' title='bbox 1389 1502 1472 1570; x_wconf 88' lang='lat' dir='ltr'><strong><em>de</em></strong></span> <span class='ocrx_word' id='word_1_105' title='bbox 1519 1502 1761 1586; x_wconf 88' lang='lat' dir='ltr'><strong><em>alieno,</em></strong></span> <span class='ocrx_word' id='word_1_106' title='bbox 1811 1502 2175 1572; x_wconf 80' lang='lat' dir='ltr'><strong><em>fraudando</em></strong></span> <span class='ocrx_word' id='word_1_107' title='bbox 2228 1521 2595 1587; x_wconf 77' lang='lat' dir='ltr'><strong><em>mensuras,</em></strong></span> <span class='ocrx_word' id='word_1_108' title='bbox 2646 1504 2820 1572; x_wconf 82' lang='lat' dir='ltr'><strong><em>falsi-</em></strong></span> 
     </span>
     <span class='ocr_line' id='line_1_14' title="bbox 217 1608 2616 1697; baseline 0 -20"><span class='ocrx_word' id='word_1_109' title='bbox 217 1608 484 1679; x_wconf 85' lang='lat' dir='ltr'><strong><em>ficando</em></strong></span> <span class='ocrx_word' id='word_1_110' title='bbox 533 1628 787 1678; x_wconf 89' lang='lat' dir='ltr'><strong><em>merces</em></strong></span> <span class='ocrx_word' id='word_1_111' title='bbox 860 1616 924 1678; x_wconf 91' lang='lat' dir='ltr'><strong><em>et</em></strong></span> <span class='ocrx_word' id='word_1_112' title='bbox 994 1609 1366 1693; x_wconf 81' lang='lat' dir='ltr'><strong><em>similibuS,</em></strong></span> <span class='ocrx_word' id='word_1_113' title='bbox 1417 1627 1722 1696; x_wconf 87' lang='lat' dir='ltr'><strong><em>quaenam</em></strong></span> <span class='ocrx_word' id='word_1_114' title='bbox 1773 1611 2140 1678; x_wconf 72' lang='lat' dir='ltr'><strong><em>securitas?</em></strong></span> <span class='ocrx_word' id='word_1_115' title='bbox 2188 1613 2296 1697; x_wconf 84' lang='lat' dir='ltr'><strong><em>qui</em></strong></span> <span class='ocrx_word' id='word_1_116' title='bbox 2344 1615 2616 1680; x_wconf 67' lang='lat' dir='ltr'><strong><em>mores?</em></strong></span> 
     </span>
    </p>

    <p class='ocr_par' dir='ltr' id='par_1_5' title="bbox 131 1716 2825 3183">
     <span class='ocr_line' id='line_1_15' title="bbox 308 1716 2822 1805; baseline 0 -20"><span class='ocrx_word' id='word_1_117' title='bbox 308 1717 445 1786; x_wconf 89' lang='lat' dir='ltr'><strong><em>Sed</em></strong></span> <span class='ocrx_word' id='word_1_118' title='bbox 480 1717 842 1786; x_wconf 89' lang='lat' dir='ltr'><strong><em>notandum</em></strong></span> <span class='ocrx_word' id='word_1_119' title='bbox 878 1723 999 1800; x_wconf 91' lang='lat' dir='ltr'><strong><em>est,</em></strong></span> <span class='ocrx_word' id='word_1_120' title='bbox 1036 1717 1213 1803; x_wconf 88' lang='lat' dir='ltr'><strong><em>quod</em></strong></span> <span class='ocrx_word' id='word_1_121' title='bbox 1249 1717 1329 1784; x_wconf 91' lang='lat' dir='ltr'><strong><em>ad</em></strong></span> <span class='ocrx_word' id='word_1_122' title='bbox 1364 1716 1896 1786; x_wconf 78' lang='lat' dir='ltr'><strong><em>constituendam</em></strong></span> <span class='ocrx_word' id='word_1_123' title='bbox 1934 1735 2197 1804; x_wconf 81' lang='lat' dir='ltr'><strong><em>gravem</em></strong></span> <span class='ocrx_word' id='word_1_124' title='bbox 2232 1720 2573 1787; x_wconf 88' lang='lat' dir='ltr'><strong><em>materiam</em></strong></span> <span class='ocrx_word' id='word_1_125' title='bbox 2607 1718 2822 1805; x_wconf 86' lang='lat' dir='ltr'><strong><em>major</em></strong></span> 
     </span>
     <span class='ocr_line' id='line_1_16' title="bbox 225 1824 2822 1913; baseline 0.002 -22"><span class='ocrx_word' id='word_1_126' title='bbox 225 1824 568 1912; x_wconf 78' lang='lat' dir='ltr'><strong><em>quantitas</em></strong></span> <span class='ocrx_word' id='word_1_127' title='bbox 635 1825 1000 1911; x_wconf 60' lang='lat' dir='ltr'><strong><em>‘requiritur</em></strong></span> <span class='ocrx_word' id='word_1_128' title='bbox 1046 1827 1111 1892; x_wconf 91' lang='lat' dir='ltr'><strong><em>in</em></strong></span> <span class='ocrx_word' id='word_1_129' title='bbox 1160 1825 1352 1893; x_wconf 87' lang='lat' dir='ltr'><strong><em>furtis</em></strong></span> <span class='ocrx_word' id='word_1_130' title='bbox 1424 1826 1746 1908; x_wconf 87' lang='lat' dir='ltr'><strong><em>minutis,</em></strong></span> <span class='ocrx_word' id='word_1_131' title='bbox 1798 1841 1993 1913; x_wconf 87' lang='lat' dir='ltr'><strong><em>quam</em></strong></span> <span class='ocrx_word' id='word_1_132' title='bbox 2044 1826 2109 1893; x_wconf 90' lang='lat' dir='ltr'><strong><em>in</em></strong></span> <span class='ocrx_word' id='word_1_133' title='bbox 2158 1827 2336 1908; x_wconf 83' lang='lat' dir='ltr'><strong><em>aliis3</em></strong></span> <span class='ocrx_word' id='word_1_134' title='bbox 2378 1826 2600 1896; x_wconf 87' lang='lat' dir='ltr'><strong><em>minus</em></strong></span> <span class='ocrx_word' id='word_1_135' title='bbox 2642 1826 2822 1895; x_wconf 88' lang='lat' dir='ltr'><strong><em>enim</em></strong></span> 
     </span>
     <span class='ocr_line' id='line_1_17' title="bbox 217 1933 2821 2020; baseline 0.001 -21"><span class='ocrx_word' id='word_1_136' title='bbox 217 1933 283 2001; x_wconf 86' lang='lat' dir='ltr'><strong><em>in</em></strong></span> <span class='ocrx_word' id='word_1_137' title='bbox 334 1933 520 2016; x_wconf 89' lang='lat' dir='ltr'><strong><em>istis,</em></strong></span> <span class='ocrx_word' id='word_1_138' title='bbox 573 1949 767 2020; x_wconf 85' lang='lat' dir='ltr'><strong><em>qnam</em></strong></span> <span class='ocrx_word' id='word_1_139' title='bbox 820 1933 885 2001; x_wconf 93' lang='lat' dir='ltr'><strong><em>in</em></strong></span> <span class='ocrx_word' id='word_1_140' title='bbox 937 1933 1067 2002; x_wconf 89' lang='lat' dir='ltr'><strong><em>illis</em></strong></span> <span class='ocrx_word' id='word_1_141' title='bbox 1115 1933 1334 2002; x_wconf 89' lang='lat' dir='ltr'><strong><em>solent</em></strong></span> <span class='ocrx_word' id='word_1_142' title='bbox 1381 1939 1563 2001; x_wconf 90' lang='lat' dir='ltr'><strong><em>certo</em></strong></span> <span class='ocrx_word' id='word_1_143' title='bbox 1613 1933 1863 2002; x_wconf 91' lang='lat' dir='ltr'><strong><em>domini</em></strong></span> <span class='ocrx_word' id='word_1_144' title='bbox 1917 1951 2065 2002; x_wconf 90' lang='lat' dir='ltr'><strong><em>esse</em></strong></span> <span class='ocrx_word' id='word_1_145' title='bbox 2113 1934 2317 2002; x_wconf 82' lang='lat' dir='ltr'><strong><em>inviti.</em></strong></span> <span class='ocrx_word' id='word_1_146' title='bbox 2369 1934 2535 2004; x_wconf 89' lang='lat' dir='ltr'><strong><em>Hinc</em></strong></span> <span class='ocrx_word' id='word_1_147' title='bbox 2583 1935 2639 2003; x_wconf 87' lang='lat' dir='ltr'><strong><em>si</em></strong></span> <span class='ocrx_word' id='word_1_148' title='bbox 2690 1933 2821 2002; x_wconf 89' lang='lat' dir='ltr'><strong><em>mi·-</em></strong></span> 
     </span>
     <span class='ocr_line' id='line_1_18' title="bbox 218 2039 2823 2128; baseline 0 -20"><span class='ocrx_word' id='word_1_149' title='bbox 218 2049 382 2108; x_wconf 84' lang='lat' dir='ltr'><strong><em>nutn</em></strong></span> <span class='ocrx_word' id='word_1_150' title='bbox 439 2040 608 2108; x_wconf 84' lang='lat' dir='ltr'><strong><em>furta</em></strong></span> <span class='ocrx_word' id='word_1_151' title='bbox 665 2041 823 2107; x_wconf 83' lang='lat' dir='ltr'><strong><em>fiant</em></strong></span> <span class='ocrx_word' id='word_1_152' title='bbox 885 2039 1097 2108; x_wconf 89' lang='lat' dir='ltr'><strong><em>eidem</em></strong></span> <span class='ocrx_word' id='word_1_153' title='bbox 1158 2058 1460 2127; x_wconf 83' lang='lat' dir='ltr'><strong><em>personae</em></strong></span> <span class='ocrx_word' id='word_1_154' title='bbox 1525 2039 1805 2109; x_wconf 85' lang='lat' dir='ltr'><strong><em>diversis</em></strong></span> <span class='ocrx_word' id='word_1_155' title='bbox 1854 2041 2151 2125; x_wconf 79' lang='lat' dir='ltr'><strong><em>vicibuS,</em></strong></span> <span class='ocrx_word' id='word_1_156' title='bbox 2199 2050 2311 2108; x_wconf 87' lang='lat' dir='ltr'><strong><em>ant</em></strong></span> <span class='ocrx_word' id='word_1_157' title='bbox 2373 2041 2676 2128; x_wconf 89' lang='lat' dir='ltr'><strong><em>personis</em></strong></span> <span class='ocrx_word' id='word_1_158' title='bbox 2727 2040 2823 2108; x_wconf 91' lang='lat' dir='ltr'><strong><em>di-</em></strong></span> 
     </span>
     <span class='ocr_line' id='line_1_19' title="bbox 219 2146 2821 2235; baseline 0.002 -25"><span class='ocrx_word' id='word_1_159' title='bbox 219 2148 434 2216; x_wconf 86' lang='lat' dir='ltr'><strong><em>versis</em></strong></span> <span class='ocrx_word' id='word_1_160' title='bbox 507 2146 743 2216; x_wconf 89' lang='lat' dir='ltr'><strong><em>eodem</em></strong></span> <span class='ocrx_word' id='word_1_161' title='bbox 814 2154 1155 2233; x_wconf 89' lang='lat' dir='ltr'><strong><em>tempore,</em></strong></span> <span class='ocrx_word' id='word_1_162' title='bbox 1222 2147 1301 2214; x_wconf 91' lang='lat' dir='ltr'><strong><em>ad</em></strong></span> <span class='ocrx_word' id='word_1_163' title='bbox 1351 2146 1690 2214; x_wconf 88' lang='lat' dir='ltr'><strong><em>materiam</em></strong></span> <span class='ocrx_word' id='word_1_164' title='bbox 1742 2165 2001 2233; x_wconf 78' lang='lat' dir='ltr'><strong><em>gravem</em></strong></span> <span class='ocrx_word' id='word_1_165' title='bbox 2052 2149 2413 2235; x_wconf 85' lang='lat' dir='ltr'><strong><em>requiritur</em></strong></span> <span class='ocrx_word' id='word_1_166' title='bbox 2460 2154 2526 2216; x_wconf 90' lang='lat' dir='ltr'><strong><em>et</em></strong></span> <span class='ocrx_word' id='word_1_167' title='bbox 2577 2148 2821 2216; x_wconf 84' lang='lat' dir='ltr'><strong><em>sufficit</em></strong></span> 
     </span>
     <span class='ocr_line' id='line_1_20' title="bbox 222 2251 2817 2341; baseline 0 -20"><span class='ocrx_word' id='word_1_168' title='bbox 222 2255 481 2340; x_wconf 89' lang='lat' dir='ltr'><strong><em>(nostra</em></strong></span> <span class='ocrx_word' id='word_1_169' title='bbox 532 2251 796 2340; x_wconf 90' lang='lat' dir='ltr'><strong><em>quidem</em></strong></span> <span class='ocrx_word' id='word_1_170' title='bbox 845 2255 1202 2341; x_wconf 82' lang='lat' dir='ltr'><strong><em>sententia)</em></strong></span> <span class='ocrx_word' id='word_1_171' title='bbox 1250 2271 1455 2322; x_wconf 89' lang='lat' dir='ltr'><strong><em>unum</em></strong></span> <span class='ocrx_word' id='word_1_172' title='bbox 1506 2253 1784 2341; x_wconf 82' lang='lat' dir='ltr'><strong><em>simplex</em></strong></span> <span class='ocrx_word' id='word_1_173' title='bbox 1836 2273 1987 2323; x_wconf 90' lang='lat' dir='ltr'><strong><em>cum</em></strong></span> <span class='ocrx_word' id='word_1_174' title='bbox 2022 2254 2341 2322; x_wconf 87' lang='lat' dir='ltr'><strong><em>dimidio:</em></strong></span> <span class='ocrx_word' id='word_1_175' title='bbox 2373 2274 2429 2322; x_wconf 79' lang='lat' dir='ltr'><strong><em>v,</em></strong></span> <span class='ocrx_word' id='word_1_176' title='bbox 2473 2272 2552 2341; x_wconf 86' lang='lat' dir='ltr'><strong><em>g.,</em></strong></span> <span class='ocrx_word' id='word_1_177' title='bbox 2587 2255 2640 2324; x_wconf 91' lang='lat' dir='ltr'><strong><em>si</em></strong></span> <span class='ocrx_word' id='word_1_178' title='bbox 2683 2255 2817 2323; x_wconf 89' lang='lat' dir='ltr'><strong><em>sint</em></strong></span> 
     </span>
     <span class='ocr_line' id='line_1_21' title="bbox 221 2360 2819 2450; baseline 0 -21"><span class='ocrx_word' id='word_1_179' title='bbox 221 2362 498 2430; x_wconf 86' lang='lat' dir='ltr'><strong><em>materia</em></strong></span> <span class='ocrx_word' id='word_1_180' title='bbox 547 2363 759 2447; x_wconf 85' lang='lat' dir='ltr'><strong><em>gravis</em></strong></span> <span class='ocrx_word' id='word_1_181' title='bbox 807 2369 991 2430; x_wconf 88' lang='lat' dir='ltr'><strong><em>scuta</em></strong></span> <span class='ocrx_word' id='word_1_182' title='bbox 1030 2368 1358 2447; x_wconf 87' lang='lat' dir='ltr'><strong><em>quatuor,</em></strong></span> <span class='ocrx_word' id='word_1_183' title='bbox 1395 2380 1513 2448; x_wconf 91' lang='lat' dir='ltr'><strong><em>per</em></strong></span> <span class='ocrx_word' id='word_1_184' title='bbox 1556 2361 1726 2430; x_wconf 83' lang='lat' dir='ltr'><strong><em>furta</em></strong></span> <span class='ocrx_word' id='word_1_185' title='bbox 1760 2363 2025 2430; x_wconf 83' lang='lat' dir='ltr'><strong><em>minuta</em></strong></span> <span class='ocrx_word' id='word_1_186' title='bbox 2081 2363 2510 2450; x_wconf 87' lang='lat' dir='ltr'><strong><em>requiruntur</em></strong></span> <span class='ocrx_word' id='word_1_187' title='bbox 2557 2380 2697 2430; x_wconf 84' lang='lat' dir='ltr'><strong><em>sex.</em></strong></span> <span class='ocrx_word' id='word_1_188' title='bbox 2749 2360 2819 2430; x_wconf 90' lang='lat' dir='ltr'><strong><em>Si</em></strong></span> 
     </span>
     <span class='ocr_line' id='line_1_22' title="bbox 224 2468 2820 2556; baseline -0.001 -19"><span class='ocrx_word' id='word_1_189' title='bbox 224 2487 380 2537; x_wconf 80' lang='lat' dir='ltr'><strong><em>vero</em></strong></span> <span class='ocrx_word' id='word_1_190' title='bbox 440 2468 818 2555; x_wconf 85' lang='lat' dir='ltr'><strong><em>hujusmodi</em></strong></span> <span class='ocrx_word' id='word_1_191' title='bbox 877 2468 1120 2536; x_wconf 71' lang='lat' dir='ltr'><strong><em>turtula</em></strong></span> <span class='ocrx_word' id='word_1_192' title='bbox 1185 2468 1343 2537; x_wconf 86' lang='lat' dir='ltr'><strong><em>fiant</em></strong></span> <span class='ocrx_word' id='word_1_193' title='bbox 1391 2468 1668 2538; x_wconf 88' lang='lat' dir='ltr'><strong><em>diversis</em></strong></span> <span class='ocrx_word' id='word_1_194' title='bbox 1719 2470 2027 2556; x_wconf 86' lang='lat' dir='ltr'><strong><em>personis</em></strong></span> <span class='ocrx_word' id='word_1_195' title='bbox 2078 2476 2145 2537; x_wconf 90' lang='lat' dir='ltr'><strong><em>et</em></strong></span> <span class='ocrx_word' id='word_1_196' title='bbox 2188 2469 2444 2538; x_wconf 79' lang='lat' dir='ltr'><strong><em>vicibus</em></strong></span> <span class='ocrx_word' id='word_1_197' title='bbox 2495 2468 2820 2553; x_wconf 76' lang='lat' dir='ltr'><strong><em>diversiS,</em></strong></span> 
     </span>
     <span class='ocr_line' id='line_1_23' title="bbox 223 2575 2818 2663; baseline 0 -19"><span class='ocrx_word' id='word_1_198' title='bbox 223 2584 536 2662; x_wconf 83' lang='lat' dir='ltr'><strong><em>putamus</em></strong></span> <span class='ocrx_word' id='word_1_199' title='bbox 586 2575 832 2661; x_wconf 89' lang='lat' dir='ltr'><strong><em>requiri</em></strong></span> <span class='ocrx_word' id='word_1_200' title='bbox 884 2575 1181 2662; x_wconf 90' lang='lat' dir='ltr'><strong><em>duplum,</em></strong></span> <span class='ocrx_word' id='word_1_201' title='bbox 1234 2583 1421 2645; x_wconf 90' lang='lat' dir='ltr'><strong><em>scuta</em></strong></span> <span class='ocrx_word' id='word_1_202' title='bbox 1468 2595 1708 2663; x_wconf 90' lang='lat' dir='ltr'><strong><em>nempe</em></strong></span> <span class='ocrx_word' id='word_1_203' title='bbox 1748 2585 1938 2659; x_wconf 82' lang='lat' dir='ltr'><strong><em>oct03</em></strong></span> <span class='ocrx_word' id='word_1_204' title='bbox 1977 2577 2127 2663; x_wconf 89' lang='lat' dir='ltr'><strong><em>quia</em></strong></span> <span class='ocrx_word' id='word_1_205' title='bbox 2164 2585 2320 2645; x_wconf 91' lang='lat' dir='ltr'><strong><em>tunc</em></strong></span> <span class='ocrx_word' id='word_1_206' title='bbox 2362 2575 2642 2662; x_wconf 83' lang='lat' dir='ltr'><strong><em>gravitas</em></strong></span> <span class='ocrx_word' id='word_1_207' title='bbox 2684 2595 2818 2645; x_wconf 92' lang='lat' dir='ltr'><strong><em>non</em></strong></span> 
     </span>
     <span class='ocr_line' id='line_1_24' title="bbox 223 2683 2816 2770; baseline 0.001 -19"><span class='ocrx_word' id='word_1_208' title='bbox 223 2690 356 2751; x_wconf 87' lang='lat' dir='ltr'><strong><em>tam</em></strong></span> <span class='ocrx_word' id='word_1_209' title='bbox 429 2683 689 2769; x_wconf 84' lang='lat' dir='ltr'><strong><em>exurgit</em></strong></span> <span class='ocrx_word' id='word_1_210' title='bbox 760 2702 838 2752; x_wconf 85' lang='lat' dir='ltr'><strong><em>ex</em></strong></span> <span class='ocrx_word' id='word_1_211' title='bbox 910 2683 1150 2751; x_wconf 92' lang='lat' dir='ltr'><strong><em>damno</em></strong></span> <span class='ocrx_word' id='word_1_212' title='bbox 1207 2683 1429 2766; x_wconf 91' lang='lat' dir='ltr'><strong><em>illato,</em></strong></span> <span class='ocrx_word' id='word_1_213' title='bbox 1482 2701 1678 2770; x_wconf 87' lang='lat' dir='ltr'><strong><em>quam</em></strong></span> <span class='ocrx_word' id='word_1_214' title='bbox 1729 2685 1909 2770; x_wconf 87' lang='lat' dir='ltr'><strong><em>quod</em></strong></span> <span class='ocrx_word' id='word_1_215' title='bbox 1958 2685 2069 2753; x_wconf 86' lang='lat' dir='ltr'><strong><em>ille</em></strong></span> <span class='ocrx_word' id='word_1_216' title='bbox 2117 2684 2398 2753; x_wconf 86' lang='lat' dir='ltr'><strong><em>ditescat</em></strong></span> <span class='ocrx_word' id='word_1_217' title='bbox 2447 2684 2529 2752; x_wconf 92' lang='lat' dir='ltr'><strong><em>de</em></strong></span> <span class='ocrx_word' id='word_1_218' title='bbox 2578 2684 2816 2754; x_wconf 80' lang='lat' dir='ltr'><strong><em>alieno.</em></strong></span> 
     </span>
     <span class='ocr_line' id='line_1_25' title="bbox 222 2790 2825 2876; baseline 0 -18"><span class='ocrx_word' id='word_1_219' title='bbox 222 2793 387 2859; x_wconf 89' lang='lat' dir='ltr'><strong><em>Item</em></strong></span> <span class='ocrx_word' id='word_1_220' title='bbox 442 2790 504 2857; x_wconf 91' lang='lat' dir='ltr'><strong><em>in</em></strong></span> <span class='ocrx_word' id='word_1_221' title='bbox 556 2790 748 2858; x_wconf 83' lang='lat' dir='ltr'><strong><em>furtis</em></strong></span> <span class='ocrx_word' id='word_1_222' title='bbox 790 2808 1013 2859; x_wconf 88' lang='lat' dir='ltr'><strong><em>rerum</em></strong></span> <span class='ocrx_word' id='word_1_223' title='bbox 1064 2790 1535 2876; x_wconf 83' lang='lat' dir='ltr'><strong><em>expositarum,</em></strong></span> <span class='ocrx_word' id='word_1_224' title='bbox 1584 2798 1659 2859; x_wconf 92' lang='lat' dir='ltr'><strong><em>ut</em></strong></span> <span class='ocrx_word' id='word_1_225' title='bbox 1707 2798 1862 2860; x_wconf 91' lang='lat' dir='ltr'><strong><em>sunt</em></strong></span> <span class='ocrx_word' id='word_1_226' title='bbox 1904 2792 2160 2861; x_wconf 83' lang='lat' dir='ltr'><strong><em>fructus</em></strong></span> <span class='ocrx_word' id='word_1_227' title='bbox 2209 2807 2402 2860; x_wconf 87' lang='lat' dir='ltr'><strong><em>secus</em></strong></span> <span class='ocrx_word' id='word_1_228' title='bbox 2452 2792 2587 2860; x_wconf 81' lang='lat' dir='ltr'><strong><em>vias</em></strong></span> <span class='ocrx_word' id='word_1_229' title='bbox 2641 2799 2706 2860; x_wconf 91' lang='lat' dir='ltr'><strong><em>et</em></strong></span> <span class='ocrx_word' id='word_1_230' title='bbox 2749 2791 2825 2858; x_wconf 93' lang='lat' dir='ltr'><strong><em>li-</em></strong></span> 
     </span>
     <span class='ocr_line' id='line_1_26' title="bbox 224 2896 2820 2985; baseline 0.001 -21"><span class='ocrx_word' id='word_1_231' title='bbox 224 2915 347 2984; x_wconf 77' lang='lat' dir='ltr'><strong><em>gna</em></strong></span> <span class='ocrx_word' id='word_1_232' title='bbox 411 2897 476 2965; x_wconf 88' lang='lat' dir='ltr'><strong><em>in</em></strong></span> <span class='ocrx_word' id='word_1_233' title='bbox 526 2897 766 2983; x_wconf 79' lang='lat' dir='ltr'><strong><em>sylvis,</em></strong></span> <span class='ocrx_word' id='word_1_234' title='bbox 817 2896 899 2964; x_wconf 87' lang='lat' dir='ltr'><strong><em>ad</em></strong></span> <span class='ocrx_word' id='word_1_235' title='bbox 945 2898 1329 2981; x_wconf 78' lang='lat' dir='ltr'><strong><em>gravitatem</em></strong></span> <span class='ocrx_word' id='word_1_236' title='bbox 1379 2898 1591 2984; x_wconf 88' lang='lat' dir='ltr'><strong><em>major</em></strong></span> <span class='ocrx_word' id='word_1_237' title='bbox 1635 2898 2002 2985; x_wconf 86' lang='lat' dir='ltr'><strong><em>requiritur</em></strong></span> <span class='ocrx_word' id='word_1_238' title='bbox 2048 2899 2343 2967; x_wconf 87' lang='lat' dir='ltr'><strong><em>materia.</em></strong></span> <span class='ocrx_word' id='word_1_239' title='bbox 2398 2898 2588 2979; x_wconf 87' lang='lat' dir='ltr'><strong><em>Quod</em></strong></span> <span class='ocrx_word' id='word_1_240' title='bbox 2643 2897 2820 2967; x_wconf 88' lang='lat' dir='ltr'><strong><em>idem</em></strong></span> 
     </span>
     <span class='ocr_line' id='line_1_27' title="bbox 131 3004 2821 3093; baseline -0 -19"><span class='ocrx_word' id='word_1_241' title='bbox 131 3011 144 3032; x_wconf 87' lang='lat'><em>&#39;</em></span> <span class='ocrx_word' id='word_1_242' title='bbox 224 3005 558 3074; x_wconf 86' lang='lat' dir='ltr'><strong><em>ordinarie</em></strong></span> <span class='ocrx_word' id='word_1_243' title='bbox 592 3004 834 3073; x_wconf 88' lang='lat' dir='ltr'><strong><em>docent</em></strong></span> <span class='ocrx_word' id='word_1_244' title='bbox 872 3005 953 3073; x_wconf 91' lang='lat' dir='ltr'><strong><em>de</em></strong></span> <span class='ocrx_word' id='word_1_245' title='bbox 989 3004 1165 3072; x_wconf 82' lang='lat' dir='ltr'><strong><em>furto</em></strong></span> <span class='ocrx_word' id='word_1_246' title='bbox 1202 3005 1697 3074; x_wconf 79' lang='lat' dir='ltr'><strong><em>esculentorum</em></strong></span> <span class='ocrx_word' id='word_1_247' title='bbox 1723 3024 1799 3075; x_wconf 90' lang='lat' dir='ltr'><strong><em>ac</em></strong></span> <span class='ocrx_word' id='word_1_248' title='bbox 1833 3005 2340 3093; x_wconf 84' lang='lat' dir='ltr'><strong><em>poculentorum</em></strong></span> <span class='ocrx_word' id='word_1_249' title='bbox 2354 3032 2373 3088; x_wconf 87' lang='lat'>;</span> <span class='ocrx_word' id='word_1_250' title='bbox 2404 3023 2479 3073; x_wconf 87' lang='lat' dir='ltr'><strong><em>ac</em></strong></span> <span class='ocrx_word' id='word_1_251' title='bbox 2513 3005 2594 3073; x_wconf 91' lang='lat' dir='ltr'><strong><em>de</em></strong></span> <span class='ocrx_word' id='word_1_252' title='bbox 2628 3004 2821 3073; x_wconf 82' lang='lat' dir='ltr'><strong><em>furtis</em></strong></span> 
     </span>
     <span class='ocr_line' id='line_1_28' title="bbox 225 3111 1264 3183; baseline -0.002 -2"><span class='ocrx_word' id='word_1_253' title='bbox 225 3131 512 3183; x_wconf 83' lang='lat' dir='ltr'><strong><em>uxorum</em></strong></span> <span class='ocrx_word' id='word_1_254' title='bbox 560 3118 626 3181; x_wconf 91' lang='lat' dir='ltr'><strong><em>et</em></strong></span> <span class='ocrx_word' id='word_1_255' title='bbox 668 3111 1264 3180; x_wconf 75' lang='lat' dir='ltr'><strong><em>filiorumfamiliaS.</em></strong></span> 
     </span>
    </p>

    <p class='ocr_par' dir='ltr' id='par_1_6' title="bbox 224 3217 2828 4166">
     <span class='ocr_line' id='line_1_29' title="bbox 317 3217 2826 3305; baseline -0 -20"><span class='ocrx_word' id='word_1_256' title='bbox 317 3224 526 3291; x_wconf 65' lang='lat'><strong><em>⁷0².</em></strong></span> <span class='ocrx_word' id='word_1_257' title='bbox 599 3222 675 3288; x_wconf 87' lang='lat' dir='ltr'><strong><em>R.</em></strong></span> <span class='ocrx_word' id='word_1_258' title='bbox 742 3218 837 3287; x_wconf 85' lang='lat' dir='ltr'><strong><em>Ad</em></strong></span> <span class='ocrx_word' id='word_1_259' title='bbox 894 3221 969 3285; x_wconf 78' lang='lat'><strong><em>2:</em></strong></span> <span class='ocrx_word' id='word_1_260' title='bbox 1018 3220 1265 3287; x_wconf 87' lang='lat' dir='ltr'><strong><em>Minuta</em></strong></span> <span class='ocrx_word' id='word_1_261' title='bbox 1309 3219 1480 3286; x_wconf 80' lang='lat' dir='ltr'><strong><em>furta</em></strong></span> <span class='ocrx_word' id='word_1_262' title='bbox 1529 3218 1881 3304; x_wconf 87' lang='lat' dir='ltr'><strong><em>tripliciter</em></strong></span> <span class='ocrx_word' id='word_1_263' title='bbox 1927 3226 2210 3305; x_wconf 87' lang='lat' dir='ltr'><strong><em>possunt</em></strong></span> <span class='ocrx_word' id='word_1_264' title='bbox 2260 3218 2673 3302; x_wconf 84' lang='lat' dir='ltr'><strong><em>contingere:</em></strong></span> <span class='ocrx_word' id='word_1_265' title='bbox 2727 3217 2826 3284; x_wconf 83' lang='lat' dir='ltr'><strong><em>vel</em></strong></span> 
     </span>
     <span class='ocr_line' id='line_1_30' title="bbox 224 3324 2819 3414; baseline -0.001 -19"><span class='ocrx_word' id='word_1_266' title='bbox 224 3328 474 3414; x_wconf 78' lang='lat' dir='ltr'><strong><em>quando</em></strong></span> <span class='ocrx_word' id='word_1_267' title='bbox 519 3347 685 3395; x_wconf 76' lang='lat' dir='ltr'><strong><em>unas</em></strong></span> <span class='ocrx_word' id='word_1_268' title='bbox 729 3328 995 3394; x_wconf 79' lang='lat' dir='ltr'><strong><em>multum</em></strong></span> <span class='ocrx_word' id='word_1_269' title='bbox 1038 3329 1300 3413; x_wconf 77' lang='lat' dir='ltr'><strong><em>furatur</em></strong></span> <span class='ocrx_word' id='word_1_270' title='bbox 1342 3326 1412 3393; x_wconf 82' lang='lat' dir='ltr'><strong><em>in</em></strong></span> <span class='ocrx_word' id='word_1_271' title='bbox 1457 3326 1632 3413; x_wconf 74' lang='lat' dir='ltr'><strong><em>plobo</em></strong></span> <span class='ocrx_word' id='word_1_272' title='bbox 1684 3326 1830 3412; x_wconf 84' lang='lat' dir='ltr'><strong><em>(seu</em></strong></span> <span class='ocrx_word' id='word_1_273' title='bbox 1882 3332 2025 3394; x_wconf 90' lang='lat' dir='ltr'><strong><em>toto</em></strong></span> <span class='ocrx_word' id='word_1_274' title='bbox 2079 3325 2273 3394; x_wconf 88' lang='lat' dir='ltr'><strong><em>simul</em></strong></span> <span class='ocrx_word' id='word_1_275' title='bbox 2322 3324 2819 3410; x_wconf 80' lang='lat' dir='ltr'><strong><em>considerato),</em></strong></span> 
     </span>
     <span class='ocr_line' id='line_1_31' title="bbox 224 3432 2821 3524; baseline -0.001 -22"><span class='ocrx_word' id='word_1_276' title='bbox 224 3437 332 3503; x_wconf 83' lang='lat' dir='ltr'><strong><em>sed</em></strong></span> <span class='ocrx_word' id='word_1_277' title='bbox 360 3455 598 3524; x_wconf 81' lang='lat' dir='ltr'><strong><em>parum</em></strong></span> <span class='ocrx_word' id='word_1_278' title='bbox 642 3436 910 3519; x_wconf 59' lang='lat' dir='ltr'><strong><em>sinuatis</em></strong></span> <span class='ocrx_word' id='word_1_279' title='bbox 927 3435 1251 3521; x_wconf 79' lang='lat' dir='ltr'><strong><em>persom&#39;s:</em></strong></span> <span class='ocrx_word' id='word_1_280' title='bbox 1292 3434 1391 3502; x_wconf 90' lang='lat' dir='ltr'><strong><em>sic</em></strong></span> <span class='ocrx_word' id='word_1_281' title='bbox 1439 3441 1791 3514; x_wconf 85' lang='lat' dir='ltr'><strong><em>mercator,</em></strong></span> <span class='ocrx_word' id='word_1_282' title='bbox 1841 3434 1951 3520; x_wconf 87' lang='lat' dir='ltr'><strong><em>qui</em></strong></span> <span class='ocrx_word' id='word_1_283' title='bbox 2002 3434 2215 3501; x_wconf 83' lang='lat' dir='ltr'><strong><em>utitur</em></strong></span> <span class='ocrx_word' id='word_1_284' title='bbox 2259 3440 2499 3501; x_wconf 87' lang='lat' dir='ltr'><strong><em>statera</em></strong></span> <span class='ocrx_word' id='word_1_285' title='bbox 2567 3432 2821 3516; x_wconf 88' lang='lat' dir='ltr'><strong><em>dolosa,</em></strong></span> 
     </span>
     <span class='ocr_line' id='line_1_32' title="bbox 228 3540 2820 3629; baseline -0.001 -20"><span class='ocrx_word' id='word_1_286' title='bbox 228 3557 459 3629; x_wconf 90' lang='lat' dir='ltr'><strong><em>parum</em></strong></span> <span class='ocrx_word' id='word_1_287' title='bbox 511 3560 545 3609; x_wconf 90' lang='lat' dir='ltr'><strong><em>a</em></strong></span> <span class='ocrx_word' id='word_1_288' title='bbox 593 3542 869 3627; x_wconf 84' lang='lat' dir='ltr'><strong><em>singulis</em></strong></span> <span class='ocrx_word' id='word_1_289' title='bbox 917 3541 1214 3624; x_wconf 84' lang='lat' dir='ltr'><strong><em>fraudat,</em></strong></span> <span class='ocrx_word' id='word_1_290' title='bbox 1264 3540 1380 3610; x_wconf 90' lang='lat' dir='ltr'><strong><em>sed</em></strong></span> <span class='ocrx_word' id='word_1_291' title='bbox 1430 3542 1713 3610; x_wconf 89' lang='lat' dir='ltr'><strong><em>multum</em></strong></span> <span class='ocrx_word' id='word_1_292' title='bbox 1762 3542 1843 3610; x_wconf 90' lang='lat' dir='ltr'><strong><em>ab</em></strong></span> <span class='ocrx_word' id='word_1_293' title='bbox 1896 3542 2207 3611; x_wconf 90' lang='lat' dir='ltr'><strong><em>omnibus</em></strong></span> <span class='ocrx_word' id='word_1_294' title='bbox 2256 3542 2453 3609; x_wconf 90' lang='lat' dir='ltr'><strong><em>simul</em></strong></span> <span class='ocrx_word' id='word_1_295' title='bbox 2508 3540 2820 3627; x_wconf 79' lang='lat' dir='ltr'><strong><em>sumptis,</em></strong></span> 
     </span>
     <span class='ocr_line' id='line_1_33' title="bbox 233 3647 2823 3737; baseline -0.002 -18"><span class='ocrx_word' id='word_1_296' title='bbox 233 3653 336 3720; x_wconf 85' lang='lat' dir='ltr'><strong><em>Vel</em></strong></span> <span class='ocrx_word' id='word_1_297' title='bbox 379 3651 627 3737; x_wconf 80' lang='lat' dir='ltr'><strong><em>quando</em></strong></span> <span class='ocrx_word' id='word_1_298' title='bbox 669 3651 883 3737; x_wconf 82' lang='lat' dir='ltr'><strong><em>plures</em></strong></span> <span class='ocrx_word' id='word_1_299' title='bbox 924 3650 1226 3735; x_wconf 77' lang='lat' dir='ltr'><strong><em>furantur</em></strong></span> <span class='ocrx_word' id='word_1_300' title='bbox 1270 3650 1401 3732; x_wconf 76' lang='lat' dir='ltr'><strong><em>ani,</em></strong></span> <span class='ocrx_word' id='word_1_301' title='bbox 1451 3649 1690 3737; x_wconf 73' lang='lat' dir='ltr'><strong><em>sinquli</em></strong></span> <span class='ocrx_word' id='word_1_302' title='bbox 1727 3667 1986 3737; x_wconf 83' lang='lat' dir='ltr'><strong><em>parum,</em></strong></span> <span class='ocrx_word' id='word_1_303' title='bbox 2037 3650 2144 3732; x_wconf 77' lang='lat' dir='ltr'><strong><em>sed</em></strong></span> <span class='ocrx_word' id='word_1_304' title='bbox 2172 3651 2363 3717; x_wconf 78' lang='lat' dir='ltr'><strong><em>simul</em></strong></span> <span class='ocrx_word' id='word_1_305' title='bbox 2392 3650 2628 3737; x_wconf 76' lang='lat' dir='ltr'><strong><em>sumpti</em></strong></span> <span class='ocrx_word' id='word_1_306' title='bbox 2660 3647 2823 3714; x_wconf 83' lang='lat' dir='ltr'><strong><em>mul-</em></strong></span> 
     </span>
     <span class='ocr_line' id='line_1_34' title="bbox 226 3756 2824 3842; baseline -0.002 -17"><span class='ocrx_word' id='word_1_307' title='bbox 226 3770 395 3825; x_wconf 75' lang='lat' dir='ltr'><strong><em>ttcm:</em></strong></span> <span class='ocrx_word' id='word_1_308' title='bbox 439 3764 516 3825; x_wconf 89' lang='lat' dir='ltr'><strong><em>ut</em></strong></span> <span class='ocrx_word' id='word_1_309' title='bbox 563 3757 615 3825; x_wconf 90' lang='lat' dir='ltr'><strong><em>si</em></strong></span> <span class='ocrx_word' id='word_1_310' title='bbox 668 3756 893 3842; x_wconf 90' lang='lat' dir='ltr'><strong><em>plures</em></strong></span> <span class='ocrx_word' id='word_1_311' title='bbox 941 3758 1231 3825; x_wconf 86' lang='lat' dir='ltr'><strong><em>latrones</em></strong></span> <span class='ocrx_word' id='word_1_312' title='bbox 1280 3757 1737 3842; x_wconf 84' lang='lat' dir='ltr'><strong><em>ingrediantur</em></strong></span> <span class='ocrx_word' id='word_1_313' title='bbox 1782 3756 2056 3826; x_wconf 91' lang='lat' dir='ltr'><strong><em>domum</em></strong></span> <span class='ocrx_word' id='word_1_314' title='bbox 2106 3758 2411 3838; x_wconf 84' lang='lat' dir='ltr'><strong><em>alienam,</em></strong></span> <span class='ocrx_word' id='word_1_315' title='bbox 2462 3763 2528 3824; x_wconf 90' lang='lat' dir='ltr'><strong><em>et</em></strong></span> <span class='ocrx_word' id='word_1_316' title='bbox 2589 3770 2824 3841; x_wconf 90' lang='lat' dir='ltr'><strong><em>parum</em></strong></span> 
     </span>
     <span class='ocr_line' id='line_1_35' title="bbox 229 3863 2827 3953; baseline -0.002 -21"><span class='ocrx_word' id='word_1_317' title='bbox 229 3865 468 3950; x_wconf 84' lang='lat' dir='ltr'><strong><em>singuli</em></strong></span> <span class='ocrx_word' id='word_1_318' title='bbox 526 3863 961 3949; x_wconf 90' lang='lat' dir='ltr'><strong><em>surripientes</em></strong></span> <span class='ocrx_word' id='word_1_319' title='bbox 1022 3863 1294 3932; x_wconf 90' lang='lat' dir='ltr'><strong><em>domum</em></strong></span> <span class='ocrx_word' id='word_1_320' title='bbox 1351 3865 1707 3950; x_wconf 79' lang='lat' dir='ltr'><strong><em>expoliant.</em></strong></span> <span class='ocrx_word' id='word_1_321' title='bbox 1773 3865 1876 3932; x_wconf 86' lang='lat' dir='ltr'><strong><em>Vel</em></strong></span> <span class='ocrx_word' id='word_1_322' title='bbox 1938 3864 2190 3950; x_wconf 82' lang='lat' dir='ltr'><strong><em>quando</em></strong></span> <span class='ocrx_word' id='word_1_323' title='bbox 2235 3885 2400 3932; x_wconf 82' lang='lat' dir='ltr'><strong><em>unus</em></strong></span> <span class='ocrx_word' id='word_1_324' title='bbox 2438 3865 2679 3953; x_wconf 80' lang='lat' dir='ltr'><strong><em>pluries</em></strong></span> <span class='ocrx_word' id='word_1_325' title='bbox 2725 3863 2827 3948; x_wconf 78' lang='lat' dir='ltr'><strong><em>fu-</em></strong></span> 
     </span>
     <span class='ocr_line' id='line_1_36' title="bbox 227 3970 2828 4058; baseline 0 -19"><span class='ocrx_word' id='word_1_326' title='bbox 227 3986 413 4039; x_wconf 81' lang='lat' dir='ltr'><strong><em>ratur</em></strong></span> <span class='ocrx_word' id='word_1_327' title='bbox 456 3973 587 4054; x_wconf 74' lang='lat' dir='ltr'><strong><em>uni,</em></strong></span> <span class='ocrx_word' id='word_1_328' title='bbox 629 3972 735 4038; x_wconf 79' lang='lat' dir='ltr'><strong><em>sed</em></strong></span> <span class='ocrx_word' id='word_1_329' title='bbox 770 3990 1008 4058; x_wconf 79' lang='lat' dir='ltr'><strong><em>parum</em></strong></span> <span class='ocrx_word' id='word_1_330' title='bbox 1051 3971 1320 4057; x_wconf 73' lang='lat' dir='ltr'><strong><em>sinqulis</em></strong></span> <span class='ocrx_word' id='word_1_331' title='bbox 1363 3973 1617 4054; x_wconf 74' lang='lat' dir='ltr'><strong><em>vicibus,</em></strong></span> <span class='ocrx_word' id='word_1_332' title='bbox 1665 3979 1739 4040; x_wconf 92' lang='lat' dir='ltr'><strong><em>ut</em></strong></span> <span class='ocrx_word' id='word_1_333' title='bbox 1787 3972 2076 4039; x_wconf 84' lang='lat' dir='ltr'><strong><em>famulus</em></strong></span> <span class='ocrx_word' id='word_1_334' title='bbox 2124 3971 2223 4039; x_wconf 85' lang='lat' dir='ltr'><strong><em>vel</em></strong></span> <span class='ocrx_word' id='word_1_335' title='bbox 2273 3970 2471 4053; x_wconf 65' lang='lat' dir='ltr'><strong><em>filim,</em></strong></span> <span class='ocrx_word' id='word_1_336' title='bbox 2510 3971 2621 4056; x_wconf 89' lang='lat' dir='ltr'><strong><em>qui</em></strong></span> <span class='ocrx_word' id='word_1_337' title='bbox 2662 3988 2828 4057; x_wconf 91' lang='lat' dir='ltr'><strong><em>quo-</em></strong></span> 
     </span>
     <span class='ocr_line' id='line_1_37' title="bbox 229 4077 2701 4166; baseline 0.001 -23"><span class='ocrx_word' id='word_1_338' title='bbox 229 4077 390 4147; x_wconf 84' lang='lat' dir='ltr'><strong><em>tidie</em></strong></span> <span class='ocrx_word' id='word_1_339' title='bbox 437 4098 669 4166; x_wconf 89' lang='lat' dir='ltr'><strong><em>parnm</em></strong></span> <span class='ocrx_word' id='word_1_340' title='bbox 716 4096 752 4145; x_wconf 87' lang='lat' dir='ltr'><strong><em>a</em></strong></span> <span class='ocrx_word' id='word_1_341' title='bbox 799 4077 1070 4146; x_wconf 89' lang='lat' dir='ltr'><strong><em>domino</em></strong></span> <span class='ocrx_word' id='word_1_342' title='bbox 1121 4078 1219 4145; x_wconf 87' lang='lat' dir='ltr'><strong><em>vel</em></strong></span> <span class='ocrx_word' id='word_1_343' title='bbox 1271 4085 1457 4163; x_wconf 85' lang='lat' dir='ltr'><strong><em>patre</em></strong></span> <span class='ocrx_word' id='word_1_344' title='bbox 1504 4079 1776 4147; x_wconf 84' lang='lat' dir='ltr'><strong><em>sustulit</em></strong></span> <span class='ocrx_word' id='word_1_345' title='bbox 1826 4079 1909 4146; x_wconf 91' lang='lat' dir='ltr'><strong><em>ad</em></strong></span> <span class='ocrx_word' id='word_1_346' title='bbox 1956 4078 2204 4146; x_wconf 87' lang='lat' dir='ltr'><strong><em>ludum.</em></strong></span> <span class='ocrx_word' id='word_1_347' title='bbox 2256 4081 2396 4145; x_wconf 90' lang='lat' dir='ltr'><strong><em>Hoc</em></strong></span> <span class='ocrx_word' id='word_1_348' title='bbox 2446 4078 2701 4163; x_wconf 83' lang='lat' dir='ltr'><strong><em>posito:</em></strong></span> 
     </span>
    </p>
   </div>
   <div class='ocr_carea' id='block_1_3' title="bbox 227 4236 2825 4741">
    <p class='ocr_par' dir='ltr' id='par_1_7' title="bbox 227 4236 2825 4741">
     <span class='ocr_line' id='line_1_38' title="bbox 291 4236 2822 4304; baseline 0 -13"><span class='ocrx_word' id='word_1_349' title='bbox 291 4239 312 4280; x_wconf 83' lang='lat'>¹</span> <span class='ocrx_word' id='word_1_350' title='bbox 353 4260 373 4285; x_wconf 75' lang='grc' dir='ltr'><strong><em>ι</em></strong></span> <span class='ocrx_word' id='word_1_351' title='bbox 411 4242 670 4304; x_wconf 84' lang='lat' dir='ltr'><strong><em>Respectu</em></strong></span> <span class='ocrx_word' id='word_1_352' title='bbox 702 4240 838 4300; x_wconf 70' lang='lat' dir='ltr'><strong><em>regis</em></strong></span> <span class='ocrx_word' id='word_1_353' title='bbox 874 4240 1176 4301; x_wconf 85' lang='lat' dir='ltr'><strong><em>assignatur</em></strong></span> <span class='ocrx_word' id='word_1_354' title='bbox 1212 4250 1422 4289; x_wconf 86' lang='lat' dir='ltr'><strong><em>summa</em></strong></span> <span class='ocrx_word' id='word_1_355' title='bbox 1456 4239 1519 4289; x_wconf 67' lang='lat'><strong><em>40</em></strong></span> <span class='ocrx_word' id='word_1_356' title='bbox 1552 4237 1880 4302; x_wconf 86' lang='lat' dir='ltr'><strong><em>libellarum;</em></strong></span> <span class='ocrx_word' id='word_1_357' title='bbox 1915 4239 2157 4301; x_wconf 86' lang='lat' dir='ltr'><strong><em>respectu</em></strong></span> <span class='ocrx_word' id='word_1_358' title='bbox 2193 4236 2537 4289; x_wconf 85' lang='lat' dir='ltr'><strong><em>mediocriter</em></strong></span> <span class='ocrx_word' id='word_1_359' title='bbox 2592 4238 2822 4292; x_wconf 87' lang='lat' dir='ltr'><strong><em>divitum</em></strong></span> 
     </span>
     <span class='ocr_line' id='line_1_39' title="bbox 231 4299 2822 4364; baseline 0 -12"><span class='ocrx_word' id='word_1_360' title='bbox 231 4304 339 4353; x_wconf 86' lang='lat' dir='ltr'><strong><em>tres</em></strong></span> <span class='ocrx_word' id='word_1_361' title='bbox 386 4303 572 4355; x_wconf 79' lang='lat' dir='ltr'><strong><em>libellae</em></strong></span> <span class='ocrx_word' id='word_1_362' title='bbox 619 4302 916 4364; x_wconf 82' lang='lat' dir='ltr'><strong><em>sufficiunt;</em></strong></span> <span class='ocrx_word' id='word_1_363' title='bbox 964 4301 1204 4363; x_wconf 84' lang='lat' dir='ltr'><strong><em>respectu</em></strong></span> <span class='ocrx_word' id='word_1_364' title='bbox 1254 4300 1514 4352; x_wconf 83' lang='lat' dir='ltr'><strong><em>artificum</em></strong></span> <span class='ocrx_word' id='word_1_365' title='bbox 1552 4301 1764 4360; x_wconf 76' lang='lat' dir='ltr'><strong><em>triginta</em></strong></span> <span class='ocrx_word' id='word_1_366' title='bbox 1797 4299 2005 4352; x_wconf 85' lang='lat' dir='ltr'><strong><em>circiter</em></strong></span> <span class='ocrx_word' id='word_1_367' title='bbox 2038 4299 2199 4352; x_wconf 81' lang='lat' dir='ltr'><strong><em>solidi</em></strong></span> <span class='ocrx_word' id='word_1_368' title='bbox 2251 4299 2447 4363; x_wconf 82' lang='lat' dir='ltr'><strong><em>(libella</em></strong></span> <span class='ocrx_word' id='word_1_369' title='bbox 2494 4310 2618 4352; x_wconf 89' lang='lat' dir='ltr'><strong><em>cum</em></strong></span> <span class='ocrx_word' id='word_1_370' title='bbox 2669 4302 2822 4353; x_wconf 82' lang='lat' dir='ltr'><strong><em>dimi·</em></strong></span> 
     </span>
     <span class='ocr_line' id='line_1_40' title="bbox 233 4361 2820 4430; baseline 0.001 -16"><span class='ocrx_word' id='word_1_371' title='bbox 233 4363 368 4430; x_wconf 81' lang='lat' dir='ltr'><strong><em>dia);</em></strong></span> <span class='ocrx_word' id='word_1_372' title='bbox 404 4367 642 4428; x_wconf 74' lang='lat' dir='ltr'><strong><em>respectu</em></strong></span> <span class='ocrx_word' id='word_1_373' title='bbox 676 4366 1043 4428; x_wconf 86' lang='lat' dir='ltr'><strong><em>operariorum</em></strong></span> <span class='ocrx_word' id='word_1_374' title='bbox 1078 4375 1187 4414; x_wconf 88' lang='lat' dir='ltr'><strong><em>una</em></strong></span> <span class='ocrx_word' id='word_1_375' title='bbox 1220 4363 1429 4416; x_wconf 84' lang='lat' dir='ltr'><strong><em>libella:</em></strong></span> <span class='ocrx_word' id='word_1_376' title='bbox 1465 4365 1707 4425; x_wconf 86' lang='lat' dir='ltr'><strong><em>respectu</em></strong></span> <span class='ocrx_word' id='word_1_377' title='bbox 1742 4361 2160 4413; x_wconf 84' lang='lat' dir='ltr'><strong><em>mendicantium</em></strong></span> <span class='ocrx_word' id='word_1_378' title='bbox 2212 4362 2396 4413; x_wconf 89' lang='lat' dir='ltr'><strong><em>decem</em></strong></span> <span class='ocrx_word' id='word_1_379' title='bbox 2448 4375 2612 4427; x_wconf 88' lang='lat' dir='ltr'><strong><em>prope</em></strong></span> <span class='ocrx_word' id='word_1_380' title='bbox 2662 4364 2820 4416; x_wconf 85' lang='lat' dir='ltr'><strong><em>solidi</em></strong></span> 
     </span>
     <span class='ocr_line' id='line_1_41' title="bbox 227 4424 2825 4488; baseline 0 -12"><span class='ocrx_word' id='word_1_381' title='bbox 227 4425 472 4483; x_wconf 81' lang='lat' dir='ltr'><strong><em>(dimidia</em></strong></span> <span class='ocrx_word' id='word_1_382' title='bbox 505 4428 730 4488; x_wconf 60' lang='lat' dir='ltr'><strong><em>libellam:</em></strong></span> <span class='ocrx_word' id='word_1_383' title='bbox 769 4448 789 4470; x_wconf 79' lang='grc' dir='ltr'><strong>ι</strong></span> <span class='ocrx_word' id='word_1_384' title='bbox 828 4428 900 4478; x_wconf 86' lang='lat' dir='ltr'><strong><em>ita</em></strong></span> <span class='ocrx_word' id='word_1_385' title='bbox 935 4426 1173 4477; x_wconf 84' lang='lat' dir='ltr'><strong><em>Talento.</em></strong></span> <span class='ocrx_word' id='word_1_386' title='bbox 1211 4426 1331 4476; x_wconf 81' lang='lat' dir='ltr'><strong><em>Haec</em></strong></span> <span class='ocrx_word' id='word_1_387' title='bbox 1362 4426 1543 4487; x_wconf 83' lang='lat' dir='ltr'><strong><em>regula</em></strong></span> <span class='ocrx_word' id='word_1_388' title='bbox 1575 4425 1749 4485; x_wconf 85' lang='lat' dir='ltr'><strong><em>potest</em></strong></span> <span class='ocrx_word' id='word_1_389' title='bbox 1779 4425 1940 4477; x_wconf 84' lang='lat' dir='ltr'><strong><em>etiam</em></strong></span> <span class='ocrx_word' id='word_1_390' title='bbox 1974 4424 2199 4484; x_wconf 81' lang='lat' dir='ltr'><strong><em>attendi,</em></strong></span> <span class='ocrx_word' id='word_1_391' title='bbox 2230 4425 2273 4475; x_wconf 87' lang='lat' dir='ltr'><strong><em>sl</em></strong></span> <span class='ocrx_word' id='word_1_392' title='bbox 2311 4426 2359 4487; x_wconf 88' lang='lat' dir='ltr'><strong><em>pl</em></strong></span> <span class='ocrx_word' id='word_1_393' title='bbox 2373 4427 2515 4487; x_wconf 77' lang='lat' dir='ltr'><strong><em>acet3</em></strong></span> <span class='ocrx_word' id='word_1_394' title='bbox 2573 4425 2661 4478; x_wconf 90' lang='lat' dir='ltr'><strong><em>sed</em></strong></span> <span class='ocrx_word' id='word_1_395' title='bbox 2720 4426 2825 4477; x_wconf 77' lang='lat' dir='ltr'><strong><em>sur·</em></strong></span> 
     </span>
     <span class='ocr_line' id='line_1_42' title="bbox 233 4486 2821 4553; baseline 0 -14"><span class='ocrx_word' id='word_1_396' title='bbox 233 4489 344 4539; x_wconf 89' lang='lat' dir='ltr'><strong><em>tum</em></strong></span> <span class='ocrx_word' id='word_1_397' title='bbox 379 4491 558 4552; x_wconf 85' lang='lat' dir='ltr'><strong><em>excipe</em></strong></span> <span class='ocrx_word' id='word_1_398' title='bbox 588 4493 825 4552; x_wconf 87' lang='lat' dir='ltr'><strong><em>respectu</em></strong></span> <span class='ocrx_word' id='word_1_399' title='bbox 857 4490 1007 4551; x_wconf 76' lang='lat' dir='ltr'><strong><em>regie,</em></strong></span> <span class='ocrx_word' id='word_1_400' title='bbox 1037 4487 1201 4553; x_wconf 88' lang='lat' dir='ltr'><strong><em>quod,</em></strong></span> <span class='ocrx_word' id='word_1_401' title='bbox 1236 4488 1419 4538; x_wconf 86' lang='lat' dir='ltr'><strong><em>nostra</em></strong></span> <span class='ocrx_word' id='word_1_402' title='bbox 1452 4488 1729 4548; x_wconf 85' lang='lat' dir='ltr'><strong><em>sententia,</em></strong></span> <span class='ocrx_word' id='word_1_403' title='bbox 1767 4487 1925 4538; x_wconf 85' lang='lat' dir='ltr'><strong><em>nimis</em></strong></span> <span class='ocrx_word' id='word_1_404' title='bbox 1956 4486 2234 4538; x_wconf 82' lang='lat' dir='ltr'><strong><em>exorbitat.</em></strong></span> <span class='ocrx_word' id='word_1_405' title='bbox 2263 4487 2449 4547; x_wconf 86' lang='lat' dir='ltr'><strong><em>Quoad</em></strong></span> <span class='ocrx_word' id='word_1_406' title='bbox 2506 4500 2652 4552; x_wconf 86' lang='lat' dir='ltr'><strong><em>reges</em></strong></span> <span class='ocrx_word' id='word_1_407' title='bbox 2675 4489 2821 4541; x_wconf 89' lang='lat' dir='ltr'><strong><em>enim</em></strong></span> 
     </span>
     <span class='ocr_line' id='line_1_43' title="bbox 232 4548 2821 4615; baseline -0.001 -13"><span class='ocrx_word' id='word_1_408' title='bbox 232 4560 341 4602; x_wconf 84' lang='lat' dir='ltr'><strong><em>uon</em></strong></span> <span class='ocrx_word' id='word_1_409' title='bbox 376 4551 507 4604; x_wconf 85' lang='lat' dir='ltr'><strong><em>adeo</em></strong></span> <span class='ocrx_word' id='word_1_410' title='bbox 539 4551 861 4603; x_wconf 82' lang='lat' dir='ltr'><strong><em>attendenda</em></strong></span> <span class='ocrx_word' id='word_1_411' title='bbox 892 4552 974 4601; x_wconf 80' lang='lat' dir='ltr'><strong><em>est</em></strong></span> <span class='ocrx_word' id='word_1_412' title='bbox 1008 4550 1231 4602; x_wconf 86' lang='lat' dir='ltr'><strong><em>materia</em></strong></span> <span class='ocrx_word' id='word_1_413' title='bbox 1267 4549 1488 4600; x_wconf 85' lang='lat' dir='ltr'><strong><em>relativa</em></strong></span> <span class='ocrx_word' id='word_1_414' title='bbox 1508 4562 1522 4612; x_wconf 92' lang='lat'>;</span> <span class='ocrx_word' id='word_1_415' title='bbox 1558 4560 1712 4600; x_wconf 90' lang='lat' dir='ltr'><strong><em>secus</em></strong></span> <span class='ocrx_word' id='word_1_416' title='bbox 1748 4551 1963 4612; x_wconf 86' lang='lat' dir='ltr'><strong><em>possent</em></strong></span> <span class='ocrx_word' id='word_1_417' title='bbox 2002 4549 2142 4600; x_wconf 81' lang='lat' dir='ltr'><strong><em>fures</em></strong></span> <span class='ocrx_word' id='word_1_418' title='bbox 2176 4548 2430 4602; x_wconf 85' lang='lat' dir='ltr'><strong><em>ditescere</em></strong></span> <span class='ocrx_word' id='word_1_419' title='bbox 2482 4552 2623 4613; x_wconf 86' lang='lat' dir='ltr'><strong><em>apud</em></strong></span> <span class='ocrx_word' id='word_1_420' title='bbox 2684 4551 2821 4615; x_wconf 88' lang='lat' dir='ltr'><strong><em>prin·</em></strong></span> 
     </span>
     <span class='ocr_line' id='line_1_44' title="bbox 234 4612 2818 4741; baseline 0.001 -78"><span class='ocrx_word' id='word_1_421' title='bbox 234 4612 2082 4741; x_wconf 45' lang='lat' dir='ltr'><strong><em>1383}tenurglntggffiffiidglmortajltggrpleglcgreat,lg;1tpct2abq¹noogg1blico</em></strong></span> <span class='ocrx_word' id='word_1_422' title='bbox 2116 4614 2394 4676; x_wconf 83' lang='lat' dir='ltr'><strong><em>repugnat,</em></strong></span> <span class='ocrx_word' id='word_1_423' title='bbox 2437 4616 2494 4666; x_wconf 90' lang='lat' dir='ltr'><strong><em>ut</em></strong></span> <span class='ocrx_word' id='word_1_424' title='bbox 2512 4616 2643 4666; x_wconf 86' lang='lat' dir='ltr'><strong><em>scite</em></strong></span> <span class='ocrx_word' id='word_1_425' title='bbox 2665 4614 2818 4666; x_wconf 84' lang='lat' dir='ltr'><strong><em>notat</em></strong></span> 
     </span>
    </p>

    <p class='ocr_par' dir='ltr' id='par_1_8' title="bbox 846 4700 1941 4736">
     <span class='ocr_line' id='line_1_45' title="bbox 846 4700 1941 4736; baseline 0.001 -11"><span class='ocrx_word' id='word_1_426' title='bbox 846 4715 857 4725; x_wconf 77' lang='grc' dir='ltr'>ι</span> <span class='ocrx_word' id='word_1_427' title='bbox 888 4700 954 4713; x_wconf 86' lang='grc'>-</span> <span class='ocrx_word' id='word_1_428' title='bbox 1037 4713 1049 4726; x_wconf 68' lang='lat'>0</span> <span class='ocrx_word' id='word_1_429' title='bbox 1326 4712 1339 4736; x_wconf 63' lang='lat'><em>2</em></span> <span class='ocrx_word' id='word_1_430' title='bbox 1692 4711 1706 4736; x_wconf 76' lang='lat'>,</span> <span class='ocrx_word' id='word_1_431' title='bbox 1784 4714 1794 4725; x_wconf 74' lang='grc' dir='ltr'>α</span> <span class='ocrx_word' id='word_1_432' title='bbox 1930 4714 1941 4726; x_wconf 77' lang='grc' dir='ltr'><strong>ο</strong></span> 
     </span>
    </p>
   </div>
  </div>
 </body>
</html>
