3292 5167
522 190 652 263 328
825 182 831 189 ’
1223 212 1339 256 un.
1387 208 1451 255 ιι.
1499 212 1710 258 ruer.
1757 212 1835 258 vt.
1881 211 2028 257 mss.
2076 208 2158 256 tv,
2207 212 2337 257 car.
2393 208 2485 256 ιιι.

524 311 791 381 donata:
841 310 1194 397 aliquando
1244 318 1312 380 et
1363 312 1611 399 saepius
1662 330 1784 400 pro
1834 318 2199 395 contractu,
2235 331 2369 398 quo
2419 330 2495 381 ea
2528 331 2633 381 res
2669 311 2861 380 alteri
2900 310 3115 379 datur.

514 421 606 489 -Et
652 418 780 487 hoc
831 418 1064 486 ultimo
1115 437 1313 487 sensu
1349 426 1658 487 mutuum
1691 418 1863 487 solet
1896 418 2185 495 definiri:
2221 430 2595 501 contractus,
2625 437 2746 504 quo
2774 417 2872 485 nei
2905 417 3118 504 primo

522 544 643 590 usu
686 525 1193 611 consumptibilis,
1247 544 1362 612 pec·
1404 525 1840 619 traditionem,
1887 524 2233 592 dominium
2278 526 2347 592 in
2391 525 2662 592 alterum
2704 524 3117 609 transfertur,

522 649 662 696 cum
704 629 1072 715 obliqatione
1116 630 1480 697 tantundem
1523 610 1819 697 reddendi
1864 631 1933 696 in
1977 630 2190 697 eadem
2233 630 2431 718 specie
2475 641 2533 697 et
2577 632 2645 697 in
2689 620 2902 696 eadem
2949 628 3124 696 boni-

522 747 646 801 tate
684 746 825 822 post
855 736 1108 821 aliquod
1152 737 1445 823 temporis
1488 737 1782 824 spatium.

614 842 900 910 Dicitur.
953 847 1010 910 1.
1063 846 1469 926 Contractus,
1517 863 1636 929 quo
1684 845 1776 910 rei
1821 845 2032 932 primo
2078 864 2198 910 usu
2244 808 2761 929 consumptibilis:
2810 860 2964 928 quae
3014 858 3121 908 res

527 959 629 1021 est
677 950 841 1018 illud
890 969 1108 1034 omne,
1160 951 1340 1037 quod
1390 952 1566 1020 illico
1619 970 1743 1018 usu
1794 951 2161 1020 destruitur
2224 952 2320 1018 vel
2386 950 2601 1037 reipsa
2651 969 2769 1019 seu
2822 947 3117 1035 physice,

528 1058 626 1128 vel
678 1059 1217 1142 commutatione,
1288 1059 1425 1127 sive
1497 1059 1839 1126 moraliter
1910 1058 2046 1126 sive
2095 1058 2392 1127 civiliter.
2442 1057 2703 1145 Physice
2750 1056 3121 1126 destruitur

529 1162 709 1248 quod
761 1173 989 1233 natura
1052 1182 1168 1232 sua
1217 1164 1633 1233 consumitur
1675 1165 1753 1232 ad
1803 1165 2108 1233 humanis
2157 1164 2670 1233 necessitatibus
2720 1163 3123 1233 subvenien-

528 1270 704 1352 dum,
758 1277 828 1337 ut
878 1271 1084 1356 panis,
1132 1272 1557 1352 frumentum,
1613 1271 1877 1354 oleum,
1929 1272 2151 1338 vin'um
2181 1324 2198 1353 ,
2248 1271 2388 1353 sal,
2441 1271 2752 1356 butyrum
2778 1276 2813 1352 ‚⁸
2845 1269 3122 1338 fructus,

529 1376 857 1443 Moraliter
902 1395 1054 1445 vero
1098 1376 1465 1444 destruitur
1510 1377 1788 1462 pecunia
1853 1384 2087 1444 mutuo
2160 1375 2351 1458 data,
2405 1394 2556 1461 quae
2609 1375 2761 1443 licet
2811 1393 2936 1442 usu
2988 1393 3124 1443 non

532 1488 757 1567 pereat
805 1483 870 1550 in
931 1501 1045 1567 se,
1097 1484 1156 1553 ei
1206 1492 1423 1552 tamen
1474 1485 1645 1570 perit
1696 1485 1805 1569 qui
1853 1482 2031 1550 illam
2075 1482 2263 1551 alteri
2315 1481 2532 1549 tradit.
2585 1482 2767 1551 Unde
2824 1489 3005 1569 patet
3055 1482 3124 1549 in

540 1591 779 1671 rebuS,
828 1607 980 1675 quae
1030 1610 1155 1658 usu
1206 1610 1335 1660 non
1387 1597 1875 1674 consumuntur
1922 1591 2187 1677 proprie
2259 1598 2565 1658 mutuum
2628 1590 2915 1659 obtineri
2990 1609 3127 1659 non

530 1714 780 1782 posse,
830 1695 945 1764 sed
996 1696 1487 1767 commodatum
1536 1705 1646 1764 aut
1695 1697 2093 1766 locationem
2141 1697 2365 1768 haberi
2418 1697 2596 1783 (Cod.
2649 1705 2767 1766 art.
2831 1698 3034 1784 1820)
3076 1695 3126 1765 ¹.

708 1806 768 1870 2.
816 1808 938 1871 Per
980 1804 1395 1887 traditionem,
1435 1807 1786 1872 dominium
1832 1806 1902 1873 in
1946 1808 2213 1872 alterum
2260 1807 2661 1890 transfertur.
2708 1805 2969 1873 Dicitur
3011 1823 3131 1892 per

536 1910 961 1993 traditionem,
1012 1918 1084 1978 ut
1130 1911 1459 1981 indicetur
1504 1913 1681 1979 hunc
1728 1931 1876 1980 esse
1926 1919 2339 1980 contractum
2390 1894 2654 1994 realem,
2705 1911 2815 1997 qui
2854 1909 3002 1979 sola
3032 1909 3127 1977 rei

535 2016 892 2085 traditione
938 2018 1032 2086 fit.
1083 2020 1442 2088 Dominium
1487 2021 1871 2104 transfertur
1886 2046 1912 2100 ,·
1958 2021 2067 2106 qui
2119 2020 2296 2088 enim
2347 2038 2485 2087 rem
2533 2027 2765 2087 mutuo
2839 2017 3117 2104 accipit,

537 2142 613 2192 ea
662 2124 756 2191 uti
809 2132 1074 2211 potest,
1125 2127 1413 2212 alioquin
1468 2146 1723 2195 merum
1772 2134 1950 2195 esset
1998 2126 2405 2213 depositum:
2457 2134 2521 2193 at
2569 2127 2826 2213 concipi
2893 2128 3129 2213 nequit

538 2232 874 2317 quomodo
926 2233 1033 2300 illa
1083 2235 1176 2301 uti
1227 2240 1457 2319 queat‚'
1495 2234 1545 2301 si
1599 2235 1743 2320 ejus
1791 2234 2159 2302 dominium
2209 2254 2340 2302 non
2390 2234 2672 2314 babeat3.
2712 2252 2861 2302 cum
2896 2233 3006 2301 illa
3041 2234 3131 2302 sit

541 2358 667 2406 usu
718 2341 1292 2427 consumptibilis,
1343 2349 1406 2411 et
1456 2360 1650 2409 nemo
1709 2326 1919 2428 possit
1989 2342 2071 2409 ad
2141 2342 2402 2410 libitum
2476 2359 2867 2409 consumere
2939 2341 3128 2426 quod

534 2463 730 2513 suum
793 2464 923 2514 non
973 2455 1093 2515 est.
1142 2451 1237 2516 Ex
1277 2466 1409 2533 quo
1461 2449 1660 2516 etiam
1711 2457 1929 2535 patet,
1979 2467 2176 2518 omne
2226 2449 2319 2517 rei
2377 2455 2694 2516 mutuatae
2753 2447 3129 2533 periculum

538 2551 791 2621 devolvi
842 2552 923 2618 ad
970 2571 1121 2622 eum
1171 2554 1281 2640 qui
1333 2554 1493 2622 illud
1541 2555 1803 2641 accipit.

492 2738 503 2745 ‚
714 2658 775 2724 3.
824 2660 977 2725 Cum
1021 2660 1390 2745 obliqatione
1434 2660 1798 2727 tantundem
1850 2658 2175 2741 reddendi,
2227 2665 2292 2726 et
2340 2657 2607 2744 quidem
2654 2658 2724 2725 in
2754 2657 2968 2724 eadem
2999 2680 3131 2747 spe-

537 2763 645 2846 cie,
695 2783 748 2831 v,
808 2783 887 2849 g.‚
940 2765 1286 2850 pecuniam
1338 2784 1455 2850 pro
1507 2765 1806 2851 pecunia.
1858 2769 1997 2832 Hoc
2047 2771 2228 2849 patet
2299 2782 2418 2848 per
2487 2782 2599 2845 se3
2665 2765 2718 2831 si
2792 2764 2970 2832 enim
3022 2782 3130 2832 res

538 2870 910 2938 traderetur
956 2873 1207 2957 absque
1255 2872 1385 2939 ulla
1419 2871 1824 2957 obligatione
1862 2870 2140 2939 eandem
2173 2871 2588 2953 restituendi,
2616 2878 2794 2939 esset
2832 2871 3130 2943 donatio,

541 2978 609 3043 Si
660 2985 879 3045 autem
928 2998 1033 3047 res
1084 2997 1214 3046 non
1261 2979 1494 3046 similis
1535 2985 1713 3047 esset
1750 2977 2100 3061 reddenda,
2144 2997 2201 3045 v,
2236 2997 2317 3064 g.,
2355 2977 2575 3045 vinum
2612 2997 2730 3062 pro
2764 2977 3122 3058 frumento,

541 3093 719 3153 esset
768 3088 1189 3172 permutatio,
1240 3088 1305 3155 Si
1358 3107 1513 3156 vero
1563 3106 1670 3156 res
1724 3087 2026 3168 identica‚
2081 3105 2199 3154 seu
2248 3085 2478 3153 eadem
2528 3086 2797 3171 physice
2831 3092 2896 3153 et
2936 3085 3001 3153 in
3040 3086 3135 3152 in-

543 3190 807 3261 dividuo
859 3203 1033 3262 esset
1083 3194 1432 3275 reddenda,
1487 3215 1537 3261 v.
1590 3213 1672 3279 g.‚
1725 3193 1898 3262 idem
1947 3211 2202 3279 equuS‚
2257 3193 2368 3278 qui
2420 3191 2700 3259 traditus
2749 3192 2905 3275 fuit,
2955 3198 3133 3260 esset

543 3300 1032 3369 commodatum
1082 3303 1183 3371 vel
1232 3302 1541 3386 locatum,
1594 3321 1723 3370 non
1775 3307 2100 3369 mutuum.
2139 3299 2454 3369 Additur:
2503 3313 2558 3367 et
2607 3300 2676 3366 in
2721 3299 2933 3367 eadem
2965 3301 3136 3367 boni-

542 3421 665 3476 tate
680 3435 705 3488 ;
753 3410 904 3495 quia
955 3411 1065 3497 qui
1116 3420 1420 3480 mutuum
1470 3410 1600 3494 dat,
1648 3411 1891 3480 servari
1944 3408 2140 3477 debet
2187 3408 2547 3488 indemnis;
2583 3408 2764 3493 atqui
2799 3407 2948 3476 talis
3000 3425 3135 3476 non

547 3524 944 3599 servaretur,
995 3518 1047 3585 si
1100 3536 1206 3586 res
1255 3517 1489 3586 similis
1538 3521 1603 3584 in
1654 3517 1884 3587 eadem
1929 3516 2228 3587 bonitate
2278 3532 2406 3582 non
2455 3512 2879 3582 redderetur:
2932 3514 3029 3581 uti
3079 3513 3133 3582 si

553 3620 776 3689 vinum
827 3641 1176 3693 commune
1210 3624 1596 3692 redderetur
1643 3632 1708 3692 et
1757 3622 2164 3692 ordinarium
2212 3640 2332 3708 pro
2383 3638 2709 3706 generoso
2750 3625 2817 3688 et
2849 3620 3132 3706 optimo.

722 3731 783 3796 4.
830 3734 975 3797 Post
1019 3731 1271 3816 aliquod
1299 3731 1592 3818 temporis
1621 3734 1936 3819 spatium:
1972 3730 2068 3797 sic
2101 3737 2405 3796 mutuum
2439 3726 2870 3812 distinguitur
2892 3744 2927 3793 a
2962 3745 3137 3795 cam-

547 3836 678 3920 bio,
728 3836 793 3904 in
846 3854 978 3922 quo
1027 3855 1279 3921 aurum,
1334 3857 1389 3906 v,
1439 3858 1520 3924 3.,
1572 3857 1691 3926 pro
1740 3845 2013 3924 argento
2047 3837 2272 3906 statim
2304 3835 2530 3904 datur:
2570 3853 2603 3903 a
2639 3835 2962 3922 precarm,
3000 3853 3134 3921 quo

550 3963 654 4013 res
703 3942 784 4010 ad
831 3954 1119 4013 mentem
1170 3944 1594 4015 concedentis
1644 3945 1963 4014 tribuitur
1994 3997 2010 4027 ,
2060 3943 2177 4011 sed
2227 3942 2409 4011 reddi
2460 3941 2655 4012 debet
2703 3942 2928 4010 statim
2978 3958 3056 4010 ac
3101 3960 3135 4008 a

548 4050 817 4120 domino
868 4053 1344 4139 expostulatur.
1394 4055 1488 4121 Ex
1552 4053 1657 4121 his
1714 4052 2048 4137 colligitur
2116 4058 2421 4118 mutuum
2500 4067 2649 4117 esse
2720 4055 3138 4120 contractum

551 4160 926 4243 gratuitum,
968 4162 1119 4247 quia
1146 4180 1264 4247 per
1288 4180 1359 4229 se
1386 4168 1695 4231 censetur
1719 4159 2055 4229 dumtaxat
2079 4158 2145 4225 in
2172 4156 2482 4226 mutuarii
2519 4157 2806 4242 gratiam
2843 4156 3103 4226 initum.

548 4441 818 4504 quandam
852 4445 903 4495 et
930 4446 1401 4518 reciprocationem
1435 4444 1717 4508 significat,
1751 4458 1859 4520 qua
1886 4446 2011 4499 dato
2047 4455 2140 4509 par
2172 4442 2440 4499 redditur.
2476 4442 2578 4494 hoc
2609 4454 2773 4494 sensu
2807 4442 3016 4494 Tullius
3044 4444 3140 4505 ait,

549 4504 683 4566 quod
713 4506 767 4554 in
799 4508 1027 4558 amicitia
1058 4513 1292 4560 mutuum
1324 4509 1485 4559 adest.
1518 4534 1581 4545 —
1622 4509 1677 4558 V.
1716 4510 1941 4572 Lignori,
1981 4508 2070 4569 Op
2106 4506 2259 4565 Mor„
2294 4507 2329 4555 1.
2362 4518 2437 4565 ιιι,
2473 4518 2527 4556 ιι.
2562 4507 2671 4556 7154.

558 4563 1461 4680 T11362A.9833—C..361892
1515 4569 1937 4630 —C..;Sl7'64
1989 4568 2418 4632 —c.P.1973;
2466 4566 2922 4629 -Ο.Μ.1953,
2979 4567 3139 4619 -C.
