3292 5167
542 215 629 283 64
1519 240 1634 286 me.
1684 240 1749 286 ιι.
1797 238 2010 286 τιιΑοτ.
2058 240 2115 286 r.

495 339 602 480 gui
649 336 767 401 sibi
817 352 946 400 non
983 337 1297 417 providet,
1338 354 1481 402 cum
1527 341 1743 405 omnia
1786 349 2149 421 opportune
2190 339 2450 415 cedunt,
2479 338 2647 404 baud
2690 337 2814 402 sibi
2852 336 3087 419 provi·

541 417 694 488 ebit,
745 428 986 480 remota
1048 421 1546 498 opportunitate.

571 495 784 558 248.
831 496 948 560 Sed
989 498 1222 580 (dices)
1262 499 1407 580 finis
1451 498 1854 564 abstinentior
1894 516 1936 564 a
1977 498 2318 564 servilibus
2360 500 2459 564 die
2500 499 2659 580 seete
2696 498 3093 579 moerim

496 585 610 653 est,
652 584 728 640 ut
765 578 975 658 fideles
1018 577 1205 643 rebus
1248 580 1480 644 divinis
1521 598 1776 660 operam
1815 598 2058 645 navare
2100 582 2396 653 valeant‚·
2439 597 2508 643 er
2551 598 2605 655 ο,
2647 588 2764 643 etc.

575 657 643 720 R.
669 657 985 738 Negamus
1014 677 1297 741 conseq.;
1330 676 1476 727 nam
1505 661 1656 724 finis
1688 661 1988 741 praecepti
2021 677 2055 724 a
2090 669 2409 742 praecepto
2430 660 2496 723 di
2550 670 2652 723 ert
2683 658 3093 739 longissime:

479 739 774 801 intentio
808 739 961 821 leqis
1005 738 1120 804 sub
1165 743 1359 823 leym
1398 759 1522 804 non
1565 742 1754 806 cadit.
1799 742 2106 821 Exemplo
2153 759 2255 806 res
2285 740 2678 820 explicatum
2716 740 2862 802 ti’nis
2899 740 3097 809 absti-

499 820 741 883 nentiae
786 828 851 882 et
890 820 1122 901 ,iejunii
1169 830 1269 885 est
1311 823 1658 885 maceratio
1692 823 1941 886 carnis:
1984 822 2138 903 quid
2177 823 2429 885 nunosi
2463 825 2606 901 quis
2637 820 2716 883 ob
2796 820 3089 899 hysieam

499 905 593 962 sui
641 901 1169 963 constitutionem
1203 903 1415 982 magis·
1438 902 1672 982 jejunii
1711 902 1893 977 cibis,
1922 919 2112 982 quam
2150 904 2167 966 i
2219 909 2306 966 sis
2340 902 2645 966 carnibus
2674 837 3096 990 delectetur?

499 996 717 1042 nonne
764 982 867 1042 hic
913 992 1231 1061 praecepto
1279 981 1700 1046 nibilominus
1744 982 2105 1047 satisfacit?
2268 985 2433 1063 pari:
2495 984 2645 1045 finis
2708 983 3093 1065 cessationis

499 1061 577 1122 ab
622 1062 923 1138 operibus
967 1061 1311 1125 servilibus
1354 1073 1477 1139 est,
1515 1074 1588 1126 ut
1633 1063 1821 1126 rebus
1867 1064 2106 1126 divinis
2171 1074 2473 1128 vacantes
2516 1062 2654 1126 dies
2702 1062 2897 1126 testes
2939 1079 3083 1126 san-

499 1141 884 1216 ctiflcemus3
932 1142 1040 1204 sed
1090 1143 1236 1204 finis
1283 1143 1387 1205 hic
1434 1158 1560 1206 non
1607 1143 1781 1206 cadit
1824 1144 1939 1207 sub
1987 1153 2324 1223 praecepto.
2373 1144 2516 1207 ideo
2564 1144 2616 1206 si
2676 1142 2859 1207 Missa
2911 1152 3095 1206 recte

500 1220 800 1283 audiatur
835 1232 899 1285 et
945 1223 1053 1285 fiat
1095 1222 1485 1287 abstinentia
1532 1240 1566 1286 a
1611 1223 1979 1298 servilibus,
2011 1240 2141 1303 Jam
2176 1225 2449 1301 babetur
2485 1223 2893 1286 observantia
2934 1239 3117 1302 pref

501 1303 666 1380 cepti
713 1302 919 1379 quoad
970 1302 1391 1366 substantiam
1408 1322 1426 1378 3
1484 1306 1775 1383 quamvis
1819 1305 1990 1367 ultro
2035 1305 2306 1369 velimus
2342 1303 2566 1369 fideles
2608 1303 3094 1383 compellendos

500 1396 639 1445 esse
683 1382 758 1443 ad
807 1381 1000 1463 tinem
1046 1385 1239 1447 etiam
1283 1389 1584 1465 praecepti
1632 1384 2050 1464 implendum.

584 1460 703 1524 Sed
745 1463 1056 1543 (inquies)
1101 1464 1227 1526 haec
1265 1467 1519 1543 paritas
1561 1482 1685 1528 non
1725 1465 1890 1545 facit
1905 1486 1932 1538 ‚·
1975 1482 2125 1528 nam
2149 1471 2524 1544 paeceptum
2551 1460 2955 1527 abstinentioe
2978 1479 3083 1526 ne·

498 1544 783 1621 potinum
824 1552 957 1605 ent:
1001 1551 1074 1606 at
1112 1554 1487 1624 praeceptum
1527 1547 2055 1626 sanctificationis
2098 1544 2401 1625 festorum
2456 1553 2551 1606 est
2597 1544 2983 1624 positivum,
3028 1543 3101 1606 ia

501 1631 597 1685 est
637 1623 882 1703 aliquid
925 1623 1225 1704 faciendi,
1250 1625 1454 1702 sumta
1489 1626 1691 1688 illud:
1734 1634 2079 1705 memento,
2110 1635 2181 1689 ut
2210 1625 2380 1688 diem
2411 1624 2657 1689 sabbati
2704 1623 3095 1687 sanctifices.

508 1702 674 1766 Unde
716 1720 839 1767 non
881 1705 1115 1784 suffieit
1153 1722 1193 1768 a
1235 1705 1572 1770 servilibus
1604 1722 1670 1768 se
1711 1704 2048 1771 abstinere.

583 1782 653 1846 R.
698 1782 851 1847 Cum
892 1784 1200 1848 Perazzo:
1248 1795 1634 1865 praeceptum
1679 1785 2123 1850 sanctificandi
2187 1785 2382 1849 festa:
2434 1786 2496 1863 l)
2551 1784 2793 1864 aliquid
2852 1784 3097 1862 negati·

503 1879 650 1927 vum
698 1869 1036 1940 continet,
1098 1883 1173 1927 ne
1217 1865 1462 1930 scilicet
1505 1882 1694 1946 opera
1742 1867 2004 1929 servilia
2048 1876 2513 1941 exerceantur,
2558 1874 2621 1927 et
2665 1875 2975 1945 quantum
3009 1861 3095 1927 ad

506 1945 626 2005 boc
672 1945 842 2008 valet
885 1947 1122 2025 paritas
1166 1945 1356 2009 allata
1406 1959 1472 2011 et
1516 1947 1823 2027 impletur
1869 1947 2064 2011 illud:
2107 1964 2231 2010 non
2274 1943 2472 2027 facies
2500 1963 2673 2009 omne
2700 1962 2852 2025 opus
2892 1947 2965 2009 in
2997 1962 3097 2019 eo,

505 2026 659 2101 quin
691 2024 862 2089 aliud
905 2028 1232 2107 inquirere
1266 2034 1641 2102 teneamur;
1669 2028 1735 2107 2)
1765 2036 2055 2091 continet
2083 2027 2326 2107 aliquid
2363 2028 2725 2106 positivum,
2746 2034 2828 2089 *ut
2857 2039 3098 2103 nempe

505 2105 755 2167 Divinis
802 2116 1101 2183 vacetur,
1146 2108 1327 2186 juxta
1375 2108 1575 2172 illud:
1617 2115 1951 2183 memento,
1994 2116 2069 2173 ut
2106 2108 2269 2170 diem
2309 2105 2562 2172 sabbati
2609 2106 2985 2186 sanctifices,
3029 2114 3100 2168 et

505 2186 624 2247 hoc
670 2185 974 2264 impletur
1037 2204 1150 2266 per
1197 2188 1596 2252 auditionem
1639 2189 1890 2263 Missae,
1932 2191 2038 2268 qui
2085 2189 2343 2269 quidem
2389 2196 2566 2251 actus
2617 2187 2927 2266 positivus
2968 2194 3099 2263 est,

506 2264 814 2327 solemnis
859 2282 932 2330 ac
977 2269 1346 2347 potissimus
1389 2271 1560 2332 inter
1606 2270 1962 2348 religiosos,
2006 2268 2186 2331 Adde
2230 2268 2330 2331 vel
2368 2285 2483 2348 peu·
2527 2269 2723 2346 ipsam
2771 2268 3100 2331 abstinen-

509 2346 660 2407 tiam
706 2361 737 2407 a
784 2348 1152 2423 servilibus,
1185 2366 1327 2428 quae
1360 2358 1490 2414 toto
1524 2348 1689 2412 resto
1717 2350 1822 2412 die
1853 2349 2187 2429 perdurat,
2223 2356 2423 2411 totum
2462 2346 3095 2433 diemsanctificari:

507 2424 617 2488 illa
664 2426 836 2489 enim
896 2427 1202 2492 dicuntur
1244 2431 1656 2506 sanctificari,
1695 2446 1838 2509 quaa
1881 2429 2102 2492 divino
2147 2429 2346 2493 cultui
2377 2429 2812 2509 applicantur:
2844 2437 2909 2491 at
2945 2426 3095 2490 talis

507 2503 796 2584 profecto
861 2517 960 2571 est
1015 2509 1403 2573 abstinentia
1465 2510 1594 2573 illa.
1652 2510 1889 2573 Iterum
1952 2510 2031 2574 ad
2098 2526 2234 2572 rem
2301 2510 2525 2572 doctus
2588 2523 2660 2570 ac
2705 2510 2846 2587 pius
2909 2506 3103 2587 Stapf

507 2585 569 2667 (g
612 2587 793 2666 218):
844 2588 1006 2651 Dum
1053 2598 1349 2654 consueta
1375 2589 1592 2668 husus
1642 2592 1957 2670 temporis·
1991 2591 2240 2671 nepotia
2275 2592 2340 2654 in
2380 2590 2670 2652 honorem
2703 2589 2818 2651 Dei
2841 2605 3101 2669 suspen·

505 2668 708 2729 dimus
733 2714 748 2741 ‚
790 2669 922 2731 dies
968 2671 1082 2732 isti
1122 2688 1201 2733 em
1249 2672 1560 2733 communi
1613 2688 1802 2734 ceusu
1856 2672 2245 2751 reliquorum
2301 2671 2421 2732 hoc.
2468 2672 2598 2749 ipso
2654 2676 3101 2746 secernuntur,

507 2755 696 2825 atque
739 2748 857 2812 Deo
901 2752 1148 2813 sacrati
1172 2751 1351 2831 flunt.
1380 2750 1501 2814 Eat
1528 2752 1753 2832 quippe
1789 2750 2047 2831 aliquod
2072 2768 2268 2832 penus
2300 2751 2626 2831 sacrificii,
2665 2750 2829 2830 qued
2855 2748 2977 2813 Dee
3021 2749 3099 2812 de

509 2836 775 2907 tempore
806 2829 990 2894 nobis
1018 2849 1299 2894 concesso
1341 2831 1681 2912 efferimus,
1708 2832 2019 2911 eidemque
2048 2832 2130 2894 ad
2160 2832 2631 2895 contestandum
2660 2837 2942 2893 nostram
2969 2846 3100 2908 pte·

510 2914 702 2970 tatem
731 2910 1106 2987 devovemus,
1129 2920 1201 2974 ut
1229 2912 1379 2976 adeo
1401 2913 1600 2976 otium
1624 2912 1797 2975 istud
1825 2930 1965 2975 vere
2006 2928 2260 2974 sacrum
2287 2913 2416 2975 dici
2441 2912 2644 2992 possit
2668 2917 2731 2973 et
2756 2916 3099 2973 mereatur.

594 2987 807 3051 Addes
826 3008 860 3067 ε,
880 3000 1257 3071 praeceptum
1288 2993 1732 3073 sanctificandi
1763 2992 1950 3072 festa,
1987 2999 2198 3072 utpote
2222 2993 2844 3069 naturale-divinum,
2871 2988 2955 3055 ab
2983 2990 3102 3055 Bc-

507 3067 699 3132 etesia
743 3088 864 3133 non
896 3080 1102 3151 potest
1133 3074 1458 3137 coarctari
1497 3073 1581 3136 ad
1625 3073 1826 3136 solam
1858 3073 2138 3135 Missam.

590 3149 659 3233 R.
701 3149 794 3211 Ab
841 3151 1121 3215 Ecclesia
1172 3155 1291 3216 hoc
1337 3163 1728 3234 praeceptum
1788 3169 1912 3215 non
1980 3161 2385 3225 coarctatur,
2442 3151 2552 3214 sed
2610 3150 2973 3229 explicatur
3031 3159 3102 3215 et

510 3229 734 3291 modus
776 3230 940 3294 illud
989 3233 1298 3311 implendi
1370 3226 1728 3297 indicatur:
1773 3238 1938 3297 sicut
1992 3233 2276 3297 Ecclesia
2340 3248 2472 3294 non
2529 3240 2811 3295 coarctat
2852 3245 3097 3310 praece·

510 3318 686 3386 ptum
751 3310 1045 3377 divinum
1090 3312 1530 3377 Confessionis
1570 3330 1642 3377 ac
1687 3313 2173 3377 communionis
2201 3360 2218 3389 ,
2253 3313 2399 3391 quia
2446 3311 2733 3375 declarat
2777 3310 2935 3374 illud
2985 3311 3098 3374 im·

511 3387 816 3467 piendum
853 3393 1053 3455 semel
1098 3392 1326 3458 saltem
1374 3396 1436 3457 in
1482 3410 1672 3458 auno.
1717 3394 2140 3474 Quoadusque
2195 3408 2350 3470 ergo
2417 3390 2702 3455 Ecclesia
2748 3390 2920 3455 clare
2961 3405 3100 3455 non

509 3467 775 3546 indicet,
817 3471 991 3535 aliud
1023 3473 1296 3552 amplius
1328 3477 1572 3554 requiri
1608 3473 1689 3539 ad
1719 3475 2297 3537 sanctificationem
2334 3474 2665 3551 festorum,
2694 3487 2924 3535 tenere
2961 3488 3100 3551 pos·

508 3562 727 3613 sumus
770 3566 912 3614 cum
960 3561 1051 3616 tot
1092 3554 1397 3632 gravibus
1440 3555 1824 3618 Auctoribus
1871 3571 1982 3633 per
2010 3554 2216 3630 Missae
2247 3554 2645 3618 auditionem
2676 3562 2742 3616 et
2769 3553 3099 3617 abstineo»

508 3631 665 3693 tiam
708 3646 740 3693 a
785 3633 1129 3696 servilibus
1172 3650 1384 3713 praece
1433 3644 1564 3699 tum
1611 3636 1865 3715 impleri
1901 3682 1917 3711 ,
1957 3635 2164 3714 quoad
2221 3635 2642 3699 substantiam
2697 3648 2931 3713 nempe
2959 3680 2978 3710 ,
3031 3642 3102 3697 et

506 3711 606 3854 {1¹21
609 3726 690 3853 lse
703 3721 1105 3853 Ispectatum.
1150 3749 1226 3760 -
1282 3713 1342 3777 V.
1421 3716 1731 3795 tturiaga,
1778 3715 2105 3796 operette,
2148 3724 2190 3778 t.
2249 3732 2322 3777 11:
2393 3713 2564 3778 Solle
2621 3713 3102 3793 santificazioni

633 3807 662 3853 e
758 3800 902 3855 este.
1077 3846 1084 3853 .
3054 3799 3065 3811 ⁰

586 3871 679 3934 Ex
724 3873 1196 3936 recentioribus
1239 3873 1581 3953 Paganessi
1626 3873 1848 3938 multis
1893 3884 2165 3938 conatur
2223 3874 2611 3938 defendere.-
2636 3874 3103 3939 abstinentiam

508 3968 542 4014 a
588 3954 932 4017 servilibus
976 3961 1040 4016 et
1081 3953 1334 4017 Missam
1377 3970 1518 4018 esse
1563 3963 1812 4020 tantum
1857 3954 1937 4018 de
1979 3966 2298 4035 praecepto
2339 3955 2670 4031 Ecclesiae,
2700 3965 2914 4021 cetera
2944 3970 3102 4018 vero

509 4032 765 4111 pietatis
807 4050 998 4117 opera
1047 4035 1114 4095 in
1160 4033 1343 4097 festis
1386 4051 1527 4099 esse
1570 4034 1651 4099 de
1682 4045 2000 4115 praecepto
2043 4035 2268 4098 divino
2298 4035 2684 4115 praestanda.
2714 4036 2849 4100 Non
2881 4043 3101 4098 tamen

508 4111 702 4177 audet
744 4113 824 4178 de
871 4113 1124 4177 mortali
1169 4129 1470 4178 accusare
1510 4118 1619 4195 qui
1665 4117 1871 4196 prima
1919 4115 2029 4179 illa
2074 4116 2249 4193 facit,
2298 4116 2580 4180 secunda
2624 4131 2778 4180 vero
2828 4117 3102 4195 penitus

507 4193 782 4276 omittit:
825 4195 993 4274 quod
1041 4211 1171 4258 non
1206 4196 1362 4258 satis
1405 4197 1763 4275 percipitur
1792 4243 1810 4272 ,
1859 4196 1982 4259 nisi
2028 4196 2187 4259 velit
2241 4196 2474 4260 docere
2534 4196 2893 4275 suh-gravi
2940 4194 3099 4259 obli·

507 4286 662 4350 gare
703 4275 962 4354 quidem
1006 4283 1398 4355 praeceptum
1440 4275 1764 4353 Ecclesiae,
1808 4291 1936 4338 non
1992 4284 2205 4340 autem
2273 4285 2524 4341 naturae
2578 4292 2652 4340 ac
2694 4276 2808 4341 Dei
2854 4290 3099 4418 grasce-

507 4359 709 4431 ptum.
737 4354 911 4429 Quod
947 4366 1160 4421 autem
1193 4354 1374 4420 addit
1402 4356 1794 4421 habitualem
1824 4357 2236 4420 omissionem
2278 4364 2612 4438 peccatum
2641 4374 2780 4422 esse
2815 4373 2855 4420 o
2928 4354 3099 4421 nala

507 4441 903 4500 consectaria
930 4485 946 4512 ,
987 4449 1053 4499 et
1095 4454 1210 4501 nos
1254 4436 1589 4509 docemus;
1634 4437 1779 4500 ideo
1825 4452 2055 4516 nempe
2086 4483 2103 4512 ‚
2144 4438 2293 4516 quia
2350 4455 2430 4502 ex
2482 4438 2706 4501 babitu
2772 4438 3098 4501 omittens

511 4510 622 4575 illa
667 4518 923 4595 pietatis
964 4533 1178 4596 opera,
1223 4526 1446 4597 peccat
1486 4528 1708 4581 contra
1750 4516 1928 4580 aliud
1976 4531 2385 4597 praeceptum,
2421 4535 2547 4598 quo
2605 4518 2964 4582 identidem
3011 4526 3104 4583 te·

511 4603 708 4659 netur
749 4597 830 4659 ad
877 4599 1186 4661 virtutum
1231 4606 1411 4662 actus
1454 4596 1869 4661 exercendos.
2564 4630 2573 4643 -

587 4673 981 4757 Subjunges:
1035 4677 1327 4756 quemodo
1359 4694 1508 4757 erpo
1535 4678 1903 4757 emplieatur
1938 4675 2393 4756 Truentinum,
2421 4679 2583 4760 qued
2608 4678 2750 4743 vult
2786 4696 2917 4743 esu
2942 4693 3100 4759 pra*-
