3292 5167
1159 259 1237 306 un
1284 257 1532 307 acrinus
1582 257 1920 308 nunicioms
2747 233 2823 301 31

298 356 600 425 intentio
675 366 900 428 autem
973 359 1098 428 alia
1158 369 1260 430 est
1330 381 1663 449 expressa,
1736 364 1858 431 alia
1915 363 2249 450 implicita.
2299 364 2639 448 Eoepressa,
2689 373 2817 443 qua

223 464 361 551 quis
435 465 523 534 ab
602 467 795 536 initio
858 469 1268 540 Breviarium
1316 489 1586 540 sumens
1635 471 1794 539 dicit
1843 480 2032 540 actu:
2079 472 2214 538 volo
2261 489 2467 535 orare.
2515 465 2830 553 Implicica

224 589 389 654 veru,
445 581 584 659 qua
634 574 701 642 id
751 593 886 643 uon
936 576 1095 645 dicit
1142 577 1411 664 quidem
1445 587 1616 660 actu,
1655 577 1773 647 sed
1808 578 1877 645 id
1925 577 2292 645 virtualiter
2329 572 2631 656 intendit,
2671 570 2827 639 dum

227 680 352 748 vult
399 682 693 752 recitare
740 685 953 753 Horas
1002 685 1351 754 canonicas
1383 687 1569 773 Juxta
1618 686 1932 762 Ecclesiae
1985 692 2413 772 praeceptum.
2444 686 2600 750 Haec
2627 696 2826 766 porro

227 791 501 872 sufficit;
554 809 709 858 nam
761 792 971 878 prima
1020 812 1154 861 non
1203 801 1305 864 est
1354 811 1622 880 semper
1671 795 1888 880 posita
1938 794 2003 861 in
2049 799 2274 861 nostra
2325 794 2676 875 potestate.

306 899 610 966 Attentio
685 898 844 966 item
916 899 1039 966 alia
1111 908 1211 968 est
1279 915 1584 984 externa,
1635 919 1791 988 quae
1836 898 2126 968 excludit
2174 914 2438 966 omnem
2486 902 2825 963 externam

225 1007 555 1076 actionem
603 1007 877 1094 physice
922 1003 1540 1095 incompossibilem
1575 1028 1728 1078 cum
1766 1027 1871 1092 eo,
1906 1006 2086 1095 quod
2134 1006 2378 1092 agitur3
2419 1002 2543 1069 alia
2576 1003 2825 1067 interna

224 1134 369 1202 quae
421 1115 739 1184 consistit
784 1115 850 1184 in
880 1116 1200 1185 -iuteriori
1235 1118 1476 1186 mentis
1525 1116 1930 1186 advertentia
1964 1115 2045 1183 ad
2079 1113 2142 1181 id
2179 1110 2359 1200 quod
2399 1110 2632 1196 agitur.
2669 1109 2822 1175 Cer-

226 1232 360 1291 tum
392 1233 498 1292 est
534 1241 670 1291 uon
707 1224 967 1293 recitari
1007 1223 1217 1294 valide
1254 1226 1556 1294 Officium
1596 1225 1741 1293 sine
1780 1224 2146 1293 attentione
2173 1228 2472 1290 externa:
2506 1217 2603 1286 uti
2643 1222 2822 1285 esset

222 1329 533 1415 fabulari,
586 1327 916 1414 scribere,
968 1350 1043 1399 os
1093 1332 1156 1399 iu
1206 1332 1414 1400 risum
1464 1331 1574 1400 diu
1625 1332 1864 1413 laxare,
1915 1336 2231 1399 attentam
2280 1327 2510 1396 alienis
2560 1341 2819 1393 sermo-

220 1440 414 1507 nibus
486 1457 716 1506 aurem
790 1440 1112 1526 praebere,
1168 1458 1402 1525 magna
1445 1440 1643 1508 animi
1695 1438 2138 1526 applicatione
2186 1434 2435 1522 aliquid
2484 1433 2817 1500 diversum

218 1564 431 1631 agere,
484 1547 610 1614 sibi
664 1547 972 1616 celeriter
1017 1554 1233 1615 vestes
1283 1548 1750 1629 accomodare;
1801 1547 1911 1633 qui
1963 1547 2137 1614 enim
2189 1544 2330 1612 haec
2379 1544 2531 1627 agit,
2607 1542 2819 1607 Deum

219 1653 441 1737 potius
489 1652 793 1735 irridere,
846 1670 1040 1739 quam
1090 1643 1240 1722 eum
1276 1672 1551 1722 exorare
1599 1654 1860 1722 dicitur.
1902 1653 2110 1721 Aliter
2141 1658 2338 1733 esset,
2380 1649 2432 1717 si
2471 1648 2618 1734 quis
2662 1645 2818 1713 dum

216 1758 467 1840 recitat,
518 1759 709 1843 signa
760 1759 1018 1845 quaerit,
1068 1778 1140 1828 se
1189 1760 1375 1842 lavat,
1429 1761 1630 1830 flores
1679 1760 1949 1846 colligit,
1999 1759 2217 1844 ignem
2266 1755 2526 1838 fodicat,
2580 1752 2818 1822 collem

215 1865 483 1950 aspicit:
534 1866 636 1933 vel
688 1867 927 1934 recitat
975 1867 1084 1934 ubi
1129 1868 1231 1934 alii
1275 1867 1652 1935 fabulantur
1685 1868 1782 1935 vel
1833 1872 2097 1947 canunt,
2150 1863 2348 1932 modo
2386 1863 2486 1931 his
2522 1861 2815 1928 animum

216 1992 341 2042 non
377 1974 561 2042 serio
596 1973 914 2060 applicet3
950 1973 1094 2043 baec
1143 1975 1316 2042 euim
1351 1977 1510 2044 satis
1545 1975 1991 2061 compatibilia
2031 1982 2187 2041 suut
2220 1989 2371 2040 cum
2404 1969 2811 2038 recitatione.

214 2084 605 2168 Quanquam
658 2082 765 2150 bic
813 2100 943 2151 non
995 2101 1122 2150 una
1173 2084 1396 2168 regula
1446 2092 1574 2152 est:
1626 2102 1777 2151 nam
1813 2081 2117 2169 quaedam
2152 2081 2467 2161 actiones,
2504 2095 2653 2163 quae
2691 2081 2812 2162 pro

212 2206 338 2256 uno
387 2197 553 2257 sunt
602 2189 1024 2271 distractivae,
1077 2190 1239 2257 tales
1289 2210 1419 2257 non
1470 2199 1625 2259 sunt
1677 2209 1796 2276 pro
1845 2190 1994 2257 aliu.

289 2299 435 2365 Non
488 2297 582 2364 ita
634 2306 851 2365 tamen
904 2316 1010 2366 res
1059 2305 1236 2366 certa
1285 2307 1407 2381 est,
1448 2298 1500 2367 si
1559 2306 1917 2385 quaeratur,
1955 2316 2033 2364 an
2072 2296 2268 2364 etiam
2317 2292 2687 2361 necessaria
2727 2290 2812 2358 sit

208 2406 457 2472 aneruio
498 2407 775 2472 interna.
825 2406 1049 2487 Croix,
1101 2408 1307 2490 Lugo,
1356 2407 1564 2489 Elbel,
1632 2405 2014 2475 Tamburini
2075 2403 2319 2490 aliique
2385 2403 2606 2488 plures
2657 2415 2807 2467 cum

211 2530 257 2580 s.
301 2513 650 2581 Antonino
687 2521 967 2597 negaut3
1006 2513 1172 2582 ratio
1213 2514 1361 2599 quia
1398 2515 1452 2582 si
1488 2515 1941 2601 requireretur
1972 2512 2053 2581 de
2093 2511 2487 2579 necessitate
2530 2506 2806 2576 attentio

209 2622 506 2704 interna,
582 2639 805 2707 neque
878 2622 988 2690 ille
1056 2622 1464 2692 satisfaceret
1536 2624 1646 2710 qui
1695 2621 2133 2691 involuntarie
2182 2619 2604 2698 distrahitur3
2654 2632 2808 2684 nam

210 2727 543 2796 destructa
594 2730 717 2795 etsi
757 2729 1244 2815 inculpabiliter
1279 2731 1368 2798 rei
1411 2733 1718 2813 essentia,
1758 2749 1864 2798 res
1899 2731 2040 2816 ipsa
2080 2728 2414 2796 destructa
2448 2732 2581 2793 est:
2629 2721 2809 2809 quod

213 2844 418 2904 tamen
466 2854 669 2905 nemo
721 2835 1027 2904 admittit.
1076 2837 1196 2905 Alii
1250 2856 1405 2905 vero
1459 2837 1647 2905 multi
1692 2856 1844 2906 cum
1895 2836 2133 2906 Azorio
2164 2890 2180 2916 ,
2230 2832 2578 2917 Roucaglia
2608 2886 2624 2914 ‚
2675 2830 2800 2912 Sa,

208 2943 498 3010 Sauchez
570 2950 638 3009 et
692 2942 1000 3011 ‘Concina
1056 2945 1165 3029 qui
1219 2945 1361 3012 fuse
1417 2952 1482 3012 et
1532 2944 1847 3031 perdocte
1898 2942 1965 3009 id
2014 2950 2260 3021 tuetur,
2313 2939 2556 3008 docent
2607 2936 2803 3005 etiam

212 3050 643 3117 attentionem
691 3050 1017 3118 internam
1069 3053 1314 3138 requiri
1332 3078 1349 3134 ;
1401 3070 1554 3120 nam
1599 3054 1744 3120 siue
1778 3052 2144 3120 attentione
2185 3051 2441 3117 interna
2477 3066 2607 3115 nou
2645 3063 2806 3113 con-

210 3157 505 3225 stituitur
528 3158 763 3240 oratio,
804 3176 952 3244 quae
996 3159 1300 3228 universe
1332 3159 1680 3228 definitur:
1716 3161 1971 3228 elevatio
2010 3159 2231 3225 mentis
2253 3158 2338 3223 ad
2370 3160 2583 3223 Deum.
2617 3149 2802 3222 Uud'e

210 3265 503 3351 quamvis
550 3265 846 3333 Ecclesia
898 3284 1030 3334 non
1082 3267 1475 3352 imposuerit
1522 3266 1809 3352 speciale
1858 3273 2267 3353 praeceptum
2302 3263 2661 3350 positivum
2710 3268 2802 3327 at-

208 3371 520 3440 tentionis
570 3372 891 3452 internae;
938 3380 1154 3441 tamen
1208 3374 1660 3460 praecipiendo
1713 3373 2171 3441 recitationem
2221 3371 2426 3440 Officii
2479 3389 2596 3455 per
2654 3387 2799 3435 mo-

210 3477 358 3546 dum
406 3478 732 3548 orationis
784 3478 865 3546 ad
915 3481 1127 3548 Deum
1179 3480 1551 3562 colendum,
1601 3500 1820 3550 veram
1870 3480 2188 3567 praecepit
2222 3479 2611 3559 orationem,
2648 3494 2796 3563 quae

208 3585 345 3653 siue
412 3587 784 3655 attentione
845 3586 1102 3655 interna
1151 3605 1284 3656 nou
1336 3598 1439 3657 est
1489 3606 1638 3657 vera
1689 3590 1901 3658 oratio
1919 3615 1936 3670 ;
1991 3606 2112 3657 nec
2163 3590 2340 3656 Deus
2389 3586 2631 3655 colitur
2682 3602 2800 3670 per

210 3693 407 3760 solam
458 3693 921 3761 recitationem
974 3702 1309 3762 externam
1347 3696 1541 3763 abiis
1580 3697 1692 3782 qui
1727 3696 2096 3764 voluntarie
2130 3695 2627 3774 sedistrahunt,
2664 3693 2796 3759 imo

209 3798 283 3868 de
351 3800 449 3868 his
507 3801 979 3887 conqueritur:
1016 3804 1284 3889 populus
1329 3804 1428 3871 hic
1476 3805 1657 3871 tabiis
1702 3825 1797 3871 me
1842 3806 2124 3885 honorat,
2173 3823 2280 3871 cor
2325 3816 2532 3869 autem
2582 3819 2796 3867 eorum

212 3909 376 3993 lonqe
417 3920 505 3976 est
550 3929 593 3976 a
637 3930 737 3976 me
785 3905 835 3976 ¹.
884 3909 1098 3978 Adde:
1150 3911 1608 3984 Tridentinum
1656 3913 1794 3980 vult
1846 3912 2145 3980 Officium
2195 3911 2455 3979 recitari
2509 3928 2796 3978 reveren-

206 4028 306 4096 ter,
356 4015 642 4083 distincte
703 4034 781 4084 ac
828 4016 1072 4084 devote:
1117 4032 1482 4103 reverenter,
1533 4039 1615 4088 en
1669 4020 1947 4088 intentio
1962 4045 1980 4100 ;
2033 4021 2333 4100 distincte,
2384 4035 2463 4085 en
2515 4015 2793 4084 attentio

210 4132 457 4191 externa
484 4150 503 4205 3
553 4125 787 4207 devote,
839 4142 918 4192 en
972 4125 1250 4193 attentio
1308 4127 1582 4195 interna.

281 4230 581 4301 Secunda
623 4230 857 4316 opinio
900 4231 1295 4315 probalilior
1328 4233 1607 4316 videtur,
1655 4235 1889 4303 saltem
1929 4236 2015 4303 ob
2048 4234 2511 4303 auctoritatem
2546 4233 2797 4300 extrin-

204 4352 420 4420 secam,
475 4345 543 4407 et
595 4336 879 4406 omnino
930 4347 1001 4406 ut
1025 4338 1236 4407 tutior
1282 4339 1690 4408 consulenda
1737 4343 2013 4409 attentio
2064 4341 2262 4409 etiam
2311 4340 2618 4420 interior3
2673 4337 2790 4407 sed

866 4449 895 4490 ἱ

246 4588 264 4628 ¹
296 4589 475 4640 llattb.
511 4599 619 4640 xv.
658 4611 727 4624 —
769 4585 830 4636 V.
882 4585 1076 4647 casati,
1110 4587 1181 4637 De
1210 4600 1434 4638 sacram.
1468 4589 1669 4651 Potuit„
1722 4590 1821 4640 art.
1867 4563 1938 4640 De
1985 4593 2366 4656 interroyandia
2412 4589 2787 4652 ecelesiasticis,

186 4660 230 4703 n.
257 4654 311 4715 3;
344 4677 410 4690 —-
442 4652 696 4714 Lignori,
733 4647 898 4699 Homo
930 4650 1127 4711 Apose„
1165 4651 1296 4712 App.
1330 4661 1404 4711 ιιι,
1440 4662 1492 4702 n.
1528 4654 1624 4713 ⁷53
1662 4654 1713 4703 et
1743 4651 1916 4703 rusius
1951 4654 2002 4704 in
2064 4655 2154 4718 Op.
2208 4657 2363 4717 Mor„
2402 4654 2434 4704 1.
2471 4664 2544 4713 iv,
2579 4662 2637 4701 n.
2674 4653 2787 4713 ¹7⁷,

183 4715 226 4765 at
255 4715 285 4767 l.
317 4728 395 4779 ιιι,
442 4727 503 4767 ιι.
543 4715 677 4776 669;
715 4735 785 4748 -
810 4711 1070 4774 Ferraris3
1110 4713 1172 4764 v.
1210 4712 1437 4775 Officium
1468 4713 1721 4775 divinum,
1757 4716 1858 4767 art.
1894 4719 1938 4767 2.
2677 4735 2694 4752 ·
