<?xml version="1.0" encoding="UTF-8"?>
<!DOCTYPE html PUBLIC "-//W3C//DTD XHTML 1.0 Transitional//EN"
    "http://www.w3.org/TR/xhtml1/DTD/xhtml1-transitional.dtd">
<html xmlns="http://www.w3.org/1999/xhtml" xml:lang="en" lang="en">
 <head>
  <title>
</title>
<meta http-equiv="Content-Type" content="text/html;charset=utf-8" />
  <meta name='ocr-system' content='tesseract 3.04.00' />
  <meta name='ocr-capabilities' content='ocr_page ocr_carea ocr_par ocr_line ocrx_word'/>
</head>
<body>
  <div class='ocr_page' id='page_1' title='image "./theologiamorali04scavgoog/theologiamorali04scavgoog_0634.png"; bbox 0 0 3292 5167; ppageno 0'>
   <div class='ocr_carea' id='block_1_1' title="bbox 558 260 2519 325">
    <p class='ocr_par' dir='ltr' id='par_1_1' title="bbox 558 260 2519 325">
     <span class='ocr_line' id='line_1_1' title="bbox 558 260 2519 325; baseline -0.001 0"><span class='ocrx_word' id='word_1_1' title='bbox 558 260 685 325; x_wconf 75' lang='lat'>624</span> <span class='ocrx_word' id='word_1_2' title='bbox 1251 275 1367 324; x_wconf 76' lang='grc' dir='ltr'><strong>ιιΒ.</strong></span> <span class='ocrx_word' id='word_1_3' title='bbox 1415 278 1479 324; x_wconf 80' lang='grc' dir='ltr'><strong>ιι.</strong></span> <span class='ocrx_word' id='word_1_4' title='bbox 1528 278 1738 323; x_wconf 67' lang='grc' dir='ltr'><strong>τιιΑοτ.</strong></span> <span class='ocrx_word' id='word_1_5' title='bbox 1787 277 1915 324; x_wconf 79' lang='lat' dir='ltr'>rm.</span> <span class='ocrx_word' id='word_1_6' title='bbox 1965 280 2116 325; x_wconf 73' lang='lat' dir='ltr'>nise.</span> <span class='ocrx_word' id='word_1_7' title='bbox 2166 280 2204 324; x_wconf 91' lang='grc' dir='ltr'>ι.</span> <span class='ocrx_word' id='word_1_8' title='bbox 2255 279 2383 325; x_wconf 74' lang='lat' dir='ltr'>cAr.</span> <span class='ocrx_word' id='word_1_9' title='bbox 2431 275 2519 323; x_wconf 89' lang='grc' dir='ltr'><strong>ιιι.</strong></span> 
     </span>
    </p>
   </div>
   <div class='ocr_carea' id='block_1_2' title="bbox 461 375 3159 4434">
    <p class='ocr_par' dir='ltr' id='par_1_2' title="bbox 505 375 3159 1322">
     <span class='ocr_line' id='line_1_2' title="bbox 644 375 3159 469; baseline -0.002 -22"><span class='ocrx_word' id='word_1_10' title='bbox 644 378 901 467; x_wconf 82' lang='lat' dir='ltr'>Obligat</span> <span class='ocrx_word' id='word_1_11' title='bbox 946 399 1058 469; x_wconf 82' lang='lat' dir='ltr'>per</span> <span class='ocrx_word' id='word_1_12' title='bbox 1096 380 1429 448; x_wconf 74' lang='lat' dir='ltr'>ecctdens:</span> <span class='ocrx_word' id='word_1_13' title='bbox 1473 378 1538 465; x_wconf 81' lang='lat'>1)</span> <span class='ocrx_word' id='word_1_14' title='bbox 1588 378 1852 466; x_wconf 85' lang='lat' dir='ltr'>quando</span> <span class='ocrx_word' id='word_1_15' title='bbox 1905 388 2096 466; x_wconf 82' lang='lat' dir='ltr'>urget</span> <span class='ocrx_word' id='word_1_16' title='bbox 2146 381 2422 449; x_wconf 88' lang='lat' dir='ltr'>tentatio</span> <span class='ocrx_word' id='word_1_17' title='bbox 2458 386 2691 448; x_wconf 90' lang='lat' dir='ltr'>contra</span> <span class='ocrx_word' id='word_1_18' title='bbox 2727 375 2959 452; x_wconf 73' lang='lat' dir='ltr'>fidem,</span> <span class='ocrx_word' id='word_1_19' title='bbox 3011 394 3159 463; x_wconf 79' lang='lat' dir='ltr'>quae</span> 
     </span>
     <span class='ocr_line' id='line_1_3' title="bbox 513 486 3159 575; baseline 0 -23"><span class='ocrx_word' id='word_1_20' title='bbox 513 486 745 555; x_wconf 79' lang='lat' dir='ltr'>&#39;aliter</span> <span class='ocrx_word' id='word_1_21' title='bbox 789 488 1085 574; x_wconf 89' lang='lat' dir='ltr'>superari</span> <span class='ocrx_word' id='word_1_22' title='bbox 1137 505 1266 555; x_wconf 92' lang='lat' dir='ltr'>non</span> <span class='ocrx_word' id='word_1_23' title='bbox 1290 487 1529 573; x_wconf 69' lang='lat' dir='ltr'>‘possit</span> <span class='ocrx_word' id='word_1_24' title='bbox 1578 488 1892 572; x_wconf 87' lang='lat' dir='ltr'>(attamen</span> <span class='ocrx_word' id='word_1_25' title='bbox 1943 486 2318 575; x_wconf 82' lang='lat' dir='ltr'><strong>scrupulosi</strong></span> <span class='ocrx_word' id='word_1_26' title='bbox 2355 487 2608 556; x_wconf 81' lang='lat' dir='ltr'>facilius</span> <span class='ocrx_word' id='word_1_27' title='bbox 2658 491 2988 571; x_wconf 88' lang='lat' dir='ltr'>superant</span> <span class='ocrx_word' id='word_1_28' title='bbox 3024 490 3159 552; x_wconf 85' lang='lat' dir='ltr'>ten-</span> 
     </span>
     <span class='ocr_line' id='line_1_4' title="bbox 553 590 3157 681; baseline -0 -21"><span class='ocrx_word' id='word_1_29' title='bbox 553 594 874 663; x_wconf 81' lang='lat' dir='ltr'>tationem</span> <span class='ocrx_word' id='word_1_30' title='bbox 922 594 1367 664; x_wconf 77' lang='lat' dir='ltr'>convertendo</span> <span class='ocrx_word' id='word_1_31' title='bbox 1417 602 1706 663; x_wconf 80' lang='lat' dir='ltr'><strong>mentem</strong></span> <span class='ocrx_word' id='word_1_32' title='bbox 1756 593 1835 662; x_wconf 85' lang='lat' dir='ltr'>ad</span> <span class='ocrx_word' id='word_1_33' title='bbox 1885 595 2006 662; x_wconf 90' lang='lat' dir='ltr'>alia</span> <span class='ocrx_word' id='word_1_34' title='bbox 2052 595 2340 681; x_wconf 86' lang='lat' dir='ltr'>objecta)</span> <span class='ocrx_word' id='word_1_35' title='bbox 2377 620 2394 676; x_wconf 87' lang='lat'>3</span> <span class='ocrx_word' id='word_1_36' title='bbox 2438 595 2507 681; x_wconf 80' lang='lat'>2)</span> <span class='ocrx_word' id='word_1_37' title='bbox 2559 592 2823 679; x_wconf 88' lang='lat' dir='ltr'>quando</span> <span class='ocrx_word' id='word_1_38' title='bbox 2879 590 3157 659; x_wconf 87' lang='lat' dir='ltr'>tentatio</span> 
     </span>
     <span class='ocr_line' id='line_1_5' title="bbox 551 699 3157 787; baseline -0.001 -21"><span class='ocrx_word' id='word_1_39' title='bbox 551 707 746 784; x_wconf 88' lang='lat' dir='ltr'>urget</span> <span class='ocrx_word' id='word_1_40' title='bbox 794 700 990 768; x_wconf 89' lang='lat' dir='ltr'>etiam</span> <span class='ocrx_word' id='word_1_41' title='bbox 1040 709 1267 769; x_wconf 87' lang='lat' dir='ltr'>contra</span> <span class='ocrx_word' id='word_1_42' title='bbox 1318 701 1475 769; x_wconf 90' lang='lat' dir='ltr'>alias</span> <span class='ocrx_word' id='word_1_43' title='bbox 1517 701 1794 769; x_wconf 84' lang='lat' dir='ltr'>virtutes</span> <span class='ocrx_word' id='word_1_44' title='bbox 1845 709 1911 768; x_wconf 87' lang='lat' dir='ltr'>et</span> <span class='ocrx_word' id='word_1_45' title='bbox 1947 700 2245 787; x_wconf 89' lang='lat' dir='ltr'>superari</span> <span class='ocrx_word' id='word_1_46' title='bbox 2292 707 2577 787; x_wconf 83' lang='lat' dir='ltr'>nequeat</span> <span class='ocrx_word' id='word_1_47' title='bbox 2613 699 2736 766; x_wconf 90' lang='lat' dir='ltr'>nisi</span> <span class='ocrx_word' id='word_1_48' title='bbox 2777 715 2898 784; x_wconf 91' lang='lat' dir='ltr'>per</span> <span class='ocrx_word' id='word_1_49' title='bbox 2936 705 3157 764; x_wconf 80' lang='lat' dir='ltr'>actum</span> 
     </span>
     <span class='ocr_line' id='line_1_6' title="bbox 555 790 3157 894; baseline -0 -21"><span class='ocrx_word' id='word_1_50' title='bbox 555 807 752 888; x_wconf 82' lang='lat' dir='ltr'>fidei3</span> <span class='ocrx_word' id='word_1_51' title='bbox 801 826 948 875; x_wconf 89' lang='lat' dir='ltr'>nam</span> <span class='ocrx_word' id='word_1_52' title='bbox 1001 808 1279 894; x_wconf 80' lang='lat' dir='ltr'>quilibet</span> <span class='ocrx_word' id='word_1_53' title='bbox 1327 816 1594 876; x_wconf 90' lang='lat' dir='ltr'>tenetur</span> <span class='ocrx_word' id='word_1_54' title='bbox 1652 825 1991 876; x_wconf 83' lang='lat' dir='ltr'>assumere</span> <span class='ocrx_word' id='word_1_55' title='bbox 2063 807 2355 877; x_wconf 89' lang='lat' dir='ltr'>medium</span> <span class='ocrx_word' id='word_1_56' title='bbox 2420 807 2872 876; x_wconf 84' lang='lat' dir='ltr'>necessarium</span> <span class='ocrx_word' id='word_1_57' title='bbox 2941 790 3023 871; x_wconf 89' lang='lat' dir='ltr'>ad</span> <span class='ocrx_word' id='word_1_58' title='bbox 3077 804 3157 872; x_wconf 79' lang='lat' dir='ltr'>vi·</span> 
     </span>
     <span class='ocr_line' id='line_1_7' title="bbox 555 912 3153 1001; baseline -0.001 -21"><span class='ocrx_word' id='word_1_59' title='bbox 555 914 829 981; x_wconf 90' lang='lat' dir='ltr'>tandum</span> <span class='ocrx_word' id='word_1_60' title='bbox 882 921 1224 1001; x_wconf 87' lang='lat' dir='ltr'>peccatum</span> <span class='ocrx_word' id='word_1_61' title='bbox 1242 940 1259 995; x_wconf 84' lang='lat'>3</span> <span class='ocrx_word' id='word_1_62' title='bbox 1311 915 1377 1000; x_wconf 91' lang='lat'>3)</span> <span class='ocrx_word' id='word_1_63' title='bbox 1429 914 1692 1001; x_wconf 90' lang='lat' dir='ltr'>quando</span> <span class='ocrx_word' id='word_1_64' title='bbox 1744 915 2036 983; x_wconf 84' lang='lat' dir='ltr'>facienda</span> <span class='ocrx_word' id='word_1_65' title='bbox 2085 922 2187 983; x_wconf 88' lang='lat' dir='ltr'>est</span> <span class='ocrx_word' id='word_1_66' title='bbox 2243 914 2564 1001; x_wconf 82' lang='lat' dir='ltr'>professio</span> <span class='ocrx_word' id='word_1_67' title='bbox 2632 912 2786 981; x_wconf 88' lang='lat' dir='ltr'>fidei</span> <span class='ocrx_word' id='word_1_68' title='bbox 2838 912 3153 993; x_wconf 79' lang='lat' dir='ltr'>exterior,</span> 
     </span>
     <span class='ocr_line' id='line_1_8' title="bbox 555 1018 3155 1106; baseline 0 -22"><span class='ocrx_word' id='word_1_69' title='bbox 555 1020 658 1088; x_wconf 87' lang='lat' dir='ltr'>vel</span> <span class='ocrx_word' id='word_1_70' title='bbox 712 1038 790 1088; x_wconf 83' lang='lat' dir='ltr'>ex</span> <span class='ocrx_word' id='word_1_71' title='bbox 840 1027 1176 1106; x_wconf 76' lang='lat' dir='ltr'>praecepto</span> <span class='ocrx_word' id='word_1_72' title='bbox 1227 1020 1589 1088; x_wconf 89' lang='lat' dir='ltr'>eliciendus</span> <span class='ocrx_word' id='word_1_73' title='bbox 1637 1028 1740 1089; x_wconf 91' lang='lat' dir='ltr'>est</span> <span class='ocrx_word' id='word_1_74' title='bbox 1790 1028 1975 1089; x_wconf 88' lang='lat' dir='ltr'>actus</span> <span class='ocrx_word' id='word_1_75' title='bbox 2034 1021 2305 1089; x_wconf 88' lang='lat' dir='ltr'>alterius</span> <span class='ocrx_word' id='word_1_76' title='bbox 2370 1020 2671 1104; x_wconf 75' lang='lat' dir='ltr'>virtutis,</span> <span class='ocrx_word' id='word_1_77' title='bbox 2747 1038 2897 1105; x_wconf 83' lang='lat' dir='ltr'>quae</span> <span class='ocrx_word' id='word_1_78' title='bbox 2957 1018 3155 1086; x_wconf 87' lang='lat' dir='ltr'>fidem</span> 
     </span>
     <span class='ocr_line' id='line_1_9' title="bbox 561 1126 3151 1215; baseline -0.001 -20"><span class='ocrx_word' id='word_1_79' title='bbox 561 1135 913 1213; x_wconf 84' lang='lat' dir='ltr'>supponat.</span> <span class='ocrx_word' id='word_1_80' title='bbox 953 1129 1074 1215; x_wconf 57' lang='lat' dir='ltr'>⁸Sic</span> <span class='ocrx_word' id='word_1_81' title='bbox 1122 1129 1174 1197; x_wconf 91' lang='lat' dir='ltr'>si</span> <span class='ocrx_word' id='word_1_82' title='bbox 1225 1127 1497 1197; x_wconf 78' lang='lat' dir='ltr'>accedas</span> <span class='ocrx_word' id='word_1_83' title='bbox 1549 1128 1627 1196; x_wconf 89' lang='lat' dir='ltr'>ad</span> <span class='ocrx_word' id='word_1_84' title='bbox 1688 1130 2274 1211; x_wconf 80' lang='lat' dir='ltr'>communionem,</span> <span class='ocrx_word' id='word_1_85' title='bbox 2338 1129 2701 1215; x_wconf 78' lang='lat' dir='ltr'>requiritur</span> <span class='ocrx_word' id='word_1_86' title='bbox 2764 1133 2955 1196; x_wconf 87' lang='lat' dir='ltr'>actus</span> <span class='ocrx_word' id='word_1_87' title='bbox 3004 1126 3151 1194; x_wconf 86' lang='lat' dir='ltr'>fidei</span> 
     </span>
     <span class='ocr_line' id='line_1_10' title="bbox 505 1235 2834 1322; baseline -0 -20"><span class='ocrx_word' id='word_1_88' title='bbox 505 1238 524 1255; x_wconf 82' lang='grc'>“”</span> <span class='ocrx_word' id='word_1_89' title='bbox 556 1235 787 1303; x_wconf 90' lang='lat' dir='ltr'>saltem</span> <span class='ocrx_word' id='word_1_90' title='bbox 840 1235 1200 1322; x_wconf 89' lang='lat' dir='ltr'>implicitus</span> <span class='ocrx_word' id='word_1_91' title='bbox 1251 1255 1400 1321; x_wconf 83' lang='lat' dir='ltr'>erga</span> <span class='ocrx_word' id='word_1_92' title='bbox 1449 1235 1876 1321; x_wconf 69' lang='lat' dir='ltr'>praesentiam</span> <span class='ocrx_word' id='word_1_93' title='bbox 1925 1237 2166 1304; x_wconf 86' lang='lat' dir='ltr'>Christi</span> <span class='ocrx_word' id='word_1_94' title='bbox 2218 1237 2283 1304; x_wconf 91' lang='lat' dir='ltr'>in</span> <span class='ocrx_word' id='word_1_95' title='bbox 2333 1235 2834 1303; x_wconf 83' lang='lat' dir='ltr'>Eucharistiam.</span> 
     </span>
    </p>

    <p class='ocr_par' dir='ltr' id='par_1_3' title="bbox 551 1341 3151 2072">
     <span class='ocr_line' id='line_1_11' title="bbox 650 1341 3151 1430; baseline -0.001 -20"><span class='ocrx_word' id='word_1_96' title='bbox 650 1346 962 1424; x_wconf 64' lang='lat' dir='ltr'>Quaeres:</span> <span class='ocrx_word' id='word_1_97' title='bbox 1012 1344 1246 1428; x_wconf 82' lang='lat' dir='ltr'>quoties</span> <span class='ocrx_word' id='word_1_98' title='bbox 1291 1356 1570 1410; x_wconf 73' lang='lat' dir='ltr'>tenemur</span> <span class='ocrx_word' id='word_1_99' title='bbox 1615 1345 1685 1410; x_wconf 75' lang='lat' dir='ltr'>in</span> <span class='ocrx_word' id='word_1_100' title='bbox 1731 1345 1861 1410; x_wconf 84' lang='lat' dir='ltr'>vita</span> <span class='ocrx_word' id='word_1_101' title='bbox 1907 1345 2121 1411; x_wconf 76' lang='lat' dir='ltr'>elicere</span> <span class='ocrx_word' id='word_1_102' title='bbox 2166 1356 2375 1410; x_wconf 81' lang='lat' dir='ltr'>actum</span> <span class='ocrx_word' id='word_1_103' title='bbox 2416 1342 2612 1430; x_wconf 79' lang='lat' dir='ltr'>fidei?</span> <span class='ocrx_word' id='word_1_104' title='bbox 2671 1341 3151 1409; x_wconf 80' lang='lat' dir='ltr'>Praemittimus</span> 
     </span>
     <span class='ocr_line' id='line_1_12' title="bbox 555 1450 3147 1537; baseline -0.001 -20"><span class='ocrx_word' id='word_1_105' title='bbox 555 1452 1059 1537; x_wconf 88' lang='lat' dir='ltr'>propositiones</span> <span class='ocrx_word' id='word_1_106' title='bbox 1086 1452 1166 1520; x_wconf 91' lang='lat' dir='ltr'>ab</span> <span class='ocrx_word' id='word_1_107' title='bbox 1193 1451 1709 1521; x_wconf 79' lang='lat' dir='ltr'>Alexandro‘VII</span> <span class='ocrx_word' id='word_1_108' title='bbox 1749 1461 1813 1518; x_wconf 87' lang='lat' dir='ltr'>et</span> <span class='ocrx_word' id='word_1_109' title='bbox 1848 1451 2235 1520; x_wconf 81' lang='lat' dir='ltr'>Innocentio</span> <span class='ocrx_word' id='word_1_110' title='bbox 2276 1452 2361 1519; x_wconf 90' lang='lat' dir='ltr'>Xl</span> <span class='ocrx_word' id='word_1_111' title='bbox 2400 1450 2839 1536; x_wconf 88' lang='lat' dir='ltr'>proscriptas:</span> <span class='ocrx_word' id='word_1_112' title='bbox 2873 1450 2934 1516; x_wconf 79' lang='lat'>{⁸</span> <span class='ocrx_word' id='word_1_113' title='bbox 2969 1451 3147 1515; x_wconf 83' lang='lat' dir='ltr'>homo</span> 
     </span>
     <span class='ocr_line' id='line_1_13' title="bbox 551 1557 3146 1647; baseline -0.001 -23"><span class='ocrx_word' id='word_1_114' title='bbox 551 1559 1051 1644; x_wconf 57' lang='lat' dir='ltr'>nunnunquam</span> <span class='ocrx_word' id='word_1_115' title='bbox 1099 1560 1240 1627; x_wconf 83' lang='lat' dir='ltr'>vitae</span> <span class='ocrx_word' id='word_1_116' title='bbox 1284 1580 1414 1627; x_wconf 78' lang='lat' dir='ltr'>suae</span> <span class='ocrx_word' id='word_1_117' title='bbox 1458 1573 1729 1647; x_wconf 82' lang='lat' dir='ltr'>tempore</span> <span class='ocrx_word' id='word_1_118' title='bbox 1773 1573 2012 1628; x_wconf 70' lang='lat' dir='ltr'>tenetur</span> <span class='ocrx_word' id='word_1_119' title='bbox 2057 1559 2273 1626; x_wconf 79' lang='lat' dir='ltr'>elicere</span> <span class='ocrx_word' id='word_1_120' title='bbox 2320 1572 2531 1625; x_wconf 79' lang='lat' dir='ltr'>actum</span> <span class='ocrx_word' id='word_1_121' title='bbox 2560 1558 2720 1643; x_wconf 77' lang='lat' dir='ltr'>fidei,</span> <span class='ocrx_word' id='word_1_122' title='bbox 2756 1560 2886 1645; x_wconf 81' lang='lat' dir='ltr'>spei</span> <span class='ocrx_word' id='word_1_123' title='bbox 2911 1569 2969 1623; x_wconf 87' lang='lat' dir='ltr'>et</span> <span class='ocrx_word' id='word_1_124' title='bbox 3000 1557 3146 1623; x_wconf 82' lang='lat' dir='ltr'>cha·</span> 
     </span>
     <span class='ocr_line' id='line_1_14' title="bbox 551 1663 3151 1753; baseline -0.001 -23"><span class='ocrx_word' id='word_1_125' title='bbox 551 1666 762 1731; x_wconf 81' lang='lat' dir='ltr'>ritatis</span> <span class='ocrx_word' id='word_1_126' title='bbox 831 1686 913 1732; x_wconf 68' lang='grc' dir='ltr'>σω</span> <span class='ocrx_word' id='word_1_127' title='bbox 979 1668 1044 1733; x_wconf 88' lang='lat' dir='ltr'>vi</span> <span class='ocrx_word' id='word_1_128' title='bbox 1104 1678 1559 1753; x_wconf 68' lang='lat' dir='ltr'>praeceptorum</span> <span class='ocrx_word' id='word_1_129' title='bbox 1622 1666 1984 1733; x_wconf 79' lang='lat' dir='ltr'>divinorum</span> <span class='ocrx_word' id='word_1_130' title='bbox 2052 1666 2136 1732; x_wconf 86' lang='lat' dir='ltr'>ad</span> <span class='ocrx_word' id='word_1_131' title='bbox 2186 1685 2292 1732; x_wconf 84' lang='lat' dir='ltr'>eas</span> <span class='ocrx_word' id='word_1_132' title='bbox 2352 1665 2609 1733; x_wconf 77' lang='lat' dir='ltr'>virtutes</span> <span class='ocrx_word' id='word_1_133' title='bbox 2662 1663 3107 1752; x_wconf 80' lang='lat' dir='ltr'>pertinentium</span> <span class='ocrx_word' id='word_1_134' title='bbox 3126 1688 3151 1741; x_wconf 79' lang='lat'>,-</span> 
     </span>
     <span class='ocr_line' id='line_1_15' title="bbox 553 1771 3151 1860; baseline -0 -23"><span class='ocrx_word' id='word_1_135' title='bbox 553 1771 617 1836; x_wconf 71' lang='lat'>2⁸</span> <span class='ocrx_word' id='word_1_136' title='bbox 664 1772 811 1858; x_wconf 81' lang='lat' dir='ltr'>fides</span> <span class='ocrx_word' id='word_1_137' title='bbox 855 1792 985 1838; x_wconf 82' lang='lat' dir='ltr'>non</span> <span class='ocrx_word' id='word_1_138' title='bbox 1022 1785 1301 1841; x_wconf 80' lang='lat' dir='ltr'>censetur</span> <span class='ocrx_word' id='word_1_139' title='bbox 1345 1773 1562 1839; x_wconf 83' lang='lat' dir='ltr'>cadere</span> <span class='ocrx_word' id='word_1_140' title='bbox 1607 1775 1719 1840; x_wconf 82' lang='lat' dir='ltr'>sub</span> <span class='ocrx_word' id='word_1_141' title='bbox 1759 1784 2141 1860; x_wconf 83' lang='lat' dir='ltr'>proeceptum</span> <span class='ocrx_word' id='word_1_142' title='bbox 2194 1773 2458 1859; x_wconf 83' lang='lat' dir='ltr'>speciale</span> <span class='ocrx_word' id='word_1_143' title='bbox 2525 1772 2577 1837; x_wconf 79' lang='lat' dir='ltr'>et</span> <span class='ocrx_word' id='word_1_144' title='bbox 2656 1771 2999 1838; x_wconf 80' lang='lat' dir='ltr'>secundum</span> <span class='ocrx_word' id='word_1_145' title='bbox 3043 1792 3106 1836; x_wconf 82' lang='lat' dir='ltr'>se</span> <span class='ocrx_word' id='word_1_146' title='bbox 3128 1795 3151 1847; x_wconf 76' lang='lat'>,-</span> 
     </span>
     <span class='ocr_line' id='line_1_16' title="bbox 554 1875 3149 1966; baseline -0.002 -19"><span class='ocrx_word' id='word_1_147' title='bbox 554 1879 617 1947; x_wconf 77' lang='lat'>3⁸</span> <span class='ocrx_word' id='word_1_148' title='bbox 664 1880 818 1945; x_wconf 82' lang='lat' dir='ltr'>satis</span> <span class='ocrx_word' id='word_1_149' title='bbox 864 1892 950 1946; x_wconf 84' lang='lat' dir='ltr'>est</span> <span class='ocrx_word' id='word_1_150' title='bbox 996 1891 1203 1945; x_wconf 81' lang='lat' dir='ltr'>actum</span> <span class='ocrx_word' id='word_1_151' title='bbox 1248 1878 1390 1966; x_wconf 79' lang='lat' dir='ltr'>fidei</span> <span class='ocrx_word' id='word_1_152' title='bbox 1435 1882 1621 1947; x_wconf 84' lang='lat' dir='ltr'>semel</span> <span class='ocrx_word' id='word_1_153' title='bbox 1666 1881 1735 1946; x_wconf 82' lang='lat' dir='ltr'>in</span> <span class='ocrx_word' id='word_1_154' title='bbox 1780 1880 1909 1946; x_wconf 77' lang='lat' dir='ltr'>vita</span> <span class='ocrx_word' id='word_1_155' title='bbox 1964 1879 2223 1957; x_wconf 76' lang='lat' dir='ltr'>elicere3</span> <span class='ocrx_word' id='word_1_156' title='bbox 2271 1878 2337 1945; x_wconf 72' lang='lat'>4·</span> <span class='ocrx_word' id='word_1_157' title='bbox 2382 1879 2603 1966; x_wconf 79' lang='lat' dir='ltr'>sufficit</span> <span class='ocrx_word' id='word_1_158' title='bbox 2660 1878 2785 1943; x_wconf 81' lang='lat' dir='ltr'>ista</span> <span class='ocrx_word' id='word_1_159' title='bbox 2846 1875 3149 1963; x_wconf 75' lang='lat' dir='ltr'>mysteria</span> 
     </span>
     <span class='ocr_line' id='line_1_17' title="bbox 553 1981 2793 2072; baseline -0.001 -19"><span class='ocrx_word' id='word_1_160' title='bbox 553 1985 922 2069; x_wconf 88' lang='lat' dir='ltr'>(Trinitatis</span> <span class='ocrx_word' id='word_1_161' title='bbox 973 1993 1036 2053; x_wconf 89' lang='lat' dir='ltr'>et</span> <span class='ocrx_word' id='word_1_162' title='bbox 1086 1986 1595 2072; x_wconf 89' lang='lat' dir='ltr'>Incarnationis)</span> <span class='ocrx_word' id='word_1_163' title='bbox 1645 1986 1829 2053; x_wconf 82' lang='lat' dir='ltr'>semel</span> <span class='ocrx_word' id='word_1_164' title='bbox 1860 1985 2191 2052; x_wconf 80' lang='lat' dir='ltr'>credidisse</span> <span class='ocrx_word' id='word_1_165' title='bbox 2243 1981 2290 2051; x_wconf 83' lang='lat'>¹.</span> <span class='ocrx_word' id='word_1_166' title='bbox 2343 1987 2480 2052; x_wconf 90' lang='lat' dir='ltr'>Hoc</span> <span class='ocrx_word' id='word_1_167' title='bbox 2530 1984 2793 2069; x_wconf 87' lang='lat' dir='ltr'>posito:</span> 
     </span>
    </p>

    <p class='ocr_par' dir='ltr' id='par_1_4' title="bbox 461 2068 3153 2695">
     <span class='ocr_line' id='line_1_18' title="bbox 655 2068 3153 2178; baseline -0.002 -17"><span class='ocrx_word' id='word_1_168' title='bbox 655 2096 725 2161; x_wconf 89' lang='lat' dir='ltr'>R.</span> <span class='ocrx_word' id='word_1_169' title='bbox 776 2094 918 2160; x_wconf 83' lang='lat' dir='ltr'>Non</span> <span class='ocrx_word' id='word_1_170' title='bbox 970 2092 1130 2160; x_wconf 87' lang='lat' dir='ltr'>satis</span> <span class='ocrx_word' id='word_1_171' title='bbox 1181 2094 1487 2160; x_wconf 87' lang='lat' dir='ltr'>convenit</span> <span class='ocrx_word' id='word_1_172' title='bbox 1537 2092 1712 2160; x_wconf 89' lang='lat' dir='ltr'>inter</span> <span class='ocrx_word' id='word_1_173' title='bbox 1759 2068 2133 2177; x_wconf 64' lang='lat' dir='ltr'>&#39;fheologos</span> <span class='ocrx_word' id='word_1_174' title='bbox 2182 2091 2446 2178; x_wconf 90' lang='lat' dir='ltr'>quoties</span> <span class='ocrx_word' id='word_1_175' title='bbox 2502 2091 2565 2157; x_wconf 89' lang='lat' dir='ltr'>in</span> <span class='ocrx_word' id='word_1_176' title='bbox 2610 2092 2740 2157; x_wconf 77' lang='lat' dir='ltr'>¹vita</span> <span class='ocrx_word' id='word_1_177' title='bbox 2806 2098 3153 2158; x_wconf 84' lang='lat' dir='ltr'>teneamur</span> 
     </span>
     <span class='ocr_line' id='line_1_19' title="bbox 461 2195 3142 2285; baseline -0.001 -19"><span class='ocrx_word' id='word_1_178' title='bbox 461 2248 466 2252; x_wconf 77' lang='lat'><em>-</em></span> <span class='ocrx_word' id='word_1_179' title='bbox 577 2218 656 2266; x_wconf 85' lang='lat' dir='ltr'>ex</span> <span class='ocrx_word' id='word_1_180' title='bbox 694 2198 751 2265; x_wconf 88' lang='lat' dir='ltr'>vi</span> <span class='ocrx_word' id='word_1_181' title='bbox 802 2198 1116 2285; x_wconf 84' lang='lat' dir='ltr'>praecepti</span> <span class='ocrx_word' id='word_1_182' title='bbox 1169 2207 1387 2267; x_wconf 90' lang='lat' dir='ltr'>actum</span> <span class='ocrx_word' id='word_1_183' title='bbox 1435 2199 1583 2266; x_wconf 87' lang='lat' dir='ltr'>fidei</span> <span class='ocrx_word' id='word_1_184' title='bbox 1636 2198 1896 2267; x_wconf 89' lang='lat' dir='ltr'>elicere.</span> <span class='ocrx_word' id='word_1_185' title='bbox 1944 2199 2162 2284; x_wconf 88' lang='lat' dir='ltr'>Aliqui</span> <span class='ocrx_word' id='word_1_186' title='bbox 2213 2199 2472 2281; x_wconf 83' lang='lat' dir='ltr'>docent,</span> <span class='ocrx_word' id='word_1_187' title='bbox 2522 2197 2601 2265; x_wconf 91' lang='lat' dir='ltr'>ad</span> <span class='ocrx_word' id='word_1_188' title='bbox 2650 2196 2714 2264; x_wconf 92' lang='lat' dir='ltr'>id</span> <span class='ocrx_word' id='word_1_189' title='bbox 2762 2216 2888 2265; x_wconf 89' lang='lat' dir='ltr'>nos</span> <span class='ocrx_word' id='word_1_190' title='bbox 2940 2195 3142 2263; x_wconf 86' lang='lat' dir='ltr'>teneri</span> 
     </span>
     <span class='ocr_line' id='line_1_20' title="bbox 554 2304 3143 2393; baseline -0.003 -19"><span class='ocrx_word' id='word_1_191' title='bbox 554 2304 843 2391; x_wconf 85' lang='lat' dir='ltr'>singulis</span> <span class='ocrx_word' id='word_1_192' title='bbox 894 2306 1128 2373; x_wconf 89' lang='lat' dir='ltr'>diebus</span> <span class='ocrx_word' id='word_1_193' title='bbox 1182 2306 1384 2374; x_wconf 79' lang='lat' dir='ltr'>festis,</span> <span class='ocrx_word' id='word_1_194' title='bbox 1442 2306 1556 2373; x_wconf 87' lang='lat' dir='ltr'>Alii</span> <span class='ocrx_word' id='word_1_195' title='bbox 1608 2307 1872 2392; x_wconf 89' lang='lat' dir='ltr'>quoties</span> <span class='ocrx_word' id='word_1_196' title='bbox 1921 2306 2229 2393; x_wconf 86' lang='lat' dir='ltr'>mysteria</span> <span class='ocrx_word' id='word_1_197' title='bbox 2263 2306 2327 2372; x_wconf 91' lang='lat' dir='ltr'>in</span> <span class='ocrx_word' id='word_1_198' title='bbox 2381 2305 2669 2374; x_wconf 87' lang='lat' dir='ltr'>Ecclesia</span> <span class='ocrx_word' id='word_1_199' title='bbox 2706 2305 3143 2373; x_wconf 87' lang='lat' dir='ltr'>celebrantur.</span> 
     </span>
     <span class='ocr_line' id='line_1_21' title="bbox 552 2411 3147 2498; baseline -0.001 -18"><span class='ocrx_word' id='word_1_200' title='bbox 552 2411 675 2480; x_wconf 90' lang='lat' dir='ltr'>Alii</span> <span class='ocrx_word' id='word_1_201' title='bbox 728 2413 991 2498; x_wconf 89' lang='lat' dir='ltr'>quoties</span> <span class='ocrx_word' id='word_1_202' title='bbox 1040 2411 1106 2479; x_wconf 93' lang='lat' dir='ltr'>id</span> <span class='ocrx_word' id='word_1_203' title='bbox 1158 2414 1402 2481; x_wconf 86' lang='lat' dir='ltr'>sufficit</span> <span class='ocrx_word' id='word_1_204' title='bbox 1451 2413 1531 2480; x_wconf 92' lang='lat' dir='ltr'>ad</span> <span class='ocrx_word' id='word_1_205' title='bbox 1566 2412 1933 2498; x_wconf 83' lang='lat' dir='ltr'>profitenda</span> <span class='ocrx_word' id='word_1_206' title='bbox 1967 2413 2277 2498; x_wconf 83' lang='lat' dir='ltr'>mysteria</span> <span class='ocrx_word' id='word_1_207' title='bbox 2319 2421 2564 2482; x_wconf 85' lang='lat' dir='ltr'>nostrae</span> <span class='ocrx_word' id='word_1_208' title='bbox 2615 2412 3001 2497; x_wconf 85' lang='lat' dir='ltr'>Religionis.</span> <span class='ocrx_word' id='word_1_209' title='bbox 3036 2413 3147 2479; x_wconf 84' lang='lat' dir='ltr'>Sat</span> 
     </span>
     <span class='ocr_line' id='line_1_22' title="bbox 499 2518 3140 2605; baseline -0.001 -20"><span class='ocrx_word' id='word_1_210' title='bbox 499 2524 504 2531; x_wconf 89' lang='lat'>&#39;</span> <span class='ocrx_word' id='word_1_211' title='bbox 553 2518 993 2605; x_wconf 88' lang='lat' dir='ltr'>probabiliter</span> <span class='ocrx_word' id='word_1_212' title='bbox 1040 2519 1350 2604; x_wconf 88' lang='lat' dir='ltr'>Concina,</span> <span class='ocrx_word' id='word_1_213' title='bbox 1378 2520 1715 2605; x_wconf 77' lang='lat' dir='ltr'>Fianzoja,</span> <span class='ocrx_word' id='word_1_214' title='bbox 1753 2519 2302 2587; x_wconf 79' lang='lat' dir='ltr'>salmanticenses</span> <span class='ocrx_word' id='word_1_215' title='bbox 2336 2528 2399 2589; x_wconf 89' lang='lat' dir='ltr'>et</span> <span class='ocrx_word' id='word_1_216' title='bbox 2432 2519 2723 2587; x_wconf 86' lang='lat' dir='ltr'>Sancbez</span> <span class='ocrx_word' id='word_1_217' title='bbox 2773 2535 2930 2586; x_wconf 89' lang='lat' dir='ltr'>cum</span> <span class='ocrx_word' id='word_1_218' title='bbox 2964 2535 3140 2585; x_wconf 85' lang='lat' dir='ltr'>com-</span> 
     </span>
     <span class='ocr_line' id='line_1_23' title="bbox 553 2625 2408 2709; baseline 0.002 -18"><span class='ocrx_word' id='word_1_219' title='bbox 553 2626 736 2693; x_wconf 91' lang='lat' dir='ltr'>muni</span> <span class='ocrx_word' id='word_1_220' title='bbox 788 2625 1075 2709; x_wconf 89' lang='lat' dir='ltr'>tradunt,</span> <span class='ocrx_word' id='word_1_221' title='bbox 1125 2644 1246 2694; x_wconf 90' lang='lat' dir='ltr'>nos</span> <span class='ocrx_word' id='word_1_222' title='bbox 1298 2627 1504 2695; x_wconf 87' lang='lat' dir='ltr'>teneri</span> <span class='ocrx_word' id='word_1_223' title='bbox 1556 2628 1793 2695; x_wconf 88' lang='lat' dir='ltr'>saltem</span> <span class='ocrx_word' id='word_1_224' title='bbox 1843 2627 2047 2695; x_wconf 88' lang='lat' dir='ltr'>semel</span> <span class='ocrx_word' id='word_1_225' title='bbox 2099 2626 2164 2693; x_wconf 89' lang='lat' dir='ltr'>in</span> <span class='ocrx_word' id='word_1_226' title='bbox 2215 2642 2408 2694; x_wconf 80' lang='lat' dir='ltr'>anno,</span> 
     </span>
    </p>

    <p class='ocr_par' dir='ltr' id='par_1_5' title="bbox 547 2732 3153 4434">
     <span class='ocr_line' id='line_1_24' title="bbox 645 2732 3143 2822; baseline 0.001 -22"><span class='ocrx_word' id='word_1_227' title='bbox 645 2732 974 2819; x_wconf 87' lang='lat' dir='ltr'>Quidquid</span> <span class='ocrx_word' id='word_1_228' title='bbox 1023 2734 1142 2815; x_wconf 91' lang='lat' dir='ltr'>sit,</span> <span class='ocrx_word' id='word_1_229' title='bbox 1192 2734 1272 2801; x_wconf 90' lang='lat' dir='ltr'>ad</span> <span class='ocrx_word' id='word_1_230' title='bbox 1323 2733 1644 2802; x_wconf 87' lang='lat' dir='ltr'>tollendas</span> <span class='ocrx_word' id='word_1_231' title='bbox 1696 2734 2058 2802; x_wconf 82' lang='lat' dir='ltr'>anxietates</span> <span class='ocrx_word' id='word_1_232' title='bbox 2120 2732 2521 2803; x_wconf 80' lang='lat' dir='ltr'>advertimus</span> <span class='ocrx_word' id='word_1_233' title='bbox 2573 2733 2725 2802; x_wconf 75' lang='lat' dir='ltr'>huic¹</span> <span class='ocrx_word' id='word_1_234' title='bbox 2802 2744 3143 2822; x_wconf 81' lang='lat' dir='ltr'>praecepto</span> 
     </span>
     <span class='ocr_line' id='line_1_25' title="bbox 555 2840 3143 2928; baseline 0.002 -22"><span class='ocrx_word' id='word_1_235' title='bbox 555 2840 949 2926; x_wconf 88' lang='lat' dir='ltr'>plerumque</span> <span class='ocrx_word' id='word_1_236' title='bbox 1001 2840 1140 2908; x_wconf 88' lang='lat' dir='ltr'>fieri</span> <span class='ocrx_word' id='word_1_237' title='bbox 1194 2842 1352 2909; x_wconf 88' lang='lat' dir='ltr'>satis</span> <span class='ocrx_word' id='word_1_238' title='bbox 1399 2841 1751 2910; x_wconf 86' lang='lat' dir='ltr'>occasione</span> <span class='ocrx_word' id='word_1_239' title='bbox 1802 2841 2149 2910; x_wconf 86' lang='lat' dir='ltr'>exercendi</span> <span class='ocrx_word' id='word_1_240' title='bbox 2205 2841 2478 2909; x_wconf 90' lang='lat' dir='ltr'>aliarum</span> <span class='ocrx_word' id='word_1_241' title='bbox 2547 2842 2867 2909; x_wconf 84' lang='lat' dir='ltr'>virtutum</span> <span class='ocrx_word' id='word_1_242' title='bbox 2918 2852 3143 2928; x_wconf 79' lang='lat' dir='ltr'>actuS,</span> 
     </span>
     <span class='ocr_line' id='line_1_26' title="bbox 561 2948 3140 3034; baseline 0.003 -21"><span class='ocrx_word' id='word_1_243' title='bbox 561 2968 617 3015; x_wconf 85' lang='lat' dir='ltr'>v.</span> <span class='ocrx_word' id='word_1_244' title='bbox 668 2966 751 3034; x_wconf 87' lang='lat' dir='ltr'>g.,</span> <span class='ocrx_word' id='word_1_245' title='bbox 803 2948 1108 3016; x_wconf 90' lang='lat' dir='ltr'>audiendi</span> <span class='ocrx_word' id='word_1_246' title='bbox 1163 2950 1447 3032; x_wconf 87' lang='lat' dir='ltr'>Missam,</span> <span class='ocrx_word' id='word_1_247' title='bbox 1498 2949 1812 3017; x_wconf 87' lang='lat' dir='ltr'>adorandi</span> <span class='ocrx_word' id='word_1_248' title='bbox 1865 2949 2290 3033; x_wconf 84' lang='lat' dir='ltr'>crucifixum,</span> <span class='ocrx_word' id='word_1_249' title='bbox 2326 2949 2576 3031; x_wconf 88' lang='lat' dir='ltr'>orandi,</span> <span class='ocrx_word' id='word_1_250' title='bbox 2604 2957 2727 3018; x_wconf 90' lang='lat' dir='ltr'>etc.</span> <span class='ocrx_word' id='word_1_251' title='bbox 2746 2976 2764 3031; x_wconf 90' lang='lat'>;</span> <span class='ocrx_word' id='word_1_252' title='bbox 2800 2969 2955 3019; x_wconf 89' lang='lat' dir='ltr'>nam</span> <span class='ocrx_word' id='word_1_253' title='bbox 2999 2972 3140 3021; x_wconf 91' lang='lat' dir='ltr'>cum</span> 
     </span>
     <span class='ocr_line' id='line_1_27' title="bbox 555 3056 3145 3144; baseline 0.001 -20"><span class='ocrx_word' id='word_1_254' title='bbox 555 3057 663 3125; x_wconf 90' lang='lat' dir='ltr'>isti</span> <span class='ocrx_word' id='word_1_255' title='bbox 711 3065 894 3125; x_wconf 88' lang='lat' dir='ltr'>actus</span> <span class='ocrx_word' id='word_1_256' title='bbox 945 3056 1243 3124; x_wconf 88' lang='lat' dir='ltr'>oriantur</span> <span class='ocrx_word' id='word_1_257' title='bbox 1290 3076 1368 3125; x_wconf 84' lang='lat' dir='ltr'>ex</span> <span class='ocrx_word' id='word_1_258' title='bbox 1421 3057 1567 3140; x_wconf 84' lang='lat' dir='ltr'>fide,</span> <span class='ocrx_word' id='word_1_259' title='bbox 1620 3065 1731 3127; x_wconf 88' lang='lat' dir='ltr'>aut</span> <span class='ocrx_word' id='word_1_260' title='bbox 1782 3058 1979 3126; x_wconf 91' lang='lat' dir='ltr'>etiam</span> <span class='ocrx_word' id='word_1_261' title='bbox 2029 3077 2107 3126; x_wconf 83' lang='lat' dir='ltr'>ex</span> <span class='ocrx_word' id='word_1_262' title='bbox 2156 3075 2274 3144; x_wconf 89' lang='lat' dir='ltr'>spe</span> <span class='ocrx_word' id='word_1_263' title='bbox 2322 3066 2387 3126; x_wconf 89' lang='lat' dir='ltr'>et</span> <span class='ocrx_word' id='word_1_264' title='bbox 2436 3058 2775 3142; x_wconf 86' lang='lat' dir='ltr'>charitate,</span> <span class='ocrx_word' id='word_1_265' title='bbox 2829 3060 3145 3130; x_wconf 88' lang='lat' dir='ltr'>credibile</span> 
     </span>
     <span class='ocr_line' id='line_1_28' title="bbox 555 3163 3140 3253; baseline 0.002 -23"><span class='ocrx_word' id='word_1_266' title='bbox 555 3171 677 3246; x_wconf 89' lang='lat' dir='ltr'>est,</span> <span class='ocrx_word' id='word_1_267' title='bbox 728 3182 849 3231; x_wconf 89' lang='lat' dir='ltr'>nos</span> <span class='ocrx_word' id='word_1_268' title='bbox 894 3181 1124 3249; x_wconf 89' lang='lat' dir='ltr'>reapse</span> <span class='ocrx_word' id='word_1_269' title='bbox 1174 3163 1236 3231; x_wconf 94' lang='lat' dir='ltr'>in</span> <span class='ocrx_word' id='word_1_270' title='bbox 1289 3163 1522 3231; x_wconf 88' lang='lat' dir='ltr'>iisdem</span> <span class='ocrx_word' id='word_1_271' title='bbox 1573 3165 1902 3253; x_wconf 75' lang='lat' dir='ltr'>adjunctis</span> <span class='ocrx_word' id='word_1_272' title='bbox 1953 3172 2172 3233; x_wconf 89' lang='lat' dir='ltr'>actum</span> <span class='ocrx_word' id='word_1_273' title='bbox 2225 3164 2565 3232; x_wconf 85' lang='lat' dir='ltr'>Virtutum</span> <span class='ocrx_word' id='word_1_274' title='bbox 2619 3165 3140 3251; x_wconf 85' lang='lat' dir='ltr'>theologicarum</span> 
     </span>
     <span class='ocr_line' id='line_1_29' title="bbox 556 3271 3141 3358; baseline 0.001 -20"><span class='ocrx_word' id='word_1_275' title='bbox 556 3289 882 3339; x_wconf 82' lang='lat' dir='ltr'>exercere.</span> <span class='ocrx_word' id='word_1_276' title='bbox 934 3274 1147 3353; x_wconf 88' lang='lat' dir='ltr'>Quare</span> <span class='ocrx_word' id='word_1_277' title='bbox 1196 3272 1305 3356; x_wconf 92' lang='lat' dir='ltr'>qui</span> <span class='ocrx_word' id='word_1_278' title='bbox 1356 3271 1560 3341; x_wconf 86' lang='lat' dir='ltr'>semel</span> <span class='ocrx_word' id='word_1_279' title='bbox 1613 3273 1954 3358; x_wconf 85' lang='lat' dir='ltr'>amplexus</span> <span class='ocrx_word' id='word_1_280' title='bbox 2003 3279 2104 3341; x_wconf 89' lang='lat' dir='ltr'>est</span> <span class='ocrx_word' id='word_1_281' title='bbox 2138 3271 2330 3340; x_wconf 85' lang='lat' dir='ltr'>fidem</span> <span class='ocrx_word' id='word_1_282' title='bbox 2364 3278 2428 3339; x_wconf 91' lang='lat' dir='ltr'>et</span> <span class='ocrx_word' id='word_1_283' title='bbox 2478 3273 2833 3340; x_wconf 82' lang='lat' dir='ltr'>christiane</span> <span class='ocrx_word' id='word_1_284' title='bbox 2891 3274 3141 3355; x_wconf 83' lang='lat' dir='ltr'>vixerit,</span> 
     </span>
     <span class='ocr_line' id='line_1_30' title="bbox 555 3378 3153 3467; baseline 0.001 -22"><span class='ocrx_word' id='word_1_285' title='bbox 555 3378 850 3445; x_wconf 90' lang='lat' dir='ltr'>Paschali</span> <span class='ocrx_word' id='word_1_286' title='bbox 903 3379 1133 3447; x_wconf 88' lang='lat' dir='ltr'>saltem</span> <span class='ocrx_word' id='word_1_287' title='bbox 1185 3388 1524 3465; x_wconf 85' lang='lat' dir='ltr'>praecepto</span> <span class='ocrx_word' id='word_1_288' title='bbox 1574 3378 2084 3461; x_wconf 81' lang='lat' dir='ltr'>satisfaciendo,</span> <span class='ocrx_word' id='word_1_289' title='bbox 2140 3398 2269 3447; x_wconf 87' lang='lat' dir='ltr'>non</span> <span class='ocrx_word' id='word_1_290' title='bbox 2319 3378 2516 3447; x_wconf 86' lang='lat' dir='ltr'>debet</span> <span class='ocrx_word' id='word_1_291' title='bbox 2566 3380 2909 3464; x_wconf 91' lang='lat' dir='ltr'>dubitare,</span> <span class='ocrx_word' id='word_1_292' title='bbox 2986 3381 3153 3467; x_wconf 24' lang='lat' dir='ltr'>quin,</span> 
     </span>
     <span class='ocr_line' id='line_1_31' title="bbox 556 3476 3137 3573; baseline 0 -21"><span class='ocrx_word' id='word_1_293' title='bbox 556 3484 944 3552; x_wconf 84' lang='lat' dir='ltr'>satisfecerit</span> <span class='ocrx_word' id='word_1_294' title='bbox 995 3494 1329 3572; x_wconf 81' lang='lat' dir='ltr'>praecepto</span> <span class='ocrx_word' id='word_1_295' title='bbox 1382 3486 1533 3555; x_wconf 88' lang='lat' dir='ltr'>fidei</span> <span class='ocrx_word' id='word_1_296' title='bbox 1583 3494 1648 3555; x_wconf 88' lang='lat' dir='ltr'>et</span> <span class='ocrx_word' id='word_1_297' title='bbox 1696 3476 1896 3555; x_wconf 77' lang='lat' dir='ltr'>ettam</span> <span class='ocrx_word' id='word_1_298' title='bbox 1930 3498 1937 3507; x_wconf 87' lang='lat'>&#39;</span> <span class='ocrx_word' id='word_1_299' title='bbox 1969 3487 2107 3573; x_wconf 90' lang='lat' dir='ltr'>spei</span> <span class='ocrx_word' id='word_1_300' title='bbox 2148 3540 2164 3565; x_wconf 84' lang='lat'>,</span> <span class='ocrx_word' id='word_1_301' title='bbox 2228 3505 2307 3555; x_wconf 87' lang='lat' dir='ltr'>ex</span> <span class='ocrx_word' id='word_1_302' title='bbox 2371 3487 2865 3572; x_wconf 87' lang='lat' dir='ltr'>sapientissimo</span> <span class='ocrx_word' id='word_1_303' title='bbox 2940 3490 3137 3572; x_wconf 79' lang='lat' dir='ltr'>Lugo.</span> 
     </span>
     <span class='ocr_line' id='line_1_32' title="bbox 553 3592 3141 3680; baseline 0.001 -19"><span class='ocrx_word' id='word_1_304' title='bbox 553 3595 856 3661; x_wconf 90' lang='lat' dir='ltr'>Attamen</span> <span class='ocrx_word' id='word_1_305' title='bbox 907 3592 1182 3660; x_wconf 88' lang='lat' dir='ltr'>Parochi</span> <span class='ocrx_word' id='word_1_306' title='bbox 1233 3600 1298 3661; x_wconf 90' lang='lat' dir='ltr'>et</span> <span class='ocrx_word' id='word_1_307' title='bbox 1344 3593 1756 3677; x_wconf 82' lang='lat' dir='ltr'>sacerdoteS,</span> <span class='ocrx_word' id='word_1_308' title='bbox 1824 3593 1933 3680; x_wconf 91' lang='lat' dir='ltr'>qui</span> <span class='ocrx_word' id='word_1_309' title='bbox 1985 3594 2049 3661; x_wconf 87' lang='lat' dir='ltr'>in</span> <span class='ocrx_word' id='word_1_310' title='bbox 2114 3593 2429 3663; x_wconf 90' lang='lat' dir='ltr'>Ecclesiis</span> <span class='ocrx_word' id='word_1_311' title='bbox 2477 3594 2807 3663; x_wconf 86' lang='lat' dir='ltr'>ruralibus</span> <span class='ocrx_word' id='word_1_312' title='bbox 2858 3594 3141 3664; x_wconf 82' lang='lat' dir='ltr'>infestis</span> 
     </span>
     <span class='ocr_line' id='line_1_33' title="bbox 552 3700 3140 3788; baseline -0 -17"><span class='ocrx_word' id='word_1_313' title='bbox 552 3701 820 3771; x_wconf 88' lang='lat' dir='ltr'>Missam</span> <span class='ocrx_word' id='word_1_314' title='bbox 868 3700 1220 3784; x_wconf 86' lang='lat' dir='ltr'>celebrant,</span> <span class='ocrx_word' id='word_1_315' title='bbox 1271 3702 1692 3769; x_wconf 88' lang='lat' dir='ltr'>meminerint</span> <span class='ocrx_word' id='word_1_316' title='bbox 1739 3720 1991 3783; x_wconf 90' lang='lat' dir='ltr'>eorum,</span> <span class='ocrx_word' id='word_1_317' title='bbox 2047 3719 2195 3788; x_wconf 85' lang='lat' dir='ltr'>quae</span> <span class='ocrx_word' id='word_1_318' title='bbox 2245 3701 2646 3770; x_wconf 90' lang='lat' dir='ltr'>Benedictus</span> <span class='ocrx_word' id='word_1_319' title='bbox 2693 3704 2845 3772; x_wconf 86' lang='lat' dir='ltr'>XIV</span> <span class='ocrx_word' id='word_1_320' title='bbox 2875 3704 3140 3772; x_wconf 90' lang='lat' dir='ltr'>Consti·</span> 
     </span>
     <span class='ocr_line' id='line_1_34' title="bbox 557 3808 3142 3899; baseline 0 -22"><span class='ocrx_word' id='word_1_321' title='bbox 557 3810 814 3899; x_wconf 83' lang='lat' dir='ltr'>tutione</span> <span class='ocrx_word' id='word_1_322' title='bbox 849 3810 986 3878; x_wconf 82' lang='lat' dir='ltr'>Etsi</span> <span class='ocrx_word' id='word_1_323' title='bbox 1034 3809 1285 3876; x_wconf 82' lang='lat' dir='ltr'>minime</span> <span class='ocrx_word' id='word_1_324' title='bbox 1336 3811 1524 3889; x_wconf 72' lang='lat'>1742,</span> <span class='ocrx_word' id='word_1_325' title='bbox 1574 3808 1888 3878; x_wconf 89' lang='lat' dir='ltr'>sancivit:</span> <span class='ocrx_word' id='word_1_326' title='bbox 1940 3810 2078 3877; x_wconf 86' lang='lat' dir='ltr'>vult</span> <span class='ocrx_word' id='word_1_327' title='bbox 2130 3827 2366 3896; x_wconf 88' lang='lat' dir='ltr'>nempe</span> <span class='ocrx_word' id='word_1_328' title='bbox 2415 3817 2487 3877; x_wconf 87' lang='lat' dir='ltr'>ut</span> <span class='ocrx_word' id='word_1_329' title='bbox 2541 3821 2682 3896; x_wconf 84' lang='lat' dir='ltr'>post</span> <span class='ocrx_word' id='word_1_330' title='bbox 2735 3812 3005 3878; x_wconf 83' lang='lat' dir='ltr'>Missam</span> <span class='ocrx_word' id='word_1_331' title='bbox 3050 3811 3142 3877; x_wconf 85' lang='lat' dir='ltr'>die</span> 
     </span>
     <span class='ocr_line' id='line_1_35' title="bbox 555 3916 3136 4005; baseline 0 -20"><span class='ocrx_word' id='word_1_332' title='bbox 555 3920 707 4005; x_wconf 80' lang='lat' dir='ltr'>festo</span> <span class='ocrx_word' id='word_1_333' title='bbox 752 3917 1119 3985; x_wconf 80' lang='lat' dir='ltr'>celebratam</span> <span class='ocrx_word' id='word_1_334' title='bbox 1163 3917 1373 3983; x_wconf 81' lang='lat' dir='ltr'>statim</span> <span class='ocrx_word' id='word_1_335' title='bbox 1419 3928 1561 3983; x_wconf 82' lang='lat' dir='ltr'>ante</span> <span class='ocrx_word' id='word_1_336' title='bbox 1606 3936 1792 3985; x_wconf 83' lang='lat' dir='ltr'>aram</span> <span class='ocrx_word' id='word_1_337' title='bbox 1831 3917 2185 4004; x_wconf 77' lang='lat' dir='ltr'>provoluti,</span> <span class='ocrx_word' id='word_1_338' title='bbox 2234 3917 2411 3983; x_wconf 81' lang='lat' dir='ltr'>clara</span> <span class='ocrx_word' id='word_1_339' title='bbox 2456 3928 2512 3982; x_wconf 84' lang='lat' dir='ltr'>et</span> <span class='ocrx_word' id='word_1_340' title='bbox 2557 3916 2939 4003; x_wconf 60' lang='lat' dir='ltr'>intelligibili</span> <span class='ocrx_word' id='word_1_341' title='bbox 2982 3938 3136 3997; x_wconf 83' lang='lat' dir='ltr'>voce,</span> 
     </span>
     <span class='ocr_line' id='line_1_36' title="bbox 557 4022 3140 4110; baseline -0 -16"><span class='ocrx_word' id='word_1_342' title='bbox 557 4027 749 4094; x_wconf 84' lang='lat' dir='ltr'>dictos</span> <span class='ocrx_word' id='word_1_343' title='bbox 793 4025 1092 4092; x_wconf 81' lang='lat' dir='ltr'>virtutum</span> <span class='ocrx_word' id='word_1_344' title='bbox 1137 4035 1313 4091; x_wconf 83' lang='lat' dir='ltr'>actus</span> <span class='ocrx_word' id='word_1_345' title='bbox 1360 4022 1561 4107; x_wconf 88' lang='lat' dir='ltr'>(fidei,</span> <span class='ocrx_word' id='word_1_346' title='bbox 1613 4023 1754 4109; x_wconf 91' lang='lat' dir='ltr'>spei</span> <span class='ocrx_word' id='word_1_347' title='bbox 1804 4030 1870 4092; x_wconf 84' lang='lat' dir='ltr'>et</span> <span class='ocrx_word' id='word_1_348' title='bbox 1919 4023 2285 4108; x_wconf 85' lang='lat' dir='ltr'>charitatis)</span> <span class='ocrx_word' id='word_1_349' title='bbox 2334 4023 2603 4105; x_wconf 80' lang='lat' dir='ltr'>eliciant,</span> <span class='ocrx_word' id='word_1_350' title='bbox 2667 4035 2722 4091; x_wconf 90' lang='lat' dir='ltr'>et</span> <span class='ocrx_word' id='word_1_351' title='bbox 2762 4025 2999 4110; x_wconf 83' lang='lat' dir='ltr'>praeire</span> <span class='ocrx_word' id='word_1_352' title='bbox 3042 4046 3140 4093; x_wconf 82' lang='lat' dir='ltr'>sa·</span> 
     </span>
     <span class='ocr_line' id='line_1_37' title="bbox 552 4130 3141 4221; baseline 0 -21"><span class='ocrx_word' id='word_1_353' title='bbox 552 4145 768 4220; x_wconf 73' lang='lat' dir='ltr'>tayant</span> <span class='ocrx_word' id='word_1_354' title='bbox 808 4132 1040 4221; x_wconf 78' lang='lat' dir='ltr'>populo</span> <span class='ocrx_word' id='word_1_355' title='bbox 1086 4133 1272 4199; x_wconf 84' lang='lat' dir='ltr'>verba</span> <span class='ocrx_word' id='word_1_356' title='bbox 1301 4133 1379 4198; x_wconf 82' lang='lat' dir='ltr'>ab</span> <span class='ocrx_word' id='word_1_357' title='bbox 1426 4132 1578 4218; x_wconf 79' lang='lat' dir='ltr'>ipsis</span> <span class='ocrx_word' id='word_1_358' title='bbox 1621 4133 1872 4218; x_wconf 82' lang='lat' dir='ltr'>prolata</span> <span class='ocrx_word' id='word_1_359' title='bbox 1919 4132 2128 4198; x_wconf 78' lang='lat' dir='ltr'>devote</span> <span class='ocrx_word' id='word_1_360' title='bbox 2186 4130 2525 4198; x_wconf 74' lang='lat' dir='ltr'>redditum.</span> <span class='ocrx_word' id='word_1_361' title='bbox 2573 4134 2707 4199; x_wconf 84' lang='lat' dir='ltr'>Hoc</span> <span class='ocrx_word' id='word_1_362' title='bbox 2751 4134 2920 4200; x_wconf 83' lang='lat' dir='ltr'>enim</span> <span class='ocrx_word' id='word_1_363' title='bbox 2958 4145 3141 4220; x_wconf 83' lang='lat' dir='ltr'>pacto</span> 
     </span>
     <span class='ocr_line' id='line_1_38' title="bbox 547 4238 3139 4327; baseline 0 -19"><span class='ocrx_word' id='word_1_364' title='bbox 547 4242 771 4327; x_wconf 77' lang='lat' dir='ltr'>fideles,</span> <span class='ocrx_word' id='word_1_365' title='bbox 818 4244 1049 4308; x_wconf 84' lang='lat' dir='ltr'>sensim</span> <span class='ocrx_word' id='word_1_366' title='bbox 1093 4242 1234 4309; x_wconf 82' lang='lat' dir='ltr'>illos</span> <span class='ocrx_word' id='word_1_367' title='bbox 1279 4243 1595 4307; x_wconf 69' lang='lat' dir='ltr'>memoriae</span> <span class='ocrx_word' id='word_1_368' title='bbox 1635 4241 2039 4322; x_wconf 71' lang='lat' dir='ltr'>mandabunt,</span> <span class='ocrx_word' id='word_1_369' title='bbox 2074 4252 2129 4307; x_wconf 91' lang='lat' dir='ltr'>et</span> <span class='ocrx_word' id='word_1_370' title='bbox 2164 4248 2513 4308; x_wconf 79' lang='lat' dir='ltr'>assuescent</span> <span class='ocrx_word' id='word_1_371' title='bbox 2543 4238 2772 4307; x_wconf 78' lang='lat' dir='ltr'>nedum</span> <span class='ocrx_word' id='word_1_372' title='bbox 2806 4240 3003 4327; x_wconf 79' lang='lat' dir='ltr'>festis,</span> <span class='ocrx_word' id='word_1_373' title='bbox 3038 4240 3139 4309; x_wconf 75' lang='lat' dir='ltr'>sed</span> 
     </span>
     <span class='ocr_line' id='line_1_39' title="bbox 549 4347 2405 4434; baseline 0.001 -21"><span class='ocrx_word' id='word_1_374' title='bbox 549 4348 697 4414; x_wconf 83' lang='lat' dir='ltr'>aliis</span> <span class='ocrx_word' id='word_1_375' title='bbox 740 4349 927 4416; x_wconf 83' lang='lat' dir='ltr'>etiam</span> <span class='ocrx_word' id='word_1_376' title='bbox 971 4348 1179 4416; x_wconf 79' lang='lat' dir='ltr'>diebus</span> <span class='ocrx_word' id='word_1_377' title='bbox 1223 4349 1308 4419; x_wconf 70' lang='lat' dir='ltr'>im</span> <span class='ocrx_word' id='word_1_378' title='bbox 1327 4348 1439 4434; x_wconf 86' lang='lat' dir='ltr'>pia</span> <span class='ocrx_word' id='word_1_379' title='bbox 1486 4347 1929 4415; x_wconf 75' lang='lat' dir='ltr'>eoeercitatioize</span> <span class='ocrx_word' id='word_1_380' title='bbox 1975 4348 2221 4414; x_wconf 79' lang='lat' dir='ltr'>versari</span> <span class='ocrx_word' id='word_1_381' title='bbox 2269 4348 2405 4431; x_wconf 82' lang='lat' dir='ltr'><em>(F).</em></span> 
     </span>
    </p>
   </div>
   <div class='ocr_carea' id='block_1_3' title="bbox 618 4576 2604 4640">
    <p class='ocr_par' dir='ltr' id='par_1_6' title="bbox 618 4576 2604 4640">
     <span class='ocr_line' id='line_1_40' title="bbox 618 4576 2604 4640; baseline 0.001 -13"><span class='ocrx_word' id='word_1_382' title='bbox 618 4578 634 4612; x_wconf 86' lang='lat'>¹</span> <span class='ocrx_word' id='word_1_383' title='bbox 669 4577 965 4628; x_wconf 79' lang='lat' dir='ltr'>Alexander</span> <span class='ocrx_word' id='word_1_384' title='bbox 1003 4579 1110 4639; x_wconf 68' lang='lat' dir='ltr'>vn,</span> <span class='ocrx_word' id='word_1_385' title='bbox 1144 4576 1244 4628; x_wconf 88' lang='lat' dir='ltr'>sub</span> <span class='ocrx_word' id='word_1_386' title='bbox 1278 4588 1331 4627; x_wconf 91' lang='lat' dir='ltr'>n.</span> <span class='ocrx_word' id='word_1_387' title='bbox 1370 4578 1423 4640; x_wconf 69' lang='grc' dir='ltr'>ις</span> <span class='ocrx_word' id='word_1_388' title='bbox 1459 4578 1802 4628; x_wconf 79' lang='lat' dir='ltr'>Innocentius</span> <span class='ocrx_word' id='word_1_389' title='bbox 1836 4576 1926 4635; x_wconf 78' lang='lat' dir='ltr'>xl,</span> <span class='ocrx_word' id='word_1_390' title='bbox 1962 4577 2063 4627; x_wconf 81' lang='lat' dir='ltr'>sub</span> <span class='ocrx_word' id='word_1_391' title='bbox 2098 4588 2189 4627; x_wconf 89' lang='lat' dir='ltr'>nn.</span> <span class='ocrx_word' id='word_1_392' title='bbox 2228 4578 2306 4636; x_wconf 76' lang='lat'>16,</span> <span class='ocrx_word' id='word_1_393' title='bbox 2345 4580 2401 4628; x_wconf 78' lang='lat'>17</span> <span class='ocrx_word' id='word_1_394' title='bbox 2437 4580 2490 4628; x_wconf 85' lang='lat' dir='ltr'>et</span> <span class='ocrx_word' id='word_1_395' title='bbox 2524 4579 2604 4628; x_wconf 57' lang='grc' dir='ltr'>ὦ.</span> 
     </span>
    </p>
   </div>
  </div>
 </body>
</html>
