<?xml version="1.0" encoding="UTF-8"?>
<!DOCTYPE html PUBLIC "-//W3C//DTD XHTML 1.0 Transitional//EN"
    "http://www.w3.org/TR/xhtml1/DTD/xhtml1-transitional.dtd">
<html xmlns="http://www.w3.org/1999/xhtml" xml:lang="en" lang="en">
 <head>
  <title>
</title>
<meta http-equiv="Content-Type" content="text/html;charset=utf-8" />
  <meta name='ocr-system' content='tesseract 3.04.00' />
  <meta name='ocr-capabilities' content='ocr_page ocr_carea ocr_par ocr_line ocrx_word'/>
</head>
<body>
  <div class='ocr_page' id='page_1' title='image "./theologiamorali04scavgoog_0042.png"; bbox 0 0 3292 5167; ppageno 0'>
   <div class='ocr_carea' id='block_1_1' title="bbox 498 316 2358 384">
    <p class='ocr_par' dir='ltr' id='par_1_1' title="bbox 498 316 2358 384">
     <span class='ocr_line' id='line_1_1' title="bbox 498 316 2358 384; baseline -0.001 -1"><span class='ocrx_word' id='word_1_1' title='bbox 498 316 590 384; x_wconf 79' lang='lat'>38</span> <span class='ocrx_word' id='word_1_2' title='bbox 1185 336 1302 383; x_wconf 77' lang='lat' dir='ltr'>un.</span> <span class='ocrx_word' id='word_1_3' title='bbox 1350 336 1414 381; x_wconf 89' lang='lat'>11.</span> <span class='ocrx_word' id='word_1_4' title='bbox 1461 337 1672 383; x_wconf 60' lang='lat' dir='ltr'>rnaor.</span> <span class='ocrx_word' id='word_1_5' title='bbox 1720 338 1775 382; x_wconf 89' lang='lat' dir='ltr'>v.</span> <span class='ocrx_word' id='word_1_6' title='bbox 1824 337 1974 382; x_wconf 67' lang='lat' dir='ltr'>nise.</span> <span class='ocrx_word' id='word_1_7' title='bbox 2023 336 2063 380; x_wconf 89' lang='lat'>1.</span> <span class='ocrx_word' id='word_1_8' title='bbox 2112 336 2242 382; x_wconf 68' lang='lat' dir='ltr'>car.</span> <span class='ocrx_word' id='word_1_9' title='bbox 2296 336 2358 383; x_wconf 81' lang='grc' dir='ltr'>ιι.</span> 
     </span>
    </p>
   </div>
   <div class='ocr_carea' id='block_1_2' title="bbox 497 438 3088 681">
    <p class='ocr_par' dir='ltr' id='par_1_2' title="bbox 497 438 3088 681">
     <span class='ocr_line' id='line_1_2' title="bbox 665 438 3088 520; baseline 0 -17"><span class='ocrx_word' id='word_1_10' title='bbox 665 441 722 504; x_wconf 88' lang='grc'>3.</span> <span class='ocrx_word' id='word_1_11' title='bbox 769 440 1036 502; x_wconf 78' lang='lat' dir='ltr'>Ratione</span> <span class='ocrx_word' id='word_1_12' title='bbox 1083 441 1373 518; x_wconf 66' lang='lat' dir='ltr'>temporis</span> <span class='ocrx_word' id='word_1_13' title='bbox 1401 493 1416 514; x_wconf 90' lang='lat'><strong><em>‚</em></strong></span> <span class='ocrx_word' id='word_1_14' title='bbox 1463 458 1586 520; x_wconf 90' lang='lat' dir='ltr'>quo</span> <span class='ocrx_word' id='word_1_15' title='bbox 1630 438 2203 519; x_wconf 87' lang='lat' dir='ltr'>comprehenditur</span> <span class='ocrx_word' id='word_1_16' title='bbox 2246 441 2539 503; x_wconf 78' lang='lat' dir='ltr'>executio</span> <span class='ocrx_word' id='word_1_17' title='bbox 2587 441 2678 503; x_wconf 91' lang='lat' dir='ltr'>rei</span> <span class='ocrx_word' id='word_1_18' title='bbox 2748 449 2894 503; x_wconf 86' lang='lat' dir='ltr'>voto</span> <span class='ocrx_word' id='word_1_19' title='bbox 2943 456 3088 520; x_wconf 87' lang='lat' dir='ltr'>pro·</span> 
     </span>
     <span class='ocr_line' id='line_1_3' title="bbox 497 519 3085 614; baseline 0 -31"><span class='ocrx_word' id='word_1_20' title='bbox 497 521 747 594; x_wconf 79' lang='lat' dir='ltr'>missae;</span> <span class='ocrx_word' id='word_1_21' title='bbox 789 527 854 612; x_wconf 84' lang='lat' dir='ltr'>et</span> <span class='ocrx_word' id='word_1_22' title='bbox 893 526 1112 611; x_wconf 74' lang='lat' dir='ltr'>votum</span> <span class='ocrx_word' id='word_1_23' title='bbox 1156 520 1328 582; x_wconf 88' lang='lat' dir='ltr'>aliud</span> <span class='ocrx_word' id='word_1_24' title='bbox 1378 531 1474 583; x_wconf 90' lang='lat' dir='ltr'>est</span> <span class='ocrx_word' id='word_1_25' title='bbox 1519 527 2003 614; x_wconf 68' lang='lat' dir='ltr'>temporaneum,</span> <span class='ocrx_word' id='word_1_26' title='bbox 2070 519 2242 582; x_wconf 86' lang='lat' dir='ltr'>aliud</span> <span class='ocrx_word' id='word_1_27' title='bbox 2285 529 2672 614; x_wconf 61' lang='lat' dir='ltr'>perpetuum.</span> <span class='ocrx_word' id='word_1_28' title='bbox 2719 555 2796 566; x_wconf 92' lang='lat'><strong>—</strong></span> <span class='ocrx_word' id='word_1_29' title='bbox 2847 520 3085 614; x_wconf 80' lang='lat' dir='ltr'>Tempo-</span> 
     </span>
     <span class='ocr_line' id='line_1_4' title="bbox 499 593 3086 681; baseline 0.001 -19"><span class='ocrx_word' id='word_1_30' title='bbox 499 616 761 663; x_wconf 77' lang='lat' dir='ltr'>raneum</span> <span class='ocrx_word' id='word_1_31' title='bbox 806 593 1118 663; x_wconf 79' lang='lat' dir='ltr'>limitatur</span> <span class='ocrx_word' id='word_1_32' title='bbox 1161 601 1237 664; x_wconf 86' lang='lat' dir='ltr'>ad</span> <span class='ocrx_word' id='word_1_33' title='bbox 1287 610 1536 680; x_wconf 90' lang='lat' dir='ltr'>tempus</span> <span class='ocrx_word' id='word_1_34' title='bbox 1578 601 2107 675; x_wconf 83' lang='lat' dir='ltr'>determinatum,</span> <span class='ocrx_word' id='word_1_35' title='bbox 2151 616 2207 662; x_wconf 84' lang='lat' dir='ltr'>v.</span> <span class='ocrx_word' id='word_1_36' title='bbox 2253 619 2308 677; x_wconf 83' lang='lat' dir='ltr'>g.</span> <span class='ocrx_word' id='word_1_37' title='bbox 2355 616 2558 664; x_wconf 89' lang='lat' dir='ltr'>voveo</span> <span class='ocrx_word' id='word_1_38' title='bbox 2584 602 2906 681; x_wconf 70' lang='lat' dir='ltr'>jejunium</span> <span class='ocrx_word' id='word_1_39' title='bbox 2954 616 3086 664; x_wconf 79' lang='lat' dir='ltr'>sin·</span> 
     </span>
    </p>
   </div>
   <div class='ocr_carea' id='block_1_3' title="bbox 501 678 3091 842">
    <p class='ocr_par' dir='ltr' id='par_1_3' title="bbox 501 678 3091 842">
     <span class='ocr_line' id='line_1_5' title="bbox 501 678 3091 761; baseline 0.001 -20"><span class='ocrx_word' id='word_1_40' title='bbox 501 680 669 760; x_wconf 88' lang='lat' dir='ltr'>gulis</span> <span class='ocrx_word' id='word_1_41' title='bbox 711 678 989 743; x_wconf 82' lang='lat' dir='ltr'><strong>sabbatis</strong></span> <span class='ocrx_word' id='word_1_42' title='bbox 1034 697 1145 761; x_wconf 90' lang='lat' dir='ltr'>per</span> <span class='ocrx_word' id='word_1_43' title='bbox 1189 683 1342 743; x_wconf 87' lang='lat' dir='ltr'>anni</span> <span class='ocrx_word' id='word_1_44' title='bbox 1376 683 1672 761; x_wconf 84' lang='lat' dir='ltr'>spatium.</span> <span class='ocrx_word' id='word_1_45' title='bbox 1705 682 2079 761; x_wconf 75' lang='lat' dir='ltr'>Perpetuam</span> <span class='ocrx_word' id='word_1_46' title='bbox 2108 681 2482 746; x_wconf 78' lang='lat' dir='ltr'>extenditur</span> <span class='ocrx_word' id='word_1_47' title='bbox 2511 682 2589 745; x_wconf 83' lang='lat' dir='ltr'>ad</span> <span class='ocrx_word' id='word_1_48' title='bbox 2629 690 2825 746; x_wconf 90' lang='lat' dir='ltr'>totam</span> <span class='ocrx_word' id='word_1_49' title='bbox 2859 683 3091 746; x_wconf 85' lang='lat' dir='ltr'>vitam:</span> 
     </span>
     <span class='ocr_line' id='line_1_6' title="bbox 502 760 2405 842; baseline 0.001 -19"><span class='ocrx_word' id='word_1_50' title='bbox 502 760 629 824; x_wconf 87' lang='lat' dir='ltr'>tale</span> <span class='ocrx_word' id='word_1_51' title='bbox 672 769 771 823; x_wconf 84' lang='lat' dir='ltr'>est</span> <span class='ocrx_word' id='word_1_52' title='bbox 811 772 1027 824; x_wconf 89' lang='lat' dir='ltr'>votum</span> <span class='ocrx_word' id='word_1_53' title='bbox 1073 761 1482 841; x_wconf 89' lang='lat' dir='ltr'>ingrediendi</span> <span class='ocrx_word' id='word_1_54' title='bbox 1528 761 1930 842; x_wconf 85' lang='lat' dir='ltr'>Religionem</span> <span class='ocrx_word' id='word_1_55' title='bbox 1972 762 2405 842; x_wconf 82' lang='lat' dir='ltr'>approbatam.</span> 
     </span>
    </p>
   </div>
   <div class='ocr_carea' id='block_1_4' title="bbox 463 919 3127 4541">
    <p class='ocr_par' dir='ltr' id='par_1_4' title="bbox 588 919 1889 1004">
     <span class='ocr_line' id='line_1_7' title="bbox 588 919 1889 1004; baseline 0.001 -22"><span class='ocrx_word' id='word_1_56' title='bbox 588 921 735 982; x_wconf 65' lang='lat'>5².</span> <span class='ocrx_word' id='word_1_57' title='bbox 782 919 853 997; x_wconf 89' lang='lat' dir='ltr'>Q.</span> <span class='ocrx_word' id='word_1_58' title='bbox 902 919 963 984; x_wconf 79' lang='lat'>2.</span> <span class='ocrx_word' id='word_1_59' title='bbox 1015 919 1285 1000; x_wconf 78' lang='lat' dir='ltr'>Quinam</span> <span class='ocrx_word' id='word_1_60' title='bbox 1326 929 1587 1004; x_wconf 75' lang='lat' dir='ltr'>possunt</span> <span class='ocrx_word' id='word_1_61' title='bbox 1628 925 1889 984; x_wconf 81' lang='lat' dir='ltr'>vovere?</span> 
     </span>
    </p>

    <p class='ocr_par' dir='ltr' id='par_1_5' title="bbox 504 1022 3098 1533">
     <span class='ocr_line' id='line_1_8' title="bbox 592 1022 3093 1110; baseline 0 -18"><span class='ocrx_word' id='word_1_62' title='bbox 592 1025 662 1092; x_wconf 87' lang='lat' dir='ltr'>R.</span> <span class='ocrx_word' id='word_1_63' title='bbox 703 1024 945 1092; x_wconf 89' lang='lat' dir='ltr'>Omnes</span> <span class='ocrx_word' id='word_1_64' title='bbox 994 1033 1275 1110; x_wconf 87' lang='lat' dir='ltr'>possunt</span> <span class='ocrx_word' id='word_1_65' title='bbox 1322 1042 1577 1106; x_wconf 89' lang='lat' dir='ltr'>vovere,</span> <span class='ocrx_word' id='word_1_66' title='bbox 1618 1024 1729 1110; x_wconf 91' lang='lat' dir='ltr'>qui</span> <span class='ocrx_word' id='word_1_67' title='bbox 1765 1022 2206 1093; x_wconf 88' lang='lat' dir='ltr'>sufficientem</span> <span class='ocrx_word' id='word_1_68' title='bbox 2256 1024 2501 1093; x_wconf 87' lang='lat' dir='ltr'>habent</span> <span class='ocrx_word' id='word_1_69' title='bbox 2549 1024 2823 1092; x_wconf 87' lang='lat' dir='ltr'>rationis</span> <span class='ocrx_word' id='word_1_70' title='bbox 2872 1039 3093 1106; x_wconf 89' lang='lat' dir='ltr'>usum,</span> 
     </span>
     <span class='ocr_line' id='line_1_9' title="bbox 504 1131 3097 1217; baseline -0 -16"><span class='ocrx_word' id='word_1_71' title='bbox 504 1149 628 1201; x_wconf 88' lang='lat' dir='ltr'>nec</span> <span class='ocrx_word' id='word_1_72' title='bbox 679 1131 969 1216; x_wconf 83' lang='lat' dir='ltr'>legitime</span> <span class='ocrx_word' id='word_1_73' title='bbox 1018 1141 1173 1200; x_wconf 92' lang='lat' dir='ltr'>sunt</span> <span class='ocrx_word' id='word_1_74' title='bbox 1220 1132 1557 1217; x_wconf 90' lang='lat' dir='ltr'>impediti;</span> <span class='ocrx_word' id='word_1_75' title='bbox 1610 1131 1718 1199; x_wconf 88' lang='lat' dir='ltr'>isti</span> <span class='ocrx_word' id='word_1_76' title='bbox 1769 1131 1943 1199; x_wconf 86' lang='lat' dir='ltr'>enim</span> <span class='ocrx_word' id='word_1_77' title='bbox 1994 1139 2061 1199; x_wconf 89' lang='lat' dir='ltr'>et</span> <span class='ocrx_word' id='word_1_78' title='bbox 2107 1133 2241 1199; x_wconf 87' lang='lat' dir='ltr'>voti</span> <span class='ocrx_word' id='word_1_79' title='bbox 2314 1139 2616 1200; x_wconf 86' lang='lat' dir='ltr'>naturam</span> <span class='ocrx_word' id='word_1_80' title='bbox 2688 1148 3097 1217; x_wconf 80' lang='lat' dir='ltr'>cognoscere</span> 
     </span>
     <span class='ocr_line' id='line_1_10' title="bbox 513 1238 3098 1336; baseline 0 -29"><span class='ocrx_word' id='word_1_81' title='bbox 513 1246 578 1307; x_wconf 90' lang='lat' dir='ltr'>et</span> <span class='ocrx_word' id='word_1_82' title='bbox 627 1238 1065 1307; x_wconf 76' lang='lat' dir='ltr'>cultum&#39;Deo</span> <span class='ocrx_word' id='word_1_83' title='bbox 1119 1239 1434 1336; x_wconf 71' lang='lat' dir='ltr'>exhibere</span> <span class='ocrx_word' id='word_1_84' title='bbox 1480 1246 1753 1325; x_wconf 88' lang='lat' dir='ltr'>queunt.</span> <span class='ocrx_word' id='word_1_85' title='bbox 1805 1241 1969 1307; x_wconf 91' lang='lat' dir='ltr'>Cum</span> <span class='ocrx_word' id='word_1_86' title='bbox 2018 1246 2239 1307; x_wconf 89' lang='lat' dir='ltr'>autem</span> <span class='ocrx_word' id='word_1_87' title='bbox 2287 1257 2451 1306; x_wconf 89' lang='lat' dir='ltr'>usus</span> <span class='ocrx_word' id='word_1_88' title='bbox 2516 1238 2784 1307; x_wconf 90' lang='lat' dir='ltr'>rationis</span> <span class='ocrx_word' id='word_1_89' title='bbox 2843 1256 3098 1323; x_wconf 83' lang='lat' dir='ltr'>praesu·</span> 
     </span>
     <span class='ocr_line' id='line_1_11' title="bbox 506 1345 3097 1432; baseline 0 -18"><span class='ocrx_word' id='word_1_90' title='bbox 506 1352 731 1414; x_wconf 82' lang='lat' dir='ltr'>matur</span> <span class='ocrx_word' id='word_1_91' title='bbox 779 1351 928 1431; x_wconf 88' lang='lat' dir='ltr'>post</span> <span class='ocrx_word' id='word_1_92' title='bbox 978 1345 1432 1431; x_wconf 81' lang='lat' dir='ltr'>septennium3</span> <span class='ocrx_word' id='word_1_93' title='bbox 1482 1346 1723 1415; x_wconf 88' lang='lat' dir='ltr'>iccirco</span> <span class='ocrx_word' id='word_1_94' title='bbox 1783 1354 1932 1413; x_wconf 86' lang='lat' dir='ltr'>vota</span> <span class='ocrx_word' id='word_1_95' title='bbox 1982 1353 2135 1413; x_wconf 88' lang='lat' dir='ltr'>ante</span> <span class='ocrx_word' id='word_1_96' title='bbox 2183 1346 2606 1432; x_wconf 88' lang='lat' dir='ltr'>septennium</span> <span class='ocrx_word' id='word_1_97' title='bbox 2655 1349 2894 1426; x_wconf 80' lang='lat' dir='ltr'>emissa</span> <span class='ocrx_word' id='word_1_98' title='bbox 2943 1363 3097 1414; x_wconf 89' lang='lat' dir='ltr'>cen-</span> 
     </span>
     <span class='ocr_line' id='line_1_12' title="bbox 507 1444 3094 1533; baseline -0.001 -11"><span class='ocrx_word' id='word_1_99' title='bbox 507 1461 739 1523; x_wconf 87' lang='lat' dir='ltr'>sentur</span> <span class='ocrx_word' id='word_1_100' title='bbox 770 1444 1077 1533; x_wconf 66' lang='lat' dir='ltr'>invalida,</span> <span class='ocrx_word' id='word_1_101' title='bbox 1106 1455 1227 1521; x_wconf 86' lang='lat' dir='ltr'>nisi</span> <span class='ocrx_word' id='word_1_102' title='bbox 1265 1472 1346 1522; x_wconf 82' lang='lat' dir='ltr'>ex</span> <span class='ocrx_word' id='word_1_103' title='bbox 1384 1454 1905 1523; x_wconf 84' lang='lat' dir='ltr'>circumstantiis</span> <span class='ocrx_word' id='word_1_104' title='bbox 1941 1461 2203 1523; x_wconf 90' lang='lat' dir='ltr'>constet</span> <span class='ocrx_word' id='word_1_105' title='bbox 2239 1472 2435 1521; x_wconf 90' lang='lat' dir='ltr'>nsum</span> <span class='ocrx_word' id='word_1_106' title='bbox 2470 1453 2743 1521; x_wconf 86' lang='lat' dir='ltr'>rationis</span> <span class='ocrx_word' id='word_1_107' title='bbox 2778 1454 3094 1521; x_wconf 82' lang='lat' dir='ltr'>abfuisse.</span> 
     </span>
    </p>

    <p class='ocr_par' dir='ltr' id='par_1_6' title="bbox 463 1561 3106 2828">
     <span class='ocr_line' id='line_1_13' title="bbox 595 1561 3097 1649; baseline 0 -21"><span class='ocrx_word' id='word_1_108' title='bbox 595 1561 927 1629; x_wconf 84' lang='lat' dir='ltr'>Diximus:</span> <span class='ocrx_word' id='word_1_109' title='bbox 973 1581 1084 1628; x_wconf 78' lang='lat' dir='ltr'>nec</span> <span class='ocrx_word' id='word_1_110' title='bbox 1132 1562 1397 1647; x_wconf 74' lang='lat' dir='ltr'>leqitime</span> <span class='ocrx_word' id='word_1_111' title='bbox 1440 1574 1588 1629; x_wconf 81' lang='lat' dir='ltr'>sunt</span> <span class='ocrx_word' id='word_1_112' title='bbox 1632 1562 1912 1649; x_wconf 78' lang='lat' dir='ltr'>impediti</span> <span class='ocrx_word' id='word_1_113' title='bbox 1926 1587 1952 1640; x_wconf 92' lang='lat'><em>;</em></span> <span class='ocrx_word' id='word_1_114' title='bbox 2007 1578 2156 1628; x_wconf 85' lang='lat' dir='ltr'>nam</span> <span class='ocrx_word' id='word_1_115' title='bbox 2208 1569 2429 1646; x_wconf 87' lang='lat' dir='ltr'>potest</span> <span class='ocrx_word' id='word_1_116' title='bbox 2480 1562 2691 1647; x_wconf 84' lang='lat' dir='ltr'>quisa</span> <span class='ocrx_word' id='word_1_117' title='bbox 2740 1563 2873 1629; x_wconf 89' lang='lat' dir='ltr'>voti</span> <span class='ocrx_word' id='word_1_118' title='bbox 2921 1579 3097 1629; x_wconf 91' lang='lat' dir='ltr'>nun-</span> 
     </span>
     <span class='ocr_line' id='line_1_14' title="bbox 508 1666 3098 1755; baseline -0.001 -20"><span class='ocrx_word' id='word_1_119' title='bbox 508 1668 862 1753; x_wconf 88' lang='lat' dir='ltr'>cupatione</span> <span class='ocrx_word' id='word_1_120' title='bbox 912 1667 1202 1753; x_wconf 87' lang='lat' dir='ltr'>legitime</span> <span class='ocrx_word' id='word_1_121' title='bbox 1238 1668 1559 1754; x_wconf 88' lang='lat' dir='ltr'>impediri,</span> <span class='ocrx_word' id='word_1_122' title='bbox 1609 1668 1809 1736; x_wconf 88' lang='lat' dir='ltr'>etiam</span> <span class='ocrx_word' id='word_1_123' title='bbox 1858 1675 2013 1755; x_wconf 90' lang='lat' dir='ltr'>post</span> <span class='ocrx_word' id='word_1_124' title='bbox 2060 1668 2499 1737; x_wconf 88' lang='lat' dir='ltr'>sufficientem</span> <span class='ocrx_word' id='word_1_125' title='bbox 2548 1686 2744 1735; x_wconf 87' lang='lat' dir='ltr'>usum</span> <span class='ocrx_word' id='word_1_126' title='bbox 2784 1666 3098 1735; x_wconf 87' lang='lat' dir='ltr'>rationis:</span> 
     </span>
     <span class='ocr_line' id='line_1_15' title="bbox 463 1774 3102 1862; baseline 0 -22"><span class='ocrx_word' id='word_1_127' title='bbox 463 1777 470 1785; x_wconf 87' lang='lat'>&#39;</span> <span class='ocrx_word' id='word_1_128' title='bbox 509 1775 576 1861; x_wconf 81' lang='lat'>1)</span> <span class='ocrx_word' id='word_1_129' title='bbox 623 1777 993 1842; x_wconf 78' lang='lat' dir='ltr'>auctoritate</span> <span class='ocrx_word' id='word_1_130' title='bbox 1036 1777 1357 1859; x_wconf 73' lang='lat' dir='ltr'>Ecclesioe,·</span> <span class='ocrx_word' id='word_1_131' title='bbox 1391 1777 1655 1862; x_wconf 85' lang='lat' dir='ltr'>quando</span> <span class='ocrx_word' id='word_1_132' title='bbox 1704 1776 2002 1845; x_wconf 87' lang='lat' dir='ltr'>Ecclesia</span> <span class='ocrx_word' id='word_1_133' title='bbox 2037 1775 2356 1861; x_wconf 87' lang='lat' dir='ltr'>quasdam</span> <span class='ocrx_word' id='word_1_134' title='bbox 2391 1776 2784 1843; x_wconf 86' lang='lat' dir='ltr'>voventibus</span> <span class='ocrx_word' id='word_1_135' title='bbox 2818 1774 3102 1859; x_wconf 87' lang='lat' dir='ltr'>imponit</span> 
     </span>
     <span class='ocr_line' id='line_1_16' title="bbox 510 1881 3100 1967; baseline -0.001 -16"><span class='ocrx_word' id='word_1_136' title='bbox 510 1882 951 1962; x_wconf 58' lang='lat' dir='ltr'>conditiones</span> <span class='ocrx_word' id='word_1_137' title='bbox 1003 1882 1247 1967; x_wconf 90' lang='lat' dir='ltr'>quibus</span> <span class='ocrx_word' id='word_1_138' title='bbox 1295 1902 1426 1951; x_wconf 91' lang='lat' dir='ltr'>non</span> <span class='ocrx_word' id='word_1_139' title='bbox 1478 1884 1781 1965; x_wconf 87' lang='lat' dir='ltr'>servatis,</span> <span class='ocrx_word' id='word_1_140' title='bbox 1833 1891 2060 1952; x_wconf 91' lang='lat' dir='ltr'>votum</span> <span class='ocrx_word' id='word_1_141' title='bbox 2135 1890 2238 1951; x_wconf 89' lang='lat' dir='ltr'>est</span> <span class='ocrx_word' id='word_1_142' title='bbox 2285 1882 2563 1951; x_wconf 90' lang='lat' dir='ltr'>nullum.</span> <span class='ocrx_word' id='word_1_143' title='bbox 2613 1884 2722 1951; x_wconf 90' lang='lat' dir='ltr'>Sic</span> <span class='ocrx_word' id='word_1_144' title='bbox 2770 1881 3100 1951; x_wconf 89' lang='lat' dir='ltr'>Tridenti-</span> 
     </span>
     <span class='ocr_line' id='line_1_17' title="bbox 516 1973 3101 2077; baseline -0 -21"><span class='ocrx_word' id='word_1_145' title='bbox 516 2006 673 2056; x_wconf 93' lang='lat' dir='ltr'>num</span> <span class='ocrx_word' id='word_1_146' title='bbox 725 1990 1132 2076; x_wconf 86' lang='lat' dir='ltr'>praescripsit</span> <span class='ocrx_word' id='word_1_147' title='bbox 1180 1973 1778 2059; x_wconf 78' lang='lat' dir='ltr'>decimumsextum</span> <span class='ocrx_word' id='word_1_148' title='bbox 1827 2009 2073 2059; x_wconf 90' lang='lat' dir='ltr'>annum</span> <span class='ocrx_word' id='word_1_149' title='bbox 2108 1993 2513 2077; x_wconf 87' lang='lat' dir='ltr'>completum</span> <span class='ocrx_word' id='word_1_150' title='bbox 2564 2010 2684 2077; x_wconf 92' lang='lat' dir='ltr'>pro</span> <span class='ocrx_word' id='word_1_151' title='bbox 2735 1988 3101 2059; x_wconf 87' lang='lat' dir='ltr'>emittenda</span> 
     </span>
     <span class='ocr_line' id='line_1_18' title="bbox 510 2097 3104 2184; baseline 0.001 -21"><span class='ocrx_word' id='word_1_152' title='bbox 510 2098 923 2184; x_wconf 78' lang='lat' dir='ltr'>professione</span> <span class='ocrx_word' id='word_1_153' title='bbox 958 2098 1296 2183; x_wconf 89' lang='lat' dir='ltr'>religiosa:</span> <span class='ocrx_word' id='word_1_154' title='bbox 1336 2098 1483 2167; x_wconf 90' lang='lat' dir='ltr'>ideo</span> <span class='ocrx_word' id='word_1_155' title='bbox 1518 2107 1695 2168; x_wconf 89' lang='lat' dir='ltr'>esset</span> <span class='ocrx_word' id='word_1_156' title='bbox 1735 2118 2008 2184; x_wconf 86' lang='lat' dir='ltr'>prorsus</span> <span class='ocrx_word' id='word_1_157' title='bbox 2057 2099 2351 2184; x_wconf 85' lang='lat' dir='ltr'>invalida,</span> <span class='ocrx_word' id='word_1_158' title='bbox 2384 2101 2438 2168; x_wconf 91' lang='lat' dir='ltr'>si</span> <span class='ocrx_word' id='word_1_159' title='bbox 2474 2108 2625 2168; x_wconf 92' lang='lat' dir='ltr'>ante</span> <span class='ocrx_word' id='word_1_160' title='bbox 2665 2098 2730 2167; x_wconf 91' lang='lat' dir='ltr'>id</span> <span class='ocrx_word' id='word_1_161' title='bbox 2780 2097 3104 2184; x_wconf 87' lang='lat' dir='ltr'>temporis</span> 
     </span>
     <span class='ocr_line' id='line_1_19' title="bbox 512 2204 3104 2292; baseline 0 -22"><span class='ocrx_word' id='word_1_162' title='bbox 512 2204 734 2284; x_wconf 90' lang='lat' dir='ltr'>fieret;</span> <span class='ocrx_word' id='word_1_163' title='bbox 773 2206 843 2289; x_wconf 77' lang='lat'>2)</span> <span class='ocrx_word' id='word_1_164' title='bbox 890 2207 1135 2272; x_wconf 81' lang='lat' dir='ltr'>ratione</span> <span class='ocrx_word' id='word_1_165' title='bbox 1171 2207 1469 2289; x_wconf 68' lang='lat' dir='ltr'>materiae,</span> <span class='ocrx_word' id='word_1_166' title='bbox 1502 2206 1558 2273; x_wconf 92' lang='lat' dir='ltr'>si</span> <span class='ocrx_word' id='word_1_167' title='bbox 1610 2224 1848 2292; x_wconf 86' lang='lat' dir='ltr'>nempe</span> <span class='ocrx_word' id='word_1_168' title='bbox 1898 2225 2002 2274; x_wconf 91' lang='lat' dir='ltr'>res</span> <span class='ocrx_word' id='word_1_169' title='bbox 2053 2215 2207 2275; x_wconf 88' lang='lat' dir='ltr'>voto</span> <span class='ocrx_word' id='word_1_170' title='bbox 2246 2206 2571 2291; x_wconf 87' lang='lat' dir='ltr'>promissa</span> <span class='ocrx_word' id='word_1_171' title='bbox 2605 2206 2686 2273; x_wconf 89' lang='lat' dir='ltr'>ad</span> <span class='ocrx_word' id='word_1_172' title='bbox 2732 2204 3104 2274; x_wconf 90' lang='lat' dir='ltr'>dominium</span> 
     </span>
     <span class='ocr_line' id='line_1_20' title="bbox 513 2309 3102 2397; baseline 0.001 -20"><span class='ocrx_word' id='word_1_173' title='bbox 513 2309 784 2379; x_wconf 89' lang='lat' dir='ltr'>alterius</span> <span class='ocrx_word' id='word_1_174' title='bbox 820 2312 1162 2397; x_wconf 85' lang='lat' dir='ltr'>pertineat,</span> <span class='ocrx_word' id='word_1_175' title='bbox 1213 2313 1307 2380; x_wconf 92' lang='lat' dir='ltr'>uti</span> <span class='ocrx_word' id='word_1_176' title='bbox 1356 2314 1408 2379; x_wconf 89' lang='lat' dir='ltr'>si</span> <span class='ocrx_word' id='word_1_177' title='bbox 1463 2319 1646 2382; x_wconf 90' lang='lat' dir='ltr'>tutor</span> <span class='ocrx_word' id='word_1_178' title='bbox 1693 2322 1956 2382; x_wconf 89' lang='lat' dir='ltr'>voveret</span> <span class='ocrx_word' id='word_1_179' title='bbox 2011 2313 2092 2381; x_wconf 89' lang='lat' dir='ltr'>de</span> <span class='ocrx_word' id='word_1_180' title='bbox 2158 2311 2525 2381; x_wconf 89' lang='lat' dir='ltr'>substantia</span> <span class='ocrx_word' id='word_1_181' title='bbox 2560 2312 2864 2380; x_wconf 88' lang='lat' dir='ltr'>minoris:</span> <span class='ocrx_word' id='word_1_182' title='bbox 2904 2329 3102 2380; x_wconf 89' lang='lat' dir='ltr'>nemo</span> 
     </span>
     <span class='ocr_line' id='line_1_21' title="bbox 515 2418 3102 2506; baseline 0 -20"><span class='ocrx_word' id='word_1_183' title='bbox 515 2418 692 2486; x_wconf 87' lang='lat' dir='ltr'>enim</span> <span class='ocrx_word' id='word_1_184' title='bbox 740 2418 1014 2486; x_wconf 85' lang='lat' dir='ltr'>firmiter</span> <span class='ocrx_word' id='word_1_185' title='bbox 1061 2419 1260 2487; x_wconf 89' lang='lat' dir='ltr'>donat</span> <span class='ocrx_word' id='word_1_186' title='bbox 1294 2419 1418 2489; x_wconf 88' lang='lat' dir='ltr'>nisi</span> <span class='ocrx_word' id='word_1_187' title='bbox 1452 2421 1533 2488; x_wconf 88' lang='lat' dir='ltr'>de</span> <span class='ocrx_word' id='word_1_188' title='bbox 1577 2420 1776 2489; x_wconf 87' lang='lat' dir='ltr'>rebus</span> <span class='ocrx_word' id='word_1_189' title='bbox 1827 2420 2142 2506; x_wconf 85' lang='lat' dir='ltr'>propriis3</span> <span class='ocrx_word' id='word_1_190' title='bbox 2191 2420 2261 2504; x_wconf 85' lang='grc'>3)</span> <span class='ocrx_word' id='word_1_191' title='bbox 2309 2420 2646 2487; x_wconf 89' lang='lat' dir='ltr'>voluntate</span> <span class='ocrx_word' id='word_1_192' title='bbox 2681 2419 2856 2488; x_wconf 88' lang='lat' dir='ltr'>illius</span> <span class='ocrx_word' id='word_1_193' title='bbox 2894 2435 2928 2483; x_wconf 91' lang='lat' dir='ltr'>a</span> <span class='ocrx_word' id='word_1_194' title='bbox 2962 2434 3102 2504; x_wconf 87' lang='lat' dir='ltr'>quo</span> 
     </span>
     <span class='ocr_line' id='line_1_22' title="bbox 517 2522 3106 2613; baseline 0 -21"><span class='ocrx_word' id='word_1_195' title='bbox 517 2522 798 2594; x_wconf 82' lang='lat' dir='ltr'>fortasse</span> <span class='ocrx_word' id='word_1_196' title='bbox 846 2545 1090 2595; x_wconf 89' lang='lat' dir='ltr'>vovens</span> <span class='ocrx_word' id='word_1_197' title='bbox 1138 2527 1542 2613; x_wconf 84' lang='lat' dir='ltr'>dependeat3</span> <span class='ocrx_word' id='word_1_198' title='bbox 1592 2529 1684 2595; x_wconf 91' lang='lat' dir='ltr'>uti</span> <span class='ocrx_word' id='word_1_199' title='bbox 1736 2534 1838 2596; x_wconf 87' lang='lat' dir='ltr'>est</span> <span class='ocrx_word' id='word_1_200' title='bbox 1885 2527 1966 2596; x_wconf 89' lang='lat' dir='ltr'>de</span> <span class='ocrx_word' id='word_1_201' title='bbox 2015 2526 2325 2612; x_wconf 84' lang='lat' dir='ltr'>religioso</span> <span class='ocrx_word' id='word_1_202' title='bbox 2365 2527 2569 2596; x_wconf 88' lang='lat' dir='ltr'>relate</span> <span class='ocrx_word' id='word_1_203' title='bbox 2617 2527 2697 2594; x_wconf 89' lang='lat' dir='ltr'>ad</span> <span class='ocrx_word' id='word_1_204' title='bbox 2746 2526 3106 2594; x_wconf 84' lang='lat' dir='ltr'>Praelatum</span> 
     </span>
     <span class='ocr_line' id='line_1_23' title="bbox 517 2632 3106 2720; baseline 0 -19"><span class='ocrx_word' id='word_1_205' title='bbox 517 2651 746 2713; x_wconf 84' lang='lat' dir='ltr'>suum3</span> <span class='ocrx_word' id='word_1_206' title='bbox 819 2632 900 2701; x_wconf 91' lang='lat' dir='ltr'>de</span> <span class='ocrx_word' id='word_1_207' title='bbox 946 2635 1203 2703; x_wconf 89' lang='lat' dir='ltr'>minore</span> <span class='ocrx_word' id='word_1_208' title='bbox 1234 2635 1438 2704; x_wconf 87' lang='lat' dir='ltr'>relate</span> <span class='ocrx_word' id='word_1_209' title='bbox 1471 2635 1552 2702; x_wconf 89' lang='lat' dir='ltr'>ad</span> <span class='ocrx_word' id='word_1_210' title='bbox 1592 2651 1788 2703; x_wconf 90' lang='lat' dir='ltr'>suum</span> <span class='ocrx_word' id='word_1_211' title='bbox 1840 2642 2150 2717; x_wconf 88' lang='lat' dir='ltr'>tutorem,</span> <span class='ocrx_word' id='word_1_212' title='bbox 2203 2635 2354 2703; x_wconf 88' lang='lat' dir='ltr'>licet</span> <span class='ocrx_word' id='word_1_213' title='bbox 2404 2633 2814 2720; x_wconf 83' lang='lat' dir='ltr'>probabilius</span> <span class='ocrx_word' id='word_1_214' title='bbox 2860 2633 2928 2701; x_wconf 90' lang='lat' dir='ltr'>in</span> <span class='ocrx_word' id='word_1_215' title='bbox 2977 2633 3106 2701; x_wconf 88' lang='lat' dir='ltr'>hoc</span> 
     </span>
     <span class='ocr_line' id='line_1_24' title="bbox 514 2739 3013 2828; baseline -0 -19"><span class='ocrx_word' id='word_1_216' title='bbox 514 2739 750 2809; x_wconf 88' lang='lat' dir='ltr'>ultimo</span> <span class='ocrx_word' id='word_1_217' title='bbox 793 2758 949 2809; x_wconf 89' lang='lat' dir='ltr'>casu</span> <span class='ocrx_word' id='word_1_218' title='bbox 996 2750 1222 2811; x_wconf 89' lang='lat' dir='ltr'>votum</span> <span class='ocrx_word' id='word_1_219' title='bbox 1271 2763 1401 2812; x_wconf 92' lang='lat' dir='ltr'>non</span> <span class='ocrx_word' id='word_1_220' title='bbox 1446 2744 1535 2812; x_wconf 90' lang='lat' dir='ltr'>sit</span> <span class='ocrx_word' id='word_1_221' title='bbox 1582 2744 1878 2824; x_wconf 83' lang='lat' dir='ltr'>irritum3</span> <span class='ocrx_word' id='word_1_222' title='bbox 1927 2744 2046 2810; x_wconf 87' lang='lat' dir='ltr'>sed</span> <span class='ocrx_word' id='word_1_223' title='bbox 2095 2750 2351 2810; x_wconf 88' lang='lat' dir='ltr'>tantum</span> <span class='ocrx_word' id='word_1_224' title='bbox 2400 2743 2636 2810; x_wconf 85' lang='lat' dir='ltr'>irritari</span> <span class='ocrx_word' id='word_1_225' title='bbox 2692 2742 2908 2828; x_wconf 89' lang='lat' dir='ltr'>possit</span> <span class='ocrx_word' id='word_1_226' title='bbox 2963 2739 3013 2808; x_wconf 83' lang='lat'>¹.</span> 
     </span>
    </p>

    <p class='ocr_par' dir='ltr' id='par_1_7' title="bbox 604 2850 2719 2936">
     <span class='ocr_line' id='line_1_25' title="bbox 604 2850 2719 2936; baseline 0 -21"><span class='ocrx_word' id='word_1_227' title='bbox 604 2852 750 2915; x_wconf 70' lang='lat'>53.</span> <span class='ocrx_word' id='word_1_228' title='bbox 802 2851 874 2929; x_wconf 89' lang='lat' dir='ltr'>Q.</span> <span class='ocrx_word' id='word_1_229' title='bbox 923 2850 982 2917; x_wconf 82' lang='lat'>3.</span> <span class='ocrx_word' id='word_1_230' title='bbox 1036 2852 1338 2932; x_wconf 81' lang='lat' dir='ltr'>Quoenam</span> <span class='ocrx_word' id='word_1_231' title='bbox 1381 2852 1671 2918; x_wconf 81' lang='lat' dir='ltr'>voluntas</span> <span class='ocrx_word' id='word_1_232' title='bbox 1714 2852 1799 2918; x_wconf 82' lang='lat' dir='ltr'>ad</span> <span class='ocrx_word' id='word_1_233' title='bbox 1841 2851 1967 2918; x_wconf 79' lang='lat' dir='ltr'>voti</span> <span class='ocrx_word' id='word_1_234' title='bbox 2013 2853 2289 2916; x_wconf 74' lang='lat' dir='ltr'>valorem</span> <span class='ocrx_word' id='word_1_235' title='bbox 2335 2851 2719 2936; x_wconf 79' lang='lat' dir='ltr'>requiritur?</span> 
     </span>
    </p>

    <p class='ocr_par' dir='ltr' id='par_1_8' title="bbox 522 2955 3108 3252">
     <span class='ocr_line' id='line_1_26' title="bbox 609 2955 3108 3044; baseline 0.001 -22"><span class='ocrx_word' id='word_1_236' title='bbox 609 2957 679 3022; x_wconf 86' lang='lat' dir='ltr'>R.</span> <span class='ocrx_word' id='word_1_237' title='bbox 728 2955 823 3023; x_wconf 82' lang='lat' dir='ltr'>Ad</span> <span class='ocrx_word' id='word_1_238' title='bbox 875 2957 1003 3024; x_wconf 92' lang='lat' dir='ltr'>voti</span> <span class='ocrx_word' id='word_1_239' title='bbox 1057 2958 1345 3026; x_wconf 84' lang='lat' dir='ltr'>valorem</span> <span class='ocrx_word' id='word_1_240' title='bbox 1399 2958 1763 3044; x_wconf 84' lang='lat' dir='ltr'>requiritur</span> <span class='ocrx_word' id='word_1_241' title='bbox 1811 2957 1875 3026; x_wconf 94' lang='lat' dir='ltr'>in</span> <span class='ocrx_word' id='word_1_242' title='bbox 1925 2965 2202 3026; x_wconf 87' lang='lat' dir='ltr'>vovente</span> <span class='ocrx_word' id='word_1_243' title='bbox 2269 2974 2419 3025; x_wconf 88' lang='lat' dir='ltr'>vera</span> <span class='ocrx_word' id='word_1_244' title='bbox 2468 2965 2534 3025; x_wconf 90' lang='lat' dir='ltr'>et</span> <span class='ocrx_word' id='word_1_245' title='bbox 2582 2955 2940 3025; x_wconf 89' lang='lat' dir='ltr'>deliberata</span> <span class='ocrx_word' id='word_1_246' title='bbox 2989 2973 3108 3024; x_wconf 91' lang='lat' dir='ltr'>vo-</span> 
     </span>
     <span class='ocr_line' id='line_1_27' title="bbox 522 3057 3106 3148; baseline 0.001 -22"><span class='ocrx_word' id='word_1_247' title='bbox 522 3057 742 3129; x_wconf 83' lang='lat' dir='ltr'>luntas</span> <span class='ocrx_word' id='word_1_248' title='bbox 788 3070 1014 3130; x_wconf 91' lang='lat' dir='ltr'>votum</span> <span class='ocrx_word' id='word_1_249' title='bbox 1063 3064 1427 3147; x_wconf 87' lang='lat' dir='ltr'>emittendi,</span> <span class='ocrx_word' id='word_1_250' title='bbox 1477 3084 1594 3134; x_wconf 90' lang='lat' dir='ltr'>seu</span> <span class='ocrx_word' id='word_1_251' title='bbox 1647 3080 1799 3133; x_wconf 90' lang='lat' dir='ltr'>vera</span> <span class='ocrx_word' id='word_1_252' title='bbox 1847 3070 1913 3131; x_wconf 92' lang='lat' dir='ltr'>et</span> <span class='ocrx_word' id='word_1_253' title='bbox 1962 3062 2322 3132; x_wconf 89' lang='lat' dir='ltr'>deliberata</span> <span class='ocrx_word' id='word_1_254' title='bbox 2355 3063 2709 3148; x_wconf 90' lang='lat' dir='ltr'>promissio</span> <span class='ocrx_word' id='word_1_255' title='bbox 2746 3066 2883 3130; x_wconf 90' lang='lat' dir='ltr'>Deo</span> <span class='ocrx_word' id='word_1_256' title='bbox 2919 3061 3106 3142; x_wconf 84' lang='lat' dir='ltr'>facta,</span> 
     </span>
     <span class='ocr_line' id='line_1_28' title="bbox 525 3166 3092 3252; baseline 0.002 -18"><span class='ocrx_word' id='word_1_257' title='bbox 525 3166 998 3252; x_wconf 85' lang='lat' dir='ltr'>obligationem</span> <span class='ocrx_word' id='word_1_258' title='bbox 1039 3170 1379 3239; x_wconf 87' lang='lat' dir='ltr'>inducens.</span> <span class='ocrx_word' id='word_1_259' title='bbox 3087 3185 3092 3190; x_wconf 89' lang='grc'><em>·</em></span> 
     </span>
    </p>

    <p class='ocr_par' dir='ltr' id='par_1_9' title="bbox 528 3275 3123 4337">
     <span class='ocr_line' id='line_1_29' title="bbox 706 3275 3110 3363; baseline 0 -22"><span class='ocrx_word' id='word_1_260' title='bbox 706 3277 763 3341; x_wconf 77' lang='lat' dir='ltr'>i.</span> <span class='ocrx_word' id='word_1_261' title='bbox 822 3278 1016 3356; x_wconf 82' lang='lat' dir='ltr'>Vera;</span> <span class='ocrx_word' id='word_1_262' title='bbox 1063 3284 1162 3345; x_wconf 90' lang='lat' dir='ltr'>est</span> <span class='ocrx_word' id='word_1_263' title='bbox 1209 3279 1387 3346; x_wconf 89' lang='lat' dir='ltr'>enim</span> <span class='ocrx_word' id='word_1_264' title='bbox 1433 3286 1661 3346; x_wconf 88' lang='lat' dir='ltr'>votum</span> <span class='ocrx_word' id='word_1_265' title='bbox 1731 3276 1836 3345; x_wconf 79' lang='lat' dir='ltr'>lex</span> <span class='ocrx_word' id='word_1_266' title='bbox 1911 3275 2216 3363; x_wconf 85' lang='lat' dir='ltr'>quaedam</span> <span class='ocrx_word' id='word_1_267' title='bbox 2289 3275 2555 3361; x_wconf 79' lang='lat' dir='ltr'>privata,</span> <span class='ocrx_word' id='word_1_268' title='bbox 2619 3292 2818 3360; x_wconf 89' lang='lat' dir='ltr'>qnam</span> <span class='ocrx_word' id='word_1_269' title='bbox 2865 3289 3110 3343; x_wconf 89' lang='lat' dir='ltr'>vovens</span> 
     </span>
     <span class='ocr_line' id='line_1_30' title="bbox 532 3380 3110 3470; baseline -0.001 -19"><span class='ocrx_word' id='word_1_270' title='bbox 532 3380 657 3451; x_wconf 90' lang='lat' dir='ltr'>sibi</span> <span class='ocrx_word' id='word_1_271' title='bbox 707 3390 944 3469; x_wconf 89' lang='lat' dir='ltr'>sponte</span> <span class='ocrx_word' id='word_1_272' title='bbox 986 3383 1266 3469; x_wconf 90' lang='lat' dir='ltr'>imponit</span> <span class='ocrx_word' id='word_1_273' title='bbox 1285 3409 1303 3465; x_wconf 86' lang='lat'>3</span> <span class='ocrx_word' id='word_1_274' title='bbox 1350 3384 1529 3470; x_wconf 86' lang='lat' dir='ltr'>atqui</span> <span class='ocrx_word' id='word_1_275' title='bbox 1579 3384 1724 3453; x_wconf 90' lang='lat' dir='ltr'>sine</span> <span class='ocrx_word' id='word_1_276' title='bbox 1787 3402 1936 3452; x_wconf 87' lang='lat' dir='ltr'>vera</span> <span class='ocrx_word' id='word_1_277' title='bbox 1985 3389 2050 3452; x_wconf 89' lang='lat' dir='ltr'>et</span> <span class='ocrx_word' id='word_1_278' title='bbox 2116 3383 2392 3468; x_wconf 85' lang='lat' dir='ltr'>positiva</span> <span class='ocrx_word' id='word_1_279' title='bbox 2440 3382 2864 3467; x_wconf 88' lang='lat' dir='ltr'>obligationis</span> <span class='ocrx_word' id='word_1_280' title='bbox 2913 3381 3110 3450; x_wconf 87' lang='lat' dir='ltr'>indu—</span> 
     </span>
     <span class='ocr_line' id='line_1_31' title="bbox 534 3469 3113 3582; baseline 0 -26"><span class='ocrx_word' id='word_1_281' title='bbox 534 3488 1150 3582; x_wconf 22' lang='lat' dir='ltr'>cendaeuvoluntate</span> <span class='ocrx_word' id='word_1_282' title='bbox 1198 3489 1301 3558; x_wconf 85' lang='lat' dir='ltr'>lex</span> <span class='ocrx_word' id='word_1_283' title='bbox 1350 3490 1528 3558; x_wconf 89' lang='lat' dir='ltr'>nulla</span> <span class='ocrx_word' id='word_1_284' title='bbox 1560 3509 1710 3559; x_wconf 90' lang='lat' dir='ltr'>esse</span> <span class='ocrx_word' id='word_1_285' title='bbox 1759 3496 2000 3577; x_wconf 91' lang='lat' dir='ltr'>potest.</span> <span class='ocrx_word' id='word_1_286' title='bbox 2038 3491 2205 3556; x_wconf 87' lang='lat' dir='ltr'>Hinc</span> <span class='ocrx_word' id='word_1_287' title='bbox 2252 3469 2529 3574; x_wconf 78' lang='lat' dir='ltr'>s&#39;implex</span> <span class='ocrx_word' id='word_1_288' title='bbox 2563 3496 2629 3557; x_wconf 91' lang='lat' dir='ltr'>et</span> <span class='ocrx_word' id='word_1_289' title='bbox 2668 3487 2918 3556; x_wconf 90' lang='lat' dir='ltr'>nudum</span> <span class='ocrx_word' id='word_1_290' title='bbox 2953 3506 3113 3574; x_wconf 88' lang='lat' dir='ltr'>pro·</span> 
     </span>
     <span class='ocr_line' id='line_1_32' title="bbox 530 3593 3116 3681; baseline 0.001 -19"><span class='ocrx_word' id='word_1_291' title='bbox 530 3595 843 3680; x_wconf 88' lang='lat' dir='ltr'>positum,</span> <span class='ocrx_word' id='word_1_292' title='bbox 894 3596 1190 3681; x_wconf 86' lang='lat' dir='ltr'>quamvis</span> <span class='ocrx_word' id='word_1_293' title='bbox 1240 3596 1712 3680; x_wconf 82' lang='lat' dir='ltr'>firmissimum,</span> <span class='ocrx_word' id='word_1_294' title='bbox 1762 3597 1844 3665; x_wconf 85' lang='lat' dir='ltr'>ad</span> <span class='ocrx_word' id='word_1_295' title='bbox 1892 3598 2023 3665; x_wconf 90' lang='lat' dir='ltr'>voti</span> <span class='ocrx_word' id='word_1_296' title='bbox 2070 3606 2370 3664; x_wconf 87' lang='lat' dir='ltr'>naturam</span> <span class='ocrx_word' id='word_1_297' title='bbox 2407 3613 2537 3664; x_wconf 91' lang='lat' dir='ltr'>non</span> <span class='ocrx_word' id='word_1_298' title='bbox 2586 3595 2828 3664; x_wconf 87' lang='lat' dir='ltr'>sufficit</span> <span class='ocrx_word' id='word_1_299' title='bbox 2863 3593 2913 3663; x_wconf 82' lang='lat'>².</span> <span class='ocrx_word' id='word_1_300' title='bbox 2949 3594 3116 3665; x_wconf 86' lang='lat' dir='ltr'>Hinc</span> 
     </span>
     <span class='ocr_line' id='line_1_33' title="bbox 528 3701 3117 3800; baseline 0 -29"><span class='ocrx_word' id='word_1_301' title='bbox 528 3701 827 3800; x_wconf 71' lang='lat' dir='ltr'>etiamsi</span> <span class='ocrx_word' id='word_1_302' title='bbox 878 3721 1119 3771; x_wconf 89' lang='lat' dir='ltr'>vovens</span> <span class='ocrx_word' id='word_1_303' title='bbox 1168 3703 1274 3772; x_wconf 88' lang='lat' dir='ltr'>hic</span> <span class='ocrx_word' id='word_1_304' title='bbox 1321 3711 1386 3770; x_wconf 91' lang='lat' dir='ltr'>et</span> <span class='ocrx_word' id='word_1_305' title='bbox 1434 3723 1609 3773; x_wconf 90' lang='lat' dir='ltr'>nunc</span> <span class='ocrx_word' id='word_1_306' title='bbox 1659 3724 1789 3774; x_wconf 93' lang='lat' dir='ltr'>non</span> <span class='ocrx_word' id='word_1_307' title='bbox 1842 3703 2123 3772; x_wconf 85' lang='lat' dir='ltr'>attendit</span> <span class='ocrx_word' id='word_1_308' title='bbox 2172 3702 2253 3770; x_wconf 90' lang='lat' dir='ltr'>ad</span> <span class='ocrx_word' id='word_1_309' title='bbox 2287 3703 2418 3770; x_wconf 91' lang='lat' dir='ltr'>voti</span> <span class='ocrx_word' id='word_1_310' title='bbox 2453 3702 2950 3788; x_wconf 86' lang='lat' dir='ltr'>obligationem,</span> <span class='ocrx_word' id='word_1_311' title='bbox 2989 3717 3117 3772; x_wconf 90' lang='lat' dir='ltr'>nec</span> 
     </span>
     <span class='ocr_line' id='line_1_34' title="bbox 529 3798 3116 3898; baseline -0 -19"><span class='ocrx_word' id='word_1_312' title='bbox 529 3809 837 3879; x_wconf 90' lang='lat' dir='ltr'>conscius</span> <span class='ocrx_word' id='word_1_313' title='bbox 877 3817 978 3877; x_wconf 91' lang='lat' dir='ltr'>est</span> <span class='ocrx_word' id='word_1_314' title='bbox 1024 3811 1464 3896; x_wconf 78' lang='lat' dir='ltr'>obligationiS,</span> <span class='ocrx_word' id='word_1_315' title='bbox 1492 3830 1641 3898; x_wconf 86' lang='lat' dir='ltr'>quae</span> <span class='ocrx_word' id='word_1_316' title='bbox 1679 3821 1831 3880; x_wconf 87' lang='lat' dir='ltr'>voto</span> <span class='ocrx_word' id='word_1_317' title='bbox 1863 3798 2164 3893; x_wconf 84' lang='lat' dir='ltr'>inhaeret,</span> <span class='ocrx_word' id='word_1_318' title='bbox 2201 3810 2456 3879; x_wconf 90' lang='lat' dir='ltr'>nullum</span> <span class='ocrx_word' id='word_1_319' title='bbox 2490 3818 2593 3878; x_wconf 92' lang='lat' dir='ltr'>est</span> <span class='ocrx_word' id='word_1_320' title='bbox 2626 3818 2882 3891; x_wconf 83' lang='lat' dir='ltr'>votnm3</span> <span class='ocrx_word' id='word_1_321' title='bbox 2920 3826 3116 3878; x_wconf 86' lang='lat' dir='ltr'>nemo</span> 
     </span>
     <span class='ocr_line' id='line_1_35' title="bbox 528 3917 3118 4005; baseline 0 -19"><span class='ocrx_word' id='word_1_322' title='bbox 528 3919 704 3987; x_wconf 91' lang='lat' dir='ltr'>enim</span> <span class='ocrx_word' id='word_1_323' title='bbox 754 3917 879 3985; x_wconf 86' lang='lat' dir='ltr'>dici</span> <span class='ocrx_word' id='word_1_324' title='bbox 932 3925 1152 4003; x_wconf 91' lang='lat' dir='ltr'>potest</span> <span class='ocrx_word' id='word_1_325' title='bbox 1198 3918 1363 3987; x_wconf 91' lang='lat' dir='ltr'>velle</span> <span class='ocrx_word' id='word_1_326' title='bbox 1431 3919 1904 4004; x_wconf 89' lang='lat' dir='ltr'>obligationem</span> <span class='ocrx_word' id='word_1_327' title='bbox 1973 3936 2172 4005; x_wconf 84' lang='lat' dir='ltr'>qnam</span> <span class='ocrx_word' id='word_1_328' title='bbox 2240 3917 2518 4004; x_wconf 88' lang='lat' dir='ltr'>ignorat,</span> <span class='ocrx_word' id='word_1_329' title='bbox 2587 3934 2741 3985; x_wconf 89' lang='lat' dir='ltr'>cum</span> <span class='ocrx_word' id='word_1_330' title='bbox 2811 3918 3118 3987; x_wconf 88' lang='lat' dir='ltr'>voluntas</span> 
     </span>
     <span class='ocr_line' id='line_1_36' title="bbox 530 4022 3119 4111; baseline 0 -19"><span class='ocrx_word' id='word_1_331' title='bbox 530 4041 663 4093; x_wconf 91' lang='lat' dir='ltr'>non</span> <span class='ocrx_word' id='word_1_332' title='bbox 714 4024 961 4093; x_wconf 78' lang='lat' dir='ltr'>feratur</span> <span class='ocrx_word' id='word_1_333' title='bbox 1006 4022 1071 4093; x_wconf 89' lang='lat' dir='ltr'>in</span> <span class='ocrx_word' id='word_1_334' title='bbox 1106 4024 1566 4110; x_wconf 61' lang='lat' dir='ltr'>incognitum.</span> <span class='ocrx_word' id='word_1_335' title='bbox 1615 4027 1864 4111; x_wconf 84' lang='lat' dir='ltr'>Excipe</span> <span class='ocrx_word' id='word_1_336' title='bbox 1910 4025 1965 4094; x_wconf 89' lang='lat' dir='ltr'>si</span> <span class='ocrx_word' id='word_1_337' title='bbox 2018 4027 2141 4093; x_wconf 90' lang='lat' dir='ltr'>iste</span> <span class='ocrx_word' id='word_1_338' title='bbox 2186 4024 2471 4093; x_wconf 89' lang='lat' dir='ltr'>voluerit</span> <span class='ocrx_word' id='word_1_339' title='bbox 2519 4023 2720 4092; x_wconf 88' lang='lat' dir='ltr'>modo</span> <span class='ocrx_word' id='word_1_340' title='bbox 2769 4024 2884 4092; x_wconf 91' lang='lat' dir='ltr'>illo</span> <span class='ocrx_word' id='word_1_341' title='bbox 2934 4022 3119 4092; x_wconf 89' lang='lat' dir='ltr'>ordi-</span> 
     </span>
     <span class='ocr_line' id='line_1_37' title="bbox 530 4131 3123 4219; baseline -0 -18"><span class='ocrx_word' id='word_1_342' title='bbox 530 4133 716 4202; x_wconf 86' lang='lat' dir='ltr'>nario</span> <span class='ocrx_word' id='word_1_343' title='bbox 764 4151 1018 4215; x_wconf 90' lang='lat' dir='ltr'>vovere,</span> <span class='ocrx_word' id='word_1_344' title='bbox 1049 4150 1182 4218; x_wconf 88' lang='lat' dir='ltr'>quo</span> <span class='ocrx_word' id='word_1_345' title='bbox 1233 4141 1466 4203; x_wconf 89' lang='lat' dir='ltr'>vovent</span> <span class='ocrx_word' id='word_1_346' title='bbox 1514 4134 1619 4201; x_wconf 90' lang='lat' dir='ltr'>alii</span> <span class='ocrx_word' id='word_1_347' title='bbox 1634 4160 1656 4216; x_wconf 83' lang='lat'>3</span> <span class='ocrx_word' id='word_1_348' title='bbox 1707 4141 1864 4201; x_wconf 90' lang='lat' dir='ltr'>tunc</span> <span class='ocrx_word' id='word_1_349' title='bbox 1899 4131 2222 4219; x_wconf 90' lang='lat' dir='ltr'>implicite</span> <span class='ocrx_word' id='word_1_350' title='bbox 2255 4132 2723 4217; x_wconf 86' lang='lat' dir='ltr'>obligationem</span> <span class='ocrx_word' id='word_1_351' title='bbox 2763 4132 2974 4217; x_wconf 87' lang='lat' dir='ltr'>ipsam</span> <span class='ocrx_word' id='word_1_352' title='bbox 3010 4149 3123 4200; x_wconf 90' lang='lat' dir='ltr'>vo·</span> 
     </span>
     <span class='ocr_line' id='line_1_38' title="bbox 531 4239 1351 4337; baseline 0 -30"><span class='ocrx_word' id='word_1_353' title='bbox 531 4239 737 4308; x_wconf 89' lang='lat' dir='ltr'>luisse</span> <span class='ocrx_word' id='word_1_354' title='bbox 785 4239 1102 4337; x_wconf 76' lang='lat' dir='ltr'>dicendus</span> <span class='ocrx_word' id='word_1_355' title='bbox 1152 4247 1351 4309; x_wconf 89' lang='lat' dir='ltr'>esset.</span> 
     </span>
    </p>

    <p class='ocr_par' dir='ltr' id='par_1_10' title="bbox 534 4345 3127 4541">
     <span class='ocr_line' id='line_1_39' title="bbox 710 4345 3125 4435; baseline 0 -22"><span class='ocrx_word' id='word_1_356' title='bbox 710 4350 771 4413; x_wconf 79' lang='lat'>2.</span> <span class='ocrx_word' id='word_1_357' title='bbox 821 4348 1176 4415; x_wconf 76' lang='lat' dir='ltr'>Deliberata</span> <span class='ocrx_word' id='word_1_358' title='bbox 1220 4349 1528 4430; x_wconf 78' lang='lat' dir='ltr'>voluntas,</span> <span class='ocrx_word' id='word_1_359' title='bbox 1579 4365 1700 4417; x_wconf 91' lang='lat' dir='ltr'>sen</span> <span class='ocrx_word' id='word_1_360' title='bbox 1773 4365 1923 4417; x_wconf 91' lang='lat' dir='ltr'>cum</span> <span class='ocrx_word' id='word_1_361' title='bbox 1973 4347 2166 4435; x_wconf 85' lang='lat' dir='ltr'>plena</span> <span class='ocrx_word' id='word_1_362' title='bbox 2214 4345 2650 4428; x_wconf 81' lang='lat' dir='ltr'>advertentia3</span> <span class='ocrx_word' id='word_1_363' title='bbox 2700 4364 2894 4414; x_wconf 91' lang='lat' dir='ltr'>nemo</span> <span class='ocrx_word' id='word_1_364' title='bbox 2946 4345 3125 4415; x_wconf 91' lang='lat' dir='ltr'>enim</span> 
     </span>
     <span class='ocr_line' id='line_1_40' title="bbox 534 4452 3127 4541; baseline 0.001 -21"><span class='ocrx_word' id='word_1_365' title='bbox 534 4452 962 4539; x_wconf 64' lang='lat' dir='ltr'>praesumitur</span> <span class='ocrx_word' id='word_1_366' title='bbox 1009 4455 1480 4540; x_wconf 86' lang='lat' dir='ltr'>obligationem</span> <span class='ocrx_word' id='word_1_367' title='bbox 1529 4473 1608 4524; x_wconf 87' lang='lat' dir='ltr'>ex</span> <span class='ocrx_word' id='word_1_368' title='bbox 1641 4473 1885 4540; x_wconf 85' lang='lat' dir='ltr'>genere</span> <span class='ocrx_word' id='word_1_369' title='bbox 1917 4474 2040 4524; x_wconf 92' lang='lat' dir='ltr'>suo</span> <span class='ocrx_word' id='word_1_370' title='bbox 2075 4471 2338 4540; x_wconf 89' lang='lat' dir='ltr'>gravem</span> <span class='ocrx_word' id='word_1_371' title='bbox 2384 4455 2728 4541; x_wconf 90' lang='lat' dir='ltr'>imponere</span> <span class='ocrx_word' id='word_1_372' title='bbox 2775 4453 2900 4522; x_wconf 90' lang='lat' dir='ltr'>sibi</span> <span class='ocrx_word' id='word_1_373' title='bbox 2939 4453 3127 4537; x_wconf 86' lang='lat' dir='ltr'>velle,</span> 
     </span>
    </p>
   </div>
   <div class='ocr_carea' id='block_1_5' title="bbox 594 4655 1751 4721">
    <p class='ocr_par' dir='ltr' id='par_1_11' title="bbox 594 4655 1751 4721">
     <span class='ocr_line' id='line_1_41' title="bbox 594 4655 1751 4721; baseline 0.006 -15"><span class='ocrx_word' id='word_1_374' title='bbox 594 4655 619 4697; x_wconf 84' lang='lat'>1</span> <span class='ocrx_word' id='word_1_375' title='bbox 661 4657 716 4706; x_wconf 76' lang='lat' dir='ltr'>V.</span> <span class='ocrx_word' id='word_1_376' title='bbox 755 4658 981 4720; x_wconf 64' lang='lat' dir='ltr'>bigam-i,</span> <span class='ocrx_word' id='word_1_377' title='bbox 1019 4659 1152 4720; x_wconf 75' lang='lat' dir='ltr'>opus</span> <span class='ocrx_word' id='word_1_378' title='bbox 1183 4661 1339 4720; x_wconf 65' lang='lat' dir='ltr'>Mor„</span> <span class='ocrx_word' id='word_1_379' title='bbox 1376 4661 1410 4712; x_wconf 93' lang='lat' dir='ltr'>l.</span> <span class='ocrx_word' id='word_1_380' title='bbox 1445 4673 1523 4721; x_wconf 82' lang='lat' dir='ltr'>tu,</span> <span class='ocrx_word' id='word_1_381' title='bbox 1558 4672 1613 4712; x_wconf 89' lang='lat' dir='ltr'>n.</span> <span class='ocrx_word' id='word_1_382' title='bbox 1637 4662 1751 4713; x_wconf 74' lang='lat'>231.</span> 
     </span>
    </p>
   </div>
   <div class='ocr_carea' id='block_1_6' title="bbox 524 4718 3129 4851">
    <p class='ocr_par' dir='ltr' id='par_1_12' title="bbox 524 4718 3129 4851">
     <span class='ocr_line' id='line_1_42' title="bbox 596 4718 3129 4788; baseline 0 -17"><span class='ocrx_word' id='word_1_383' title='bbox 596 4719 622 4761; x_wconf 75' lang='lat'>²</span> <span class='ocrx_word' id='word_1_384' title='bbox 652 4721 957 4772; x_wconf 77' lang='lat' dir='ltr'>Notandum</span> <span class='ocrx_word' id='word_1_385' title='bbox 992 4724 1176 4773; x_wconf 89' lang='lat' dir='ltr'>votum</span> <span class='ocrx_word' id='word_1_386' title='bbox 1210 4724 1405 4783; x_wconf 89' lang='lat' dir='ltr'>tenere,</span> <span class='ocrx_word' id='word_1_387' title='bbox 1438 4724 1558 4774; x_wconf 86' lang='lat' dir='ltr'>licet</span> <span class='ocrx_word' id='word_1_388' title='bbox 1589 4725 1712 4787; x_wconf 83' lang='lat' dir='ltr'>quis</span> <span class='ocrx_word' id='word_1_389' title='bbox 1743 4723 1873 4775; x_wconf 88' lang='lat' dir='ltr'>dum</span> <span class='ocrx_word' id='word_1_390' title='bbox 1908 4724 2086 4783; x_wconf 84' lang='lat' dir='ltr'>vovet,</span> <span class='ocrx_word' id='word_1_391' title='bbox 2120 4722 2247 4776; x_wconf 81' lang='lat' dir='ltr'>velit</span> <span class='ocrx_word' id='word_1_392' title='bbox 2280 4720 2498 4788; x_wconf 85' lang='lat' dir='ltr'>quidem</span> <span class='ocrx_word' id='word_1_393' title='bbox 2520 4732 2578 4773; x_wconf 82' lang='lat' dir='ltr'>se</span> <span class='ocrx_word' id='word_1_394' title='bbox 2604 4718 2858 4784; x_wconf 82' lang='lat' dir='ltr'>obligare,</span> <span class='ocrx_word' id='word_1_395' title='bbox 2885 4718 2979 4771; x_wconf 87' lang='lat' dir='ltr'>sed</span> <span class='ocrx_word' id='word_1_396' title='bbox 2998 4728 3129 4771; x_wconf 84' lang='lat' dir='ltr'>neu·</span> 
     </span>
     <span class='ocr_line' id='line_1_43' title="bbox 524 4780 3033 4851; baseline -0.001 -16"><span class='ocrx_word' id='word_1_397' title='bbox 524 4780 740 4848; x_wconf 73' lang='lat' dir='ltr'>uquam</span> <span class='ocrx_word' id='word_1_398' title='bbox 775 4786 961 4835; x_wconf 81' lang='lat' dir='ltr'>votum</span> <span class='ocrx_word' id='word_1_399' title='bbox 993 4785 1237 4848; x_wconf 86' lang='lat' dir='ltr'>implere;</span> <span class='ocrx_word' id='word_1_400' title='bbox 1274 4796 1402 4836; x_wconf 83' lang='lat' dir='ltr'>nam</span> <span class='ocrx_word' id='word_1_401' title='bbox 1434 4787 1619 4837; x_wconf 89' lang='lat' dir='ltr'>votum</span> <span class='ocrx_word' id='word_1_402' title='bbox 1652 4797 1763 4838; x_wconf 91' lang='lat' dir='ltr'>non</span> <span class='ocrx_word' id='word_1_403' title='bbox 1793 4786 1917 4838; x_wconf 84' lang='lat' dir='ltr'>iacit</span> <span class='ocrx_word' id='word_1_404' title='bbox 1946 4785 2170 4838; x_wconf 81' lang='lat' dir='ltr'>intentio</span> <span class='ocrx_word' id='word_1_405' title='bbox 2203 4783 2484 4851; x_wconf 83' lang='lat' dir='ltr'>implendi,</span> <span class='ocrx_word' id='word_1_406' title='bbox 2519 4782 2613 4836; x_wconf 82' lang='lat' dir='ltr'>sed</span> <span class='ocrx_word' id='word_1_407' title='bbox 2645 4793 2702 4836; x_wconf 83' lang='lat' dir='ltr'>se</span> <span class='ocrx_word' id='word_1_408' title='bbox 2734 4780 3033 4844; x_wconf 78' lang='lat' dir='ltr'>obligandi.</span> 
     </span>
    </p>
   </div>
  </div>
 </body>
</html>
