3292 5167
549 177 676 245 724
1516 201 1630 247 ιιιι.
1683 202 1745 247 ιι.
1794 202 2006 249 τιιιιοτ.
2054 200 2194 272 νιιι.ξ

591 302 706 376 ier,
753 299 1122 366 Dizionario
1165 308 1282 368 etc.
1327 299 1399 364 V.
1448 299 1710 365 Caenea.
1754 303 1832 366 Et
1872 302 2219 385 Gregorius
2261 303 2419 383 XVI,
2453 304 2640 368 Brevi
2681 302 2723 367 8
2769 317 2914 367 nov.
2949 302 3127 378 m.

597 382 883 444 amnavit
945 398 1173 446 novam
1220 390 1456 445 sectam
1502 382 1798 462 gallicani
1846 384 2016 448 Petri
2061 385 2344 460 vintras,
2385 388 2492 466 qui
2552 399 2782 447 arcana
2851 377 3124 463 Angelo-

544 477 688 524 rum
734 460 1132 543 aliorumque
1176 462 1518 526 Coelituum
1567 472 1631 526 et
1676 467 1875 544 ipsius
1916 465 2153 530 Christi
2199 466 2500 545 alloquia,
2546 469 2870 539 visiones,
2935 466 3124 528 mira·

547 541 687 604 cula
736 543 800 602 in
861 542 1088 624 vulgus
1119 560 1421 624 spargere
1458 544 1736 607 a‘udebat
1796 547 1916 624 ipsi
1946 547 2281 610 catholicae
2313 549 2565 610 veritati
2598 546 2924 608 contraria
2955 544 3130 623 (vide

547 621 606 683 ΙΙ
653 621 974 699 Cattolico,
1017 622 1140 685 vol.
1187 640 1322 686 xxii
1357 633 1421 686 et
1450 624 1662 705 xxm).
1693 625 1771 689 Et
1801 625 1948 689 Pius
1979 626 2060 689 lx
2091 644 2309 690 mense
2355 628 2502 707 maji
2551 626 2708 690 1850
2733 625 2930 688 aliam
2964 625 3133 688 simi·

553 701 673 764 lem
720 703 1328 778 anathematizavit3
1372 704 1537 767 Deus
1580 708 1752 768 enim
1800 705 1956 770 falsa
1989 716 2053 770 et
2081 707 2382 770 Ecclesiae
2412 724 2544 770 suae
2573 706 2950 785 magisterio
2981 721 3128 769 con·

550 784 746 845 traria
793 783 1081 847 revelare
1127 801 1256 847 non
1305 794 1532 863 potest,
1575 788 1731 865 quin
1779 803 1845 848 se
1889 789 2096 867 ipsum
2145 799 2346 852 totum
2390 797 2598 868 neget.
2642 788 2736 850 En
2782 802 2911 865 quo
2947 785 3126 848 ducit

544 860 845 1023 gup'eeabia
911 873 975 926 et
1017 881 1251 1005 vesana
1297 865 1535 927 libidot
1581 865 1683 946 (V.
1730 866 2031 945 Perrone,
2065 868 2131 931 ἸΙ
2177 869 2698 932 Protestantismo
2738 884 2770 928 e
2801 866 2863 930 la
2901 864 3132 947 Reqola

587 960 609 1005 i
753 961 802 1020 e,
888 951 1025 1007 arte
1166 994 1179 1006 .

705 1024 764 1085 6.
811 960 903 1085 Aql
962 948 1327 1104 probgndos
1389 1024 1681 1104 spiritus,
1728 1027 1787 1088 si
1828 1044 1907 1089 ew
1953 1027 2071 1091 Deo
2111 1030 2247 1092 sint
2285 1028 2361 1108 (1,
2402 1028 2496 1091 Jo.
2540 1027 2653 1107 tv),
2696 1026 3130 1090 confessarius

547 1113 757 1180 potest
799 1104 979 1167 adire
1023 1105 1205 1184 plura
1250 1107 1517 1184 scripta3
1564 1123 1620 1169 V.
1664 1123 1720 1185 g.
1779 1106 1919 1171 Vita
1961 1118 2023 1172 et
2066 1109 2270 1189 Opera
2308 1129 2357 1170 a.
2409 1108 2731 1171 Therasiae.
2775 1136 2854 1170 -γ
2889 1105 3129 1168 Castel-

543 1192 785 1260 vetere,
830 1184 1171 1249 Direttorio
1214 1187 1504 1263 mistico,
1569 1187 1609 1250 l.
1674 1205 1757 1261 ιι,
1800 1205 1855 1268 p.
1901 1189 1984 1251 2⁸.
2028 1224 2106 1236 --
2148 1189 2540 1263 Scaramelli,
2602 1188 2954 1251 Direttorio
3015 1189 3130 1250 mi·

544 1264 719 1325 stico.
762 1298 839 1309 —
882 1265 1160 1345 Lignori,
1211 1268 1463 1342 Promis,
1505 1282 1611 1329 nn.
1660 1268 1776 1331 139
1818 1275 1881 1332 et
1926 1287 2094 1351 seqq.
2138 1306 2217 1317 —
2253 1270 2442 1343 Bona,
2482 1268 2563 1331 De
2592 1269 2972 1332 discretione
2999 1269 3128 1345 spi·

544 1344 802 1406 rituum.
846 1379 924 1391 --
966 1346 1347 1410 Benedictus
1391 1347 1549 1424 xlv,
1586 1348 1671 1412 De
1718 1348 2208 1414 canonizatione
2254 1349 2647 1426 Sanctorum,
2692 1349 2730 1410 l.
2765 1366 2865 1415 ιιι.
2905 1363 2941 1409 c
2994 1347 3130 1424 ult„

552 1425 657 1486 ubi
721 1426 928 1489 media
978 1428 1484 1507 ‚suppeditantur
1547 1430 1622 1491 ad
1691 1429 2122 1494 discernenda
2189 1448 2337 1494 vera
2402 1448 2435 1494 a
2483 1430 2683 1493 falsis,
2726 1463 2804 1474 —
2851 1427 3129 1504 Balmes,

544 1502 604 1566 Il
644 1503 1167 1572 Protestantismo
1212 1524 1359 1584 ecc„
1402 1525 1453 1571 c.
1496 1525 1632 1572 vm.
1676 1541 1755 1555 -·
1797 1512 2105 1575 Analecta
2147 1512 2328 1576 Iuris
2357 1512 2690 1592 pontificii,
2731 1526 2904 1573 anno
2935 1508 3127 1572 1854:

546 1583 937 1658 Revelations
976 1589 1257 1667 praedes,-
1308 1590 1443 1652 leur
1483 1592 1793 1653 auctorite
1836 1599 1899 1654 et
1942 1593 2080 1655 leur
2121 1610 2330 1672 usaqe.

622 1664 688 1738 Q.
732 1666 788 1730 2.
834 1668 933 1739 An
978 1670 1170 1732 liceat
1210 1670 1484 1749 decipere
1528 1670 1849 1732 mulierem
1891 1674 1951 1735 ei
1990 1667 2361 1754 porriqendo
2405 1671 2693 1734 Hostiam
2735 1687 2858 1733 non
2914 1685 3127 1732 eonse-

543 1753 789 1808 cratam
829 1764 940 1827 pro
981 1758 1348 1813 consecrata
1392 1766 1574 1829 quam
1633 1753 1834 1830 petit,
1901 1755 1983 1815 ad
2045 1756 2489 1833 experiendum
2544 1769 2693 1815 num
2746 1750 2953 1826 a‚Deo
3000 1751 3134 1812 sint

542 1833 789 1888 excuses
846 1845 1001 1907 quas
1043 1833 1309 1910 patitur,
1352 1839 1415 1893 et
1455 1832 1621 1893 mira
1666 1850 1797 1912 quae
1842 1832 2123 1916 loquitur
2151 1838 2183 1898 9
2915 1903 2924 1912 ,
3029 1909 3044 1921 ‚

622 1905 691 1967 R.
737 1907 1108 1987 Negandum
1157 1927 1295 1973 cum
1342 1909 1599 1988 Suarez,
1642 1914 1787 1990 quia
1855 1915 1946 1976 sic
2005 1930 2197 1996 agere
2257 1922 2354 1976 est
2397 1912 2977 1976 communicantem
3027 1924 3122 1971 in·

543 1984 777 2048 ducere
808 1989 872 2049 in
908 1989 1377 2066 idololatriam;
1421 1991 1586 2070 quod
1627 1993 1770 2054 ideo
1808 2009 1997 2072 agere
2029 2011 2153 2056 non
2202 1993 2357 2056 licet
2399 2009 2606 2072 neque
2650 1991 2728 2053 ad
2775 1990 3125 2068 indisposi-

542 2074 698 2141 tum,
732 2069 839 2146 qui
878 2069 1032 2133 velit
1067 2073 1558 2149 communicare,
1590 2073 2039 2152 decipiendum
2073 2075 2250 2154 (vide
2275 2073 2545 2138 dicenda
2590 2073 2728 2134 Lib.
2755 2088 2852 2144 ιιι,
2898 2086 2962 2144 n,
3004 2069 3130 2151 30).

542 2144 705 2208 Sunt
764 2158 975 2213 tamen
1019 2154 1128 2230 qui
1173 2169 1313 2215 cum
1360 2152 1556 2215 Diana
1605 2152 1669 2215 ld
1717 2153 1907 2216 licere
1952 2157 2292 2230 affirmant,
2322 2156 2372 2216 si
2412 2164 2637 2233 agatur
2674 2153 2756 2215 de
2796 2168 2867 2215 re
2906 2152 3128 2228 magni

541 2230 847 2291 momenti
880 2240 942 2293 et
970 2232 1019 2293 si
1054 2233 1211 2294 actis
1247 2233 1542 2296 omnibus
1572 2231 1721 2295 aliis
1763 2237 2220 2315 experimentis
2262 2235 2551 2317 ambigua
2577 2232 2785 2297 adhuc
2805 2248 2909 2294 res
2934 2231 3044 2306 sit,
3070 2239 3130 2294 et

544 2306 760 2371 habito
796 2311 1064 2373 consilio
1089 2315 1423 2391 majorum3
1469 2317 1820 2392 periculum
1850 2315 2431 2379 enimidololatriae
2482 2329 2603 2377 non
2644 2313 2895 2376 estnisi
2925 2319 3124 2373 mate-

540 2389 720 2465 riale,
763 2392 926 2471 qnod
977 2408 1165 2470 porro
1211 2409 1350 2457 cum
1397 2399 1570 2472 gravi
1635 2412 1820 2458 causa
1889 2406 2094 2474 potest
2156 2396 2472 2458 indirecte
2539 2395 2848 2474 permitti.
2919 2390 3118 2471 quue

543 2471 739 2532 variis
804 2471 1076 2550 probant
1121 2473 1449 2555 exempli3‚
1494 2477 1850 2554 praesertim
1898 2476 2008 2537 illo
2067 2475 2231 2555 quod
2303 2486 2497 2538 totam
2561 2475 2827 2538 Romam
2893 2481 3126 2535 testem

544 2548 766 2613 habuit
808 2553 1039 2614 saeculo
1068 2553 1226 2630 XVI,
1248 2554 1411 2633 quod
1438 2555 1615 2618 brevi
1657 2557 1934 2634 perstrin
1987 2558 2035 2619 it
2062 2556 2318 2620 Calend.
2355 2558 2619 2619 Dioeces.
2649 2551 2906 2616 Mediol.
2942 2553 3014 2616 ia
3039 2570 3124 2615 re·

542 2630 722 2694 solut.
769 2633 850 2694 ad
877 2635 1137 2712 quoesita
1178 2653 1225 2697 s.
1267 2636 1571 2716 Liturqioe
1610 2652 1777 2698 anno
1820 2636 1848 2698 1
1981 2688 1990 2698 .

631 2737 653 2766 ι
695 2712 917 2775 Ursula
966 2713 1312 2779 Benincosa
1359 2723 1538 2795 vtvgo
1576 2717 1702 2779 Deo
1731 2726 1973 2779 sacrata
2015 2727 2156 2779 nata
2188 2716 2446 2795 Neapoli
2489 2715 2665 2792 1547,
2701 2714 2929 2798 divina
2963 2713 3118 2775 cha·

545 2791 732 2854 ritate
775 2808 1099 2870 succensa,
1136 2798 1303 2858 inter
1337 2805 1583 2858 ceteras
1650 2798 2169 2876 supernaturales
2236 2801 2475 2875 gratias
2538 2797 2718 2857 miris
2782 2793 3114 2856 extasihus

547 2869 922 2942 donabatur,
955 2875 1019 2936 in
1059 2876 1289 2954 quibus
1334 2885 1508 2939 tanto
1556 2877 1842 2955 pondere
1886 2874 2167 2955 Spiritus
2211 2874 2482 2940 Sanctus
2540 2891 2679 2938 eam
2749 2874 3006 2953 figebat,
3058 2883 3124 2936 ut

544 2952 891 3015 immobilis
937 2965 1376 3033 permaneret,
1422 2960 1547 3018 imo
1593 2956 1850 3020 brachia
1898 2958 2037 3037 ejus
2080 2957 2427 3037 aliquando
2475 2958 2538 3017 in
2596 2965 2780 3035 raptu
2855 2961 3122 3016 extensa

540 3035 916 3110 gravissima
962 3036 1243 3113 pondera
1290 3033 1746 3100 sustentarent.
1776 3038 1959 3100 Anno
1992 3039 2168 3112 1582,
2209 3039 2301 3098 sic
2341 3037 2475 3116 ‚Deo
2520 3037 2810 3117 jubente,
2854 3033 3122 3096 Romam

541 3115 719 3175 venit
764 3114 841 3175 ad
888 3112 1265 3193 Gregorium
1308 3117 1466 3193 Xlll,
1511 3119 1633 3192 cui,
1682 3128 1820 3197 post
1863 3119 2081 3198 plures
2139 3127 2389 3181 extases
2456 3119 2521 3180 in
2587 3132 2727 3198 eJus
2771 3123 3126 3194 conspectu

542 3192 810 3270 habitas,
852 3205 1228 3259 reverenter
1271 3198 1566 3278 exposuit
1608 3199 1806 3262 Deum
1838 3199 1915 3261 ob
1958 3201 2146 3263 totius
2178 3197 2689 3261 Christianitatis
2724 3204 2983 3275 peccata
3022 3196 3117 3256 ni·

524 3273 662 3335 *mis
704 3290 842 3336 esse
887 3276 1200 3340 offensum
1246 3294 1318 3339 ac
1364 3278 1612 3359 nagelta
1661 3295 1916 3342 versare
1965 3275 2253 3358 par'atum
2284 3330 2300 3352 ‚
2372 3279 2494 3341 nisi
2565 3280 2821 3340 sincera
2889 3283 3122 3354 agatur

542 3357 938 3432 poenitentia.
988 3356 1220 3420 Volens
1265 3358 1428 3439 Papa
1474 3360 1823 3422 certificari
1867 3376 1946 3421 an
1995 3362 2177 3439 virgo
2226 3376 2374 3422 vere
2418 3376 2450 3420 a
2497 3359 2626 3420 Deo
2693 3364 2946 3418 extases
3014 3355 3122 3418 ha·

540 3434 722 3498 beret
752 3433 855 3497 vel
900 3451 934 3498 a
979 3435 1267 3502 daemone
1311 3438 1735 3520 deciperetur,
1778 3440 2033 3504 selectis
2058 3442 2181 3519 piis
2224 3449 2289 3502 et
2331 3438 2534 3502 doctis
2558 3440 2736 3508 viris,
2763 3438 2932 3499 inter
2965 3451 3125 3516 quos

540 3532 588 3578 s.
631 3511 956 3596 Philippus
996 3517 1224 3581 Nerius
1289 3529 1440 3584 tunc
1481 3521 1696 3584 Romae
1751 3522 1999 3593 vivenS,
2053 3521 2353 3598 praecepit
2397 3530 2468 3583 ut
2502 3520 2626 3596 ipsi
2665 3515 2963 3596 ejusdem
3007 3515 3118 3608 [ζτ-

540 3596 698 3660 sulae
739 3598 1031 3674 spiritum
1064 3598 1333 3662 diverso
1380 3604 1743 3679 probarentss
1790 3600 2342 3675 Humiliationum,
2394 3599 2992 3673 mortificationum,
3023 3613 3117 3675 Je-

536 3677 863 3756 jnniorum
909 3677 1307 3760 aliorumque
1352 3683 1698 3759 poenalium
1743 3698 2004 3762 operum
2052 3682 2565 3760 praestantissimi
2612 3681 2737 3740 viri
2801 3673 3010 3755 rigida
3061 3681 3117 3738 ei

537 3759 963 3837 injunxerunt
1004 3763 1329 3836 exercitia,
1373 3778 1513 3840 quae
1558 3763 1771 3823 omnia
1818 3763 2137 3840 patienter
2203 3769 2269 3824 et
2331 3760 2628 3822 laetanter
2697 3757 2933 3821 famula
3003 3755 3115 3819 Dei

538 3847 637 3912 est
678 3853 993 3917 perpessa,
1033 3841 1189 3917 quin
1233 3845 1467 3905 extasis
1511 3841 1749 3905 donum
1815 3842 2327 3905 imminueretur.
2373 3839 2555 3904 Unde
2601 3837 2954 3930 deveat-um
2999 3836 3121 3900 ruit

538 3920 614 3981 ad
662 3920 778 3980 hoc
822 3919 1156 3983 ultimum:
1200 3922 1503 3985 videlicet
1544 3938 1686 3985 cum
1730 3921 1918 4000 longa
1965 3923 2178 3985 inedia
2227 3921 2506 3983 coelestis
2564 3919 2852 3982 convivit
2917 3915 3117 3980 Ursu-

540 3998 661 4063 lam
710 3999 1187 4078 defatigassent,
1235 4018 1308 4065 ac
1338 4004 1470 4083 ipsa
1496 4003 1922 4066 eucharistico
1966 4001 2135 4065 Pane
2181 4001 2461 4063 recreari
2507 4001 2712 4072 enixe,
2743 3997 3116 4077 postularet,

540 4079 748 4142 eidem
797 4080 1199 4156 intimarunt,
1249 4091 1317 4145 ut
1361 4099 1472 4162 pro
1516 4083 1620 4146 die
1665 4084 1941 4148 crastina
1973 4100 2040 4144 se
2085 4090 2478 4162 praepararet
2510 4081 2586 4144 ad
2635 4094 2893 4169 sacram·
2933 4077 3114 4141 Com·

538 4163 932 4246 munionem,
977 4162 1155 4241 cujus
1203 4162 1338 4225 loco
1382 4165 1810 4227 secretissime
1855 4171 2140 4241 paratam
2186 4167 2242 4225 ei
2291 4162 2666 4225 detulerunt
2732 4159 3116 4250 particulam

539 4255 666 4301 non
713 4251 1194 4317 consecratam;
1240 4251 1304 4305 at
1348 4243 1452 4306 illa
1502 4243 1816 4307 divinitus
1861 4242 1920 4305 id
1969 4244 2342 4322 aghosoen8‚
2386 4244 2516 4304 ait:
2561 4240 2696 4304 Non
2717 4246 2811 4301 est
2856 4238 2960 4300 ltic
3007 4239 3113 4301 Do·

541 4321 749 4382 minus
811 4335 979 4384 meus
1042 4321 1220 4385 lesus
1290 4322 1593 4387 Christus.
1659 4323 1792 4397 Quo
1855 4324 2121 4400 audito,
2183 4339 2230 4387 s.
2276 4321 2608 4402 Philippus
2670 4322 2738 4383 in
2804 4318 3116 4399 lacrymas

551 4415 691 4464 cum
736 4401 878 4465 aliis
922 4407 1153 4481 erupit,
1197 4413 1261 4466 et
1303 4419 1523 4468 omnes
1566 4404 2026 4468 concluserunt
2067 4403 2363 4468 Ursulam
2408 4418 2550 4465 esse
2593 4401 2722 4463 Deo
2780 4414 2997 4463 caram
3054 4405 3116 4462 et

541 4479 767 4623 ldivino
809 4481 1052 4560 Spiritu
1096 4499 1245 4546 vere
1291 4485 1622 4565 repletam,
1664 4486 1853 4565 eique
1896 4487 2115 4547 statim
2150 4499 2398 4550 sacram
2442 4482 2910 4546 Eucharistiam
2955 4495 3110 4560 pra-,-

589 4569 821 4622 uerunt
861 4586 916 4619 t.
1230 4605 1237 4614 ³
1781 4569 1784 4574 ’

624 4637 890 4702 imm·
938 4640 1100 4714 Quid
1142 4644 1452 4724 (quaeres)
1494 4645 1565 4707 de
1609 4643 1744 4708 illis
1784 4640 2271 4709 revelationibus
2331 4643 2605 4724 privatis
2659 4640 2947 4722 quidem,
3014 4636 3117 4702 sod
