<?xml version="1.0" encoding="UTF-8"?>
<!DOCTYPE html PUBLIC "-//W3C//DTD XHTML 1.0 Transitional//EN"
    "http://www.w3.org/TR/xhtml1/DTD/xhtml1-transitional.dtd">
<html xmlns="http://www.w3.org/1999/xhtml" xml:lang="en" lang="en">
 <head>
  <title>
</title>
<meta http-equiv="Content-Type" content="text/html;charset=utf-8" />
  <meta name='ocr-system' content='tesseract 3.04.00' />
  <meta name='ocr-capabilities' content='ocr_page ocr_carea ocr_par ocr_line ocrx_word'/>
</head>
<body>
  <div class='ocr_page' id='page_1' title='image "./theologiamorali04scavgoog_0359.png"; bbox 0 0 3292 5167; ppageno 0'>
   <div class='ocr_carea' id='block_1_1' title="bbox 157 156 2786 4229">
    <p class='ocr_par' dir='ltr' id='par_1_1' title="bbox 158 156 2759 792">
     <span class='ocr_line' id='line_1_1' title="bbox 1152 156 2756 224; baseline 0.003 -6"><span class='ocrx_word' id='word_1_1' title='bbox 1152 173 1233 219; x_wconf 73' lang='lat' dir='ltr'>bc</span> <span class='ocrx_word' id='word_1_2' title='bbox 1277 169 1724 221; x_wconf 64' lang='lat' dir='ltr'>commeneus</span> <span class='ocrx_word' id='word_1_3' title='bbox 2622 156 2756 224; x_wconf 67' lang='lat'>349</span> 
     </span>
     <span class='ocr_line' id='line_1_2' title="bbox 161 260 2756 367; baseline 0 -23"><span class='ocrx_word' id='word_1_4' title='bbox 161 297 239 344; x_wconf 74' lang='lat' dir='ltr'>tm</span> <span class='ocrx_word' id='word_1_5' title='bbox 276 260 804 363; x_wconf 51' lang='lat' dir='ltr'>fidejussere&#39;non</span> <span class='ocrx_word' id='word_1_6' title='bbox 846 276 906 343; x_wconf 76' lang='lat' dir='ltr'>si</span> <span class='ocrx_word' id='word_1_7' title='bbox 933 276 1177 345; x_wconf 73' lang='lat' dir='ltr'>misum</span> <span class='ocrx_word' id='word_1_8' title='bbox 1221 277 1329 344; x_wconf 73' lang='lat' dir='ltr'>che</span> <span class='ocrx_word' id='word_1_9' title='bbox 1376 277 1444 346; x_wconf 82' lang='lat' dir='ltr'>in</span> <span class='ocrx_word' id='word_1_10' title='bbox 1487 279 1752 363; x_wconf 73' lang='lat' dir='ltr'>raqione</span> <span class='ocrx_word' id='word_1_11' title='bbox 1795 277 2032 346; x_wconf 81' lang='lat' dir='ltr'>de’suoi</span> <span class='ocrx_word' id='word_1_12' title='bbox 2077 279 2215 346; x_wconf 79' lang='lat' dir='ltr'>beni</span> <span class='ocrx_word' id='word_1_13' title='bbox 2260 280 2490 367; x_wconf 75' lang='lat' dir='ltr'>capaci</span> <span class='ocrx_word' id='word_1_14' title='bbox 2535 276 2756 367; x_wconf 85' lang='lat' dir='ltr'>d’ipo-</span> 
     </span>
     <span class='ocr_line' id='line_1_3' title="bbox 160 383 2756 481; baseline 0.002 -30"><span class='ocrx_word' id='word_1_15' title='bbox 160 395 298 466; x_wconf 74' lang='lat' dir='ltr'>teca,</span> <span class='ocrx_word' id='word_1_16' title='bbox 347 395 565 451; x_wconf 81' lang='lat' dir='ltr'>ecoetto</span> <span class='ocrx_word' id='word_1_17' title='bbox 612 385 720 451; x_wconf 81' lang='lat' dir='ltr'>che</span> <span class='ocrx_word' id='word_1_18' title='bbox 753 387 810 453; x_wconf 88' lang='lat' dir='ltr'>si</span> <span class='ocrx_word' id='word_1_19' title='bbox 857 383 1036 481; x_wconf 79' lang='lat' dir='ltr'>tratti</span> <span class='ocrx_word' id='word_1_20' title='bbox 1064 384 1130 451; x_wconf 86' lang='lat' dir='ltr'>di</span> <span class='ocrx_word' id='word_1_21' title='bbox 1174 385 1431 451; x_wconf 81' lang='lat' dir='ltr'>materie</span> <span class='ocrx_word' id='word_1_22' title='bbox 1467 385 1532 453; x_wconf 83' lang='lat' dir='ltr'>di</span> <span class='ocrx_word' id='word_1_23' title='bbox 1574 387 1944 455; x_wconf 84' lang='lat' dir='ltr'>commercio</span> <span class='ocrx_word' id='word_1_24' title='bbox 1990 406 2024 454; x_wconf 91' lang='grc' dir='ltr'><em>ο</em></span> <span class='ocrx_word' id='word_1_25' title='bbox 2071 387 2121 453; x_wconf 85' lang='lat' dir='ltr'>il</span> <span class='ocrx_word' id='word_1_26' title='bbox 2164 385 2361 455; x_wconf 85' lang='lat' dir='ltr'>debito</span> <span class='ocrx_word' id='word_1_27' title='bbox 2407 390 2506 454; x_wconf 74' lang='lat' dir='ltr'>sia</span> <span class='ocrx_word' id='word_1_28' title='bbox 2550 401 2756 457; x_wconf 79' lang='lat' dir='ltr'>tenue.</span> 
     </span>
     <span class='ocr_line' id='line_1_4' title="bbox 158 490 2759 580; baseline 0.001 -21"><span class='ocrx_word' id='word_1_29' title='bbox 158 491 257 560; x_wconf 78' lang='lat' dir='ltr'>Pet</span> <span class='ocrx_word' id='word_1_30' title='bbox 279 492 402 577; x_wconf 76' lang='lat' dir='ltr'>fine</span> <span class='ocrx_word' id='word_1_31' title='bbox 432 502 769 568; x_wconf 76' lang='lat' dir='ltr'>accennata</span> <span class='ocrx_word' id='word_1_32' title='bbox 799 511 927 558; x_wconf 79' lang='lat' dir='ltr'>non</span> <span class='ocrx_word' id='word_1_33' title='bbox 970 490 1028 557; x_wconf 81' lang='lat' dir='ltr'>si</span> <span class='ocrx_word' id='word_1_34' title='bbox 1065 493 1195 558; x_wconf 76' lang='lat' dir='ltr'>tien</span> <span class='ocrx_word' id='word_1_35' title='bbox 1239 502 1415 559; x_wconf 74' lang='lat' dir='ltr'>canto</span> <span class='ocrx_word' id='word_1_36' title='bbox 1458 491 1557 558; x_wconf 84' lang='lat' dir='ltr'>dei</span> <span class='ocrx_word' id='word_1_37' title='bbox 1588 492 1727 560; x_wconf 76' lang='lat' dir='ltr'>beni</span> <span class='ocrx_word' id='word_1_38' title='bbox 1774 492 2051 578; x_wconf 61' lang='lat' dir='ltr'>Etiamsi,</span> <span class='ocrx_word' id='word_1_39' title='bbox 2093 492 2172 561; x_wconf 74' lang='lat' dir='ltr'>ne</span> <span class='ocrx_word' id='word_1_40' title='bbox 2201 494 2268 560; x_wconf 85' lang='lat' dir='ltr'>di</span> <span class='ocrx_word' id='word_1_41' title='bbox 2296 495 2488 580; x_wconf 80' lang='lat' dir='ltr'>quelli</span> <span class='ocrx_word' id='word_1_42' title='bbox 2535 494 2759 561; x_wconf 75' lang='lat' dir='ltr'><strong><em>situati</em></strong></span> 
     </span>
     <span class='ocr_line' id='line_1_5' title="bbox 158 598 2759 691; baseline 0.002 -25"><span class='ocrx_word' id='word_1_43' title='bbox 158 618 195 666; x_wconf 85' lang='lat' dir='ltr'>a</span> <span class='ocrx_word' id='word_1_44' title='bbox 232 601 350 665; x_wconf 85' lang='lat' dir='ltr'>tale</span> <span class='ocrx_word' id='word_1_45' title='bbox 394 598 695 665; x_wconf 72' lang='lat' dir='ltr'>distanza</span> <span class='ocrx_word' id='word_1_46' title='bbox 738 598 822 664; x_wconf 89' lang='lat' dir='ltr'>da</span> <span class='ocrx_word' id='word_1_47' title='bbox 864 599 1121 666; x_wconf 76' lang='lat' dir='ltr'>rendere</span> <span class='ocrx_word' id='word_1_48' title='bbox 1150 611 1368 687; x_wconf 82' lang='lat' dir='ltr'>trappa</span> <span class='ocrx_word' id='word_1_49' title='bbox 1415 599 1652 689; x_wconf 81' lang='lat' dir='ltr'>difficili</span> <span class='ocrx_word' id='word_1_50' title='bbox 1694 601 1786 687; x_wconf 74' lang='lat' dir='ltr'>qli</span> <span class='ocrx_word' id='word_1_51' title='bbox 1829 601 1948 669; x_wconf 86' lang='lat' dir='ltr'>atti</span> <span class='ocrx_word' id='word_1_52' title='bbox 1991 602 2282 669; x_wconf 80' lang='lat' dir='ltr'>esecutivi</span> <span class='ocrx_word' id='word_1_53' title='bbox 2323 622 2515 691; x_wconf 80' lang='lat' dir='ltr'>sopra</span> <span class='ocrx_word' id='word_1_54' title='bbox 2581 602 2759 670; x_wconf 89' lang='lat' dir='ltr'>ime-</span> 
     </span>
     <span class='ocr_line' id='line_1_6' title="bbox 161 704 837 792; baseline 0 -20"><span class='ocrx_word' id='word_1_55' title='bbox 161 704 363 772; x_wconf 81' lang='lat' dir='ltr'>desimi</span> <span class='ocrx_word' id='word_1_56' title='bbox 409 706 561 792; x_wconf 84' lang='lat' dir='ltr'>(art.</span> <span class='ocrx_word' id='word_1_57' title='bbox 616 706 837 791; x_wconf 75' lang='lat'>1905).</span> 
     </span>
    </p>

    <p class='ocr_par' dir='ltr' id='par_1_2' title="bbox 234 812 2370 900">
     <span class='ocr_line' id='line_1_7' title="bbox 234 812 2370 900; baseline 0.002 -24"><span class='ocrx_word' id='word_1_58' title='bbox 234 814 435 876; x_wconf 65' lang='lat'><strong>2183.</strong></span> <span class='ocrx_word' id='word_1_59' title='bbox 489 814 561 892; x_wconf 90' lang='lat' dir='ltr'>Q.</span> <span class='ocrx_word' id='word_1_60' title='bbox 606 814 666 879; x_wconf 89' lang='lat'>6.</span> <span class='ocrx_word' id='word_1_61' title='bbox 722 814 1024 893; x_wconf 67' lang='lat' dir='ltr'>Quaenam</span> <span class='ocrx_word' id='word_1_62' title='bbox 1069 823 1215 878; x_wconf 81' lang='lat' dir='ltr'>sunt</span> <span class='ocrx_word' id='word_1_63' title='bbox 1260 832 1452 879; x_wconf 76' lang='lat' dir='ltr'>onera</span> <span class='ocrx_word' id='word_1_64' title='bbox 1503 825 1555 880; x_wconf 86' lang='lat' dir='ltr'>ec</span> <span class='ocrx_word' id='word_1_65' title='bbox 1592 814 1752 898; x_wconf 82' lang='lat' dir='ltr'>jura</span> <span class='ocrx_word' id='word_1_66' title='bbox 1800 812 2232 899; x_wconf 78' lang='lat' dir='ltr'>fidejussoris?</span> <span class='ocrx_word' id='word_1_67' title='bbox 2364 893 2370 900; x_wconf 38' lang='grc'>,</span> 
     </span>
    </p>

    <p class='ocr_par' dir='ltr' id='par_1_3' title="bbox 157 910 2759 1852">
     <span class='ocr_line' id='line_1_8' title="bbox 234 910 2758 1008; baseline 0.002 -21"><span class='ocrx_word' id='word_1_68' title='bbox 234 920 301 987; x_wconf 80' lang='lat' dir='ltr'>R.</span> <span class='ocrx_word' id='word_1_69' title='bbox 350 919 453 987; x_wconf 85' lang='lat' dir='ltr'>Ad</span> <span class='ocrx_word' id='word_1_70' title='bbox 506 922 576 986; x_wconf 76' lang='lat' dir='ltr'>t:</span> <span class='ocrx_word' id='word_1_71' title='bbox 630 921 840 987; x_wconf 84' lang='lat' dir='ltr'>Onera</span> <span class='ocrx_word' id='word_1_72' title='bbox 893 917 1305 1004; x_wconf 74' lang='lat' dir='ltr'>fideiussoris</span> <span class='ocrx_word' id='word_1_73' title='bbox 1355 920 1500 988; x_wconf 82' lang='lat' dir='ltr'>haec</span> <span class='ocrx_word' id='word_1_74' title='bbox 1547 927 1743 989; x_wconf 89' lang='lat' dir='ltr'>sunt:</span> <span class='ocrx_word' id='word_1_75' title='bbox 1791 921 1844 989; x_wconf 91' lang='lat' dir='ltr'>si</span> <span class='ocrx_word' id='word_1_76' title='bbox 1894 910 2164 1008; x_wconf 85' lang='lat' dir='ltr'>ipsese</span> <span class='ocrx_word' id='word_1_77' title='bbox 2201 920 2515 1008; x_wconf 76' lang='lat' dir='ltr'>obligavit</span> <span class='ocrx_word' id='word_1_78' title='bbox 2549 923 2612 989; x_wconf 87' lang='lat' dir='ltr'>in</span> <span class='ocrx_word' id='word_1_79' title='bbox 2646 923 2758 991; x_wconf 90' lang='lat' dir='ltr'>de-</span> 
     </span>
     <span class='ocr_line' id='line_1_9' title="bbox 160 1025 2752 1110; baseline 0.001 -16"><span class='ocrx_word' id='word_1_80' title='bbox 160 1025 388 1095; x_wconf 81' lang='lat' dir='ltr'>fectum</span> <span class='ocrx_word' id='word_1_81' title='bbox 439 1025 764 1094; x_wconf 76' lang='lat' dir='ltr'><strong>debitoris</strong></span> <span class='ocrx_word' id='word_1_82' title='bbox 814 1032 1091 1109; x_wconf 83' lang='lat' dir='ltr'>tantum,</span> <span class='ocrx_word' id='word_1_83' title='bbox 1143 1045 1274 1094; x_wconf 91' lang='lat' dir='ltr'>non</span> <span class='ocrx_word' id='word_1_84' title='bbox 1325 1033 1592 1094; x_wconf 86' lang='lat' dir='ltr'>tenetur</span> <span class='ocrx_word' id='word_1_85' title='bbox 1637 1027 1932 1110; x_wconf 81' lang='lat' dir='ltr'>solvere,</span> <span class='ocrx_word' id='word_1_86' title='bbox 1987 1028 2111 1096; x_wconf 91' lang='lat' dir='ltr'>nisi</span> <span class='ocrx_word' id='word_1_87' title='bbox 2148 1027 2210 1095; x_wconf 90' lang='lat' dir='ltr'>in</span> <span class='ocrx_word' id='word_1_88' title='bbox 2248 1028 2423 1095; x_wconf 80' lang='lat' dir='ltr'>iliius</span> <span class='ocrx_word' id='word_1_89' title='bbox 2457 1029 2752 1098; x_wconf 82' lang='lat' dir='ltr'>defectu:</span> 
     </span>
     <span class='ocr_line' id='line_1_10' title="bbox 164 1132 2757 1220; baseline 0.003 -21"><span class='ocrx_word' id='word_1_90' title='bbox 164 1132 318 1200; x_wconf 90' lang='lat' dir='ltr'>unde</span> <span class='ocrx_word' id='word_1_91' title='bbox 370 1152 612 1218; x_wconf 83' lang='lat' dir='ltr'>urgere</span> <span class='ocrx_word' id='word_1_92' title='bbox 665 1141 926 1220; x_wconf 83' lang='lat' dir='ltr'>potest,</span> <span class='ocrx_word' id='word_1_93' title='bbox 978 1140 1048 1199; x_wconf 85' lang='lat' dir='ltr'>nt</span> <span class='ocrx_word' id='word_1_94' title='bbox 1099 1134 1281 1219; x_wconf 84' lang='lat' dir='ltr'>prius</span> <span class='ocrx_word' id='word_1_95' title='bbox 1333 1133 1596 1202; x_wconf 87' lang='lat' dir='ltr'>debitor</span> <span class='ocrx_word' id='word_1_96' title='bbox 1644 1135 2053 1202; x_wconf 76' lang='lat' dir='ltr'>excutiatur:</span> <span class='ocrx_word' id='word_1_97' title='bbox 2103 1135 2301 1203; x_wconf 92' lang='lat' dir='ltr'>modo</span> <span class='ocrx_word' id='word_1_98' title='bbox 2354 1144 2577 1205; x_wconf 87' lang='lat' dir='ltr'>tamen</span> <span class='ocrx_word' id='word_1_99' title='bbox 2631 1138 2757 1206; x_wconf 87' lang='lat' dir='ltr'>boc</span> 
     </span>
     <span class='ocr_line' id='line_1_11' title="bbox 163 1240 2754 1331; baseline 0.001 -20"><span class='ocrx_word' id='word_1_100' title='bbox 163 1242 443 1329; x_wconf 78' lang='lat' dir='ltr'><strong>postulet</strong></span> <span class='ocrx_word' id='word_1_101' title='bbox 501 1242 773 1310; x_wconf 88' lang='lat' dir='ltr'>ineunte</span> <span class='ocrx_word' id='word_1_102' title='bbox 822 1240 1074 1328; x_wconf 88' lang='lat' dir='ltr'>judicio</span> <span class='ocrx_word' id='word_1_103' title='bbox 1134 1250 1197 1310; x_wconf 92' lang='lat' dir='ltr'>et</span> <span class='ocrx_word' id='word_1_104' title='bbox 1255 1260 1579 1328; x_wconf 83' lang='lat' dir='ltr'>expensas</span> <span class='ocrx_word' id='word_1_105' title='bbox 1630 1244 2037 1311; x_wconf 83' lang='lat' dir='ltr'>necessarias</span> <span class='ocrx_word' id='word_1_106' title='bbox 2086 1244 2296 1311; x_wconf 78' lang='lat' dir='ltr'>solvat</span> <span class='ocrx_word' id='word_1_107' title='bbox 2355 1245 2754 1331; x_wconf 80' lang='lat' dir='ltr'>anticipate,</span> 
     </span>
     <span class='ocr_line' id='line_1_12' title="bbox 160 1336 2756 1437; baseline 0.002 -22"><span class='ocrx_word' id='word_1_108' title='bbox 160 1368 220 1418; x_wconf 80' lang='lat' dir='ltr'>ac</span> <span class='ocrx_word' id='word_1_109' title='bbox 264 1350 440 1417; x_wconf 88' lang='lat' dir='ltr'>bona</span> <span class='ocrx_word' id='word_1_110' title='bbox 490 1336 811 1418; x_wconf 79' lang='lat' dir='ltr'><strong>debitoris</strong></span> <span class='ocrx_word' id='word_1_111' title='bbox 862 1348 1105 1417; x_wconf 79' lang='lat' dir='ltr'>indicet</span> <span class='ocrx_word' id='word_1_112' title='bbox 1154 1367 1303 1434; x_wconf 82' lang='lat' dir='ltr'>quae</span> <span class='ocrx_word' id='word_1_113' title='bbox 1342 1349 1543 1417; x_wconf 81' lang='lat' dir='ltr'>libera</span> <span class='ocrx_word' id='word_1_114' title='bbox 1593 1350 1749 1433; x_wconf 88' lang='lat' dir='ltr'>sint,</span> <span class='ocrx_word' id='word_1_115' title='bbox 1799 1359 1864 1417; x_wconf 90' lang='lat' dir='ltr'>et</span> <span class='ocrx_word' id='word_1_116' title='bbox 1913 1350 2081 1417; x_wconf 86' lang='lat' dir='ltr'>intra</span> <span class='ocrx_word' id='word_1_117' title='bbox 2135 1350 2299 1418; x_wconf 89' lang='lat' dir='ltr'>fines</span> <span class='ocrx_word' id='word_1_118' title='bbox 2349 1352 2756 1437; x_wconf 84' lang='lat' dir='ltr'>J&#39;urisdictio-</span> 
     </span>
     <span class='ocr_line' id='line_1_13' title="bbox 159 1457 2755 1543; baseline 0.002 -20"><span class='ocrx_word' id='word_1_119' title='bbox 159 1458 244 1535; x_wconf 84' lang='lat' dir='ltr'>nis</span> <span class='ocrx_word' id='word_1_120' title='bbox 292 1458 725 1542; x_wconf 78' lang='lat' dir='ltr'><strong>magistratus</strong></span> <span class='ocrx_word' id='word_1_121' title='bbox 776 1458 1010 1543; x_wconf 86' lang='lat' dir='ltr'>posita,</span> <span class='ocrx_word' id='word_1_122' title='bbox 1062 1457 1171 1526; x_wconf 84' lang='lat' dir='ltr'>ubi</span> <span class='ocrx_word' id='word_1_123' title='bbox 1223 1457 1517 1525; x_wconf 75' lang='lat' dir='ltr'>facienda</span> <span class='ocrx_word' id='word_1_124' title='bbox 1567 1466 1669 1525; x_wconf 89' lang='lat' dir='ltr'>est</span> <span class='ocrx_word' id='word_1_125' title='bbox 1718 1458 1986 1526; x_wconf 79' lang='lat' dir='ltr'>solutio.</span> <span class='ocrx_word' id='word_1_126' title='bbox 2026 1458 2092 1525; x_wconf 93' lang='lat' dir='ltr'>Si</span> <span class='ocrx_word' id='word_1_127' title='bbox 2136 1475 2289 1526; x_wconf 89' lang='lat' dir='ltr'>vero</span> <span class='ocrx_word' id='word_1_128' title='bbox 2334 1478 2407 1527; x_wconf 90' lang='lat' dir='ltr'>se</span> <span class='ocrx_word' id='word_1_129' title='bbox 2441 1460 2755 1543; x_wconf 84' lang='lat' dir='ltr'>obligavit</span> 
     </span>
     <span class='ocr_line' id='line_1_14' title="bbox 157 1564 2759 1650; baseline 0.002 -23"><span class='ocrx_word' id='word_1_130' title='bbox 157 1564 241 1634; x_wconf 77' lang='lat' dir='ltr'>vei</span> <span class='ocrx_word' id='word_1_131' title='bbox 286 1565 733 1634; x_wconf 84' lang='lat' dir='ltr'>renuntiando</span> <span class='ocrx_word' id='word_1_132' title='bbox 783 1564 1107 1634; x_wconf 84' lang='lat' dir='ltr'>beneficio</span> <span class='ocrx_word' id='word_1_133' title='bbox 1157 1564 1529 1632; x_wconf 81' lang='lat' dir='ltr'>debitorem</span> <span class='ocrx_word' id='word_1_134' title='bbox 1581 1565 1867 1650; x_wconf 82' lang='lat' dir='ltr'>primum</span> <span class='ocrx_word' id='word_1_135' title='bbox 1918 1565 2319 1649; x_wconf 83' lang='lat' dir='ltr'>excutiendi,</span> <span class='ocrx_word' id='word_1_136' title='bbox 2370 1567 2468 1634; x_wconf 88' lang='lat' dir='ltr'>vel</span> <span class='ocrx_word' id='word_1_137' title='bbox 2517 1566 2759 1634; x_wconf 83' lang='lat' dir='ltr'>solida-</span> 
     </span>
     <span class='ocr_line' id='line_1_15' title="bbox 158 1672 2755 1760; baseline 0.001 -19"><span class='ocrx_word' id='word_1_138' title='bbox 158 1676 239 1743; x_wconf 85' lang='lat' dir='ltr'>rie</span> <span class='ocrx_word' id='word_1_139' title='bbox 285 1694 438 1743; x_wconf 87' lang='lat' dir='ltr'>cum</span> <span class='ocrx_word' id='word_1_140' title='bbox 490 1675 638 1760; x_wconf 85' lang='lat' dir='ltr'>ipso</span> <span class='ocrx_word' id='word_1_141' title='bbox 690 1672 1028 1755; x_wconf 77' lang='lat' dir='ltr'>debitore,</span> <span class='ocrx_word' id='word_1_142' title='bbox 1084 1673 1261 1742; x_wconf 88' lang='lat' dir='ltr'>illico</span> <span class='ocrx_word' id='word_1_143' title='bbox 1312 1673 1571 1742; x_wconf 80' lang='lat' dir='ltr'>solvere</span> <span class='ocrx_word' id='word_1_144' title='bbox 1622 1680 1924 1757; x_wconf 88' lang='lat' dir='ltr'>tenetur,</span> <span class='ocrx_word' id='word_1_145' title='bbox 1973 1674 2134 1760; x_wconf 86' lang='lat' dir='ltr'>quin</span> <span class='ocrx_word' id='word_1_146' title='bbox 2192 1693 2466 1745; x_wconf 88' lang='lat' dir='ltr'>necesse</span> <span class='ocrx_word' id='word_1_147' title='bbox 2514 1676 2631 1759; x_wconf 89' lang='lat' dir='ltr'>sit,</span> <span class='ocrx_word' id='word_1_148' title='bbox 2681 1682 2755 1743; x_wconf 88' lang='lat' dir='ltr'>ut</span> 
     </span>
     <span class='ocr_line' id='line_1_16' title="bbox 157 1782 1272 1852; baseline -0.004 -2"><span class='ocrx_word' id='word_1_149' title='bbox 157 1782 229 1850; x_wconf 84' lang='lat' dir='ltr'>ad</span> <span class='ocrx_word' id='word_1_150' title='bbox 270 1782 648 1852; x_wconf 80' lang='lat' dir='ltr'>debitorem</span> <span class='ocrx_word' id='word_1_151' title='bbox 698 1782 809 1850; x_wconf 82' lang='lat' dir='ltr'>fiat</span> <span class='ocrx_word' id='word_1_152' title='bbox 859 1800 1171 1849; x_wconf 84' lang='lat' dir='ltr'>recursus</span> <span class='ocrx_word' id='word_1_153' title='bbox 1226 1784 1272 1846; x_wconf 74' lang='lat'>¹.</span> 
     </span>
    </p>

    <p class='ocr_par' dir='ltr' id='par_1_4' title="bbox 158 1870 2786 3370">
     <span class='ocr_line' id='line_1_17' title="bbox 231 1870 2744 1975; baseline -0 -17"><span class='ocrx_word' id='word_1_154' title='bbox 231 1892 299 1958; x_wconf 87' lang='lat' dir='ltr'>R.</span> <span class='ocrx_word' id='word_1_155' title='bbox 355 1889 456 1957; x_wconf 86' lang='lat' dir='ltr'>Ad</span> <span class='ocrx_word' id='word_1_156' title='bbox 518 1891 590 1955; x_wconf 72' lang='lat'>2:</span> <span class='ocrx_word' id='word_1_157' title='bbox 639 1892 794 1956; x_wconf 86' lang='lat' dir='ltr'>Jura</span> <span class='ocrx_word' id='word_1_158' title='bbox 858 1887 1270 1974; x_wconf 81' lang='lat' dir='ltr'>fidejussoris</span> <span class='ocrx_word' id='word_1_159' title='bbox 1318 1894 1504 1955; x_wconf 89' lang='lat' dir='ltr'>sunt:</span> <span class='ocrx_word' id='word_1_160' title='bbox 1553 1870 1778 1971; x_wconf 82' lang='lat' dir='ltr'>&#39;pretio</span> <span class='ocrx_word' id='word_1_161' title='bbox 1828 1888 2094 1971; x_wconf 84' lang='lat' dir='ltr'>soluto,</span> <span class='ocrx_word' id='word_1_162' title='bbox 2139 1889 2282 1975; x_wconf 89' lang='lat' dir='ltr'>ipse</span> <span class='ocrx_word' id='word_1_163' title='bbox 2329 1889 2628 1959; x_wconf 79' lang='lat' dir='ltr'>succedit</span> <span class='ocrx_word' id='word_1_164' title='bbox 2681 1891 2744 1957; x_wconf 88' lang='lat' dir='ltr'>in</span> 
     </span>
     <span class='ocr_line' id='line_1_18' title="bbox 159 1993 2744 2082; baseline -0 -18"><span class='ocrx_word' id='word_1_165' title='bbox 159 1996 359 2064; x_wconf 90' lang='lat' dir='ltr'>omnia</span> <span class='ocrx_word' id='word_1_166' title='bbox 431 1997 579 2082; x_wconf 86' lang='lat' dir='ltr'>jura</span> <span class='ocrx_word' id='word_1_167' title='bbox 653 1995 1055 2063; x_wconf 72' lang='lat' dir='ltr'>creditorum</span> <span class='ocrx_word' id='word_1_168' title='bbox 1131 2002 1359 2062; x_wconf 84' lang='lat' dir='ltr'>contra</span> <span class='ocrx_word' id='word_1_169' title='bbox 1409 1993 1779 2062; x_wconf 88' lang='lat' dir='ltr'>debitorem</span> <span class='ocrx_word' id='word_1_170' title='bbox 1798 2020 1817 2076; x_wconf 90' lang='lat'>;</span> <span class='ocrx_word' id='word_1_171' title='bbox 1869 1995 2076 2063; x_wconf 89' lang='lat' dir='ltr'>habet·</span> <span class='ocrx_word' id='word_1_172' title='bbox 2116 1996 2312 2064; x_wconf 85' lang='lat' dir='ltr'>etiam</span> <span class='ocrx_word' id='word_1_173' title='bbox 2362 2014 2744 2080; x_wconf 83' lang='lat' dir='ltr'>regressum</span> 
     </span>
     <span class='ocr_line' id='line_1_19' title="bbox 164 2100 2747 2188; baseline -0 -17"><span class='ocrx_word' id='word_1_174' title='bbox 164 2102 606 2171; x_wconf 78' lang='lat' dir='ltr'>contra·alios</span> <span class='ocrx_word' id='word_1_175' title='bbox 664 2102 1133 2188; x_wconf 86' lang='lat' dir='ltr'>fidejussores,</span> <span class='ocrx_word' id='word_1_176' title='bbox 1183 2101 1235 2169; x_wconf 92' lang='lat' dir='ltr'>si</span> <span class='ocrx_word' id='word_1_177' title='bbox 1289 2101 1397 2187; x_wconf 88' lang='lat' dir='ltr'>qui</span> <span class='ocrx_word' id='word_1_178' title='bbox 1450 2100 1582 2168; x_wconf 89' lang='lat' dir='ltr'>sint</span> <span class='ocrx_word' id='word_1_179' title='bbox 1612 2128 1629 2183; x_wconf 79' lang='lat'><em>3</em></span> <span class='ocrx_word' id='word_1_180' title='bbox 1674 2120 1747 2169; x_wconf 91' lang='lat' dir='ltr'>ac</span> <span class='ocrx_word' id='word_1_181' title='bbox 1797 2109 2022 2188; x_wconf 87' lang='lat' dir='ltr'>potest</span> <span class='ocrx_word' id='word_1_182' title='bbox 2072 2112 2301 2188; x_wconf 88' lang='lat' dir='ltr'>petere</span> <span class='ocrx_word' id='word_1_183' title='bbox 2350 2121 2747 2188; x_wconf 77' lang='lat' dir='ltr'>compensa-</span> 
     </span>
     <span class='ocr_line' id='line_1_20' title="bbox 169 2206 2749 2293; baseline 0.001 -19"><span class='ocrx_word' id='word_1_184' title='bbox 169 2209 404 2278; x_wconf 87' lang='lat' dir='ltr'>tionem</span> <span class='ocrx_word' id='word_1_185' title='bbox 458 2207 874 2276; x_wconf 90' lang='lat' dir='ltr'>damnorum.</span> <span class='ocrx_word' id='word_1_186' title='bbox 921 2210 1060 2276; x_wconf 87' lang='lat' dir='ltr'>Imo</span> <span class='ocrx_word' id='word_1_187' title='bbox 1112 2206 1406 2275; x_wconf 87' lang='lat' dir='ltr'>nondum</span> <span class='ocrx_word' id='word_1_188' title='bbox 1460 2207 1624 2276; x_wconf 82' lang='lat' dir='ltr'>sacta</span> <span class='ocrx_word' id='word_1_189' title='bbox 1676 2208 2034 2290; x_wconf 82' lang='lat' dir='ltr'>solutione,</span> <span class='ocrx_word' id='word_1_190' title='bbox 2085 2228 2324 2293; x_wconf 74' lang='lat' dir='ltr'>urgere</span> <span class='ocrx_word' id='word_1_191' title='bbox 2356 2208 2749 2291; x_wconf 77' lang='lat' dir='ltr'>debitorem,</span> 
     </span>
     <span class='ocr_line' id='line_1_21' title="bbox 164 2315 2754 2405; baseline 0.001 -22"><span class='ocrx_word' id='word_1_192' title='bbox 164 2325 226 2384; x_wconf 88' lang='lat' dir='ltr'>ut</span> <span class='ocrx_word' id='word_1_193' title='bbox 269 2336 338 2386; x_wconf 87' lang='lat' dir='ltr'>se</span> <span class='ocrx_word' id='word_1_194' title='bbox 389 2337 425 2384; x_wconf 89' lang='lat' dir='ltr'>a</span> <span class='ocrx_word' id='word_1_195' title='bbox 475 2317 907 2403; x_wconf 87' lang='lat' dir='ltr'>fidejussione</span> <span class='ocrx_word' id='word_1_196' title='bbox 958 2315 1226 2384; x_wconf 88' lang='lat' dir='ltr'>liberet:</span> <span class='ocrx_word' id='word_1_197' title='bbox 1267 2315 1332 2399; x_wconf 77' lang='lat'>1)</span> <span class='ocrx_word' id='word_1_198' title='bbox 1371 2316 1632 2396; x_wconf 76' lang='lat' dir='ltr'>Quando</span> <span class='ocrx_word' id='word_1_199' title='bbox 1664 2316 1696 2382; x_wconf 79' lang='lat' dir='ltr'>e</span> <span class='ocrx_word' id='word_1_200' title='bbox 1726 2329 2062 2383; x_wconf 75' lang='lat' dir='ltr'>convenam</span> <span class='ocrx_word' id='word_1_201' title='bbox 2107 2317 2613 2402; x_wconf 70' lang='lat' dir='ltr'>qiudizialmente</span> <span class='ocrx_word' id='word_1_202' title='bbox 2647 2319 2754 2405; x_wconf 86' lang='lat' dir='ltr'>pel</span> 
     </span>
     <span class='ocr_line' id='line_1_22' title="bbox 161 2423 2754 2511; baseline 0 -20"><span class='ocrx_word' id='word_1_203' title='bbox 161 2438 556 2511; x_wconf 64' lang='lat' dir='ltr'>papamento;</span> <span class='ocrx_word' id='word_1_204' title='bbox 611 2426 680 2510; x_wconf 77' lang='lat'>2)</span> <span class='ocrx_word' id='word_1_205' title='bbox 737 2424 984 2510; x_wconf 82' lang='lat' dir='ltr'>quando</span> <span class='ocrx_word' id='word_1_206' title='bbox 1027 2423 1076 2488; x_wconf 77' lang='lat' dir='ltr'>it</span> <span class='ocrx_word' id='word_1_207' title='bbox 1121 2423 1386 2489; x_wconf 80' lang='lat' dir='ltr'>debitore</span> <span class='ocrx_word' id='word_1_208' title='bbox 1430 2423 1462 2489; x_wconf 81' lang='lat' dir='ltr'>e</span> <span class='ocrx_word' id='word_1_209' title='bbox 1514 2424 1741 2507; x_wconf 76' lang='lat' dir='ltr'>fellito,</span> <span class='ocrx_word' id='word_1_210' title='bbox 1790 2443 1824 2489; x_wconf 93' lang='grc' dir='ltr'><strong><em>ο</em></strong></span> <span class='ocrx_word' id='word_1_211' title='bbox 1856 2424 1914 2489; x_wconf 87' lang='lat' dir='ltr'>si</span> <span class='ocrx_word' id='word_1_212' title='bbox 1958 2426 2121 2490; x_wconf 84' lang='lat' dir='ltr'>trovi</span> <span class='ocrx_word' id='word_1_213' title='bbox 2167 2425 2235 2490; x_wconf 80' lang='lat' dir='ltr'>in</span> <span class='ocrx_word' id='word_1_214' title='bbox 2281 2425 2467 2491; x_wconf 82' lang='lat' dir='ltr'>istato</span> <span class='ocrx_word' id='word_1_215' title='bbox 2514 2426 2579 2492; x_wconf 87' lang='lat' dir='ltr'>di</span> <span class='ocrx_word' id='word_1_216' title='bbox 2623 2446 2754 2492; x_wconf 77' lang='lat' dir='ltr'>non</span> 
     </span>
     <span class='ocr_line' id='line_1_23' title="bbox 160 2531 2754 2619; baseline 0.001 -22"><span class='ocrx_word' id='word_1_217' title='bbox 160 2534 468 2615; x_wconf 74' lang='lat' dir='ltr'>salnenza;</span> <span class='ocrx_word' id='word_1_218' title='bbox 529 2536 597 2615; x_wconf 87' lang='grc'>3)</span> <span class='ocrx_word' id='word_1_219' title='bbox 647 2533 895 2618; x_wconf 81' lang='lat' dir='ltr'>quando</span> <span class='ocrx_word' id='word_1_220' title='bbox 941 2533 991 2599; x_wconf 82' lang='lat' dir='ltr'>il</span> <span class='ocrx_word' id='word_1_221' title='bbox 1036 2532 1302 2598; x_wconf 77' lang='lat' dir='ltr'>debitore</span> <span class='ocrx_word' id='word_1_222' title='bbox 1344 2532 1443 2599; x_wconf 81' lang='lat' dir='ltr'>sia</span> <span class='ocrx_word' id='word_1_223' title='bbox 1489 2531 1793 2617; x_wconf 64' lang='lat' dir='ltr'>obbligato</span> <span class='ocrx_word' id='word_1_224' title='bbox 1839 2531 1906 2598; x_wconf 82' lang='lat' dir='ltr'>di</span> <span class='ocrx_word' id='word_1_225' title='bbox 1953 2532 2243 2600; x_wconf 81' lang='lat' dir='ltr'>liberarlo</span> <span class='ocrx_word' id='word_1_226' title='bbox 2288 2533 2463 2600; x_wconf 87' lang='lat' dir='ltr'>dalla</span> <span class='ocrx_word' id='word_1_227' title='bbox 2505 2533 2754 2619; x_wconf 68' lang='lat' dir='ltr'>siqui-ta</span> 
     </span>
     <span class='ocr_line' id='line_1_24' title="bbox 161 2638 2786 2730; baseline 0.001 -25"><span class='ocrx_word' id='word_1_228' title='bbox 161 2640 219 2705; x_wconf 84' lang='lat' dir='ltr'>in</span> <span class='ocrx_word' id='word_1_229' title='bbox 258 2662 344 2707; x_wconf 70' lang='lat' dir='ltr'>tm</span> <span class='ocrx_word' id='word_1_230' title='bbox 390 2653 593 2730; x_wconf 85' lang='lat' dir='ltr'>tempo</span> <span class='ocrx_word' id='word_1_231' title='bbox 639 2640 1062 2721; x_wconf 72' lang='lat' dir='ltr'>determinato,</span> <span class='ocrx_word' id='word_1_232' title='bbox 1114 2660 1145 2706; x_wconf 92' lang='lat' dir='ltr'>e</span> <span class='ocrx_word' id='word_1_233' title='bbox 1190 2651 1396 2724; x_wconf 81' lang='lat' dir='ltr'>questo</span> <span class='ocrx_word' id='word_1_234' title='bbox 1443 2638 1543 2704; x_wconf 81' lang='lat' dir='ltr'>sia</span> <span class='ocrx_word' id='word_1_235' title='bbox 1586 2639 1883 2719; x_wconf 82' lang='lat' dir='ltr'>scaduto;</span> <span class='ocrx_word' id='word_1_236' title='bbox 1929 2641 1998 2726; x_wconf 79' lang='lat'>4)</span> <span class='ocrx_word' id='word_1_237' title='bbox 2045 2640 2295 2726; x_wconf 78' lang='lat' dir='ltr'>quando</span> <span class='ocrx_word' id='word_1_238' title='bbox 2342 2642 2391 2708; x_wconf 84' lang='lat' dir='ltr'>il</span> <span class='ocrx_word' id='word_1_239' title='bbox 2421 2642 2616 2708; x_wconf 84' lang='lat' dir='ltr'>debito</span> <span class='ocrx_word' id='word_1_240' title='bbox 2651 2642 2786 2707; x_wconf 82' lang='lat' dir='ltr'>sia.</span> 
     </span>
     <span class='ocr_line' id='line_1_25' title="bbox 158 2746 2753 2836; baseline 0 -23"><span class='ocrx_word' id='word_1_241' title='bbox 158 2746 427 2816; x_wconf 78' lang='lat' dir='ltr'>divenuto</span> <span class='ocrx_word' id='word_1_242' title='bbox 473 2749 746 2834; x_wconf 73' lang='lat' dir='ltr'>esiqibile</span> <span class='ocrx_word' id='word_1_243' title='bbox 786 2769 900 2836; x_wconf 86' lang='lat' dir='ltr'>per</span> <span class='ocrx_word' id='word_1_244' title='bbox 944 2768 1138 2814; x_wconf 79' lang='lat' dir='ltr'>essere</span> <span class='ocrx_word' id='word_1_245' title='bbox 1167 2746 1422 2813; x_wconf 82' lang='lat' dir='ltr'>scaduto</span> <span class='ocrx_word' id='word_1_246' title='bbox 1459 2748 1507 2812; x_wconf 87' lang='lat' dir='ltr'>il</span> <span class='ocrx_word' id='word_1_247' title='bbox 1538 2747 1799 2813; x_wconf 77' lang='lat' dir='ltr'>termine</span> <span class='ocrx_word' id='word_1_248' title='bbox 1838 2761 2180 2815; x_wconf 74' lang='lat' dir='ltr'>convenam</span> <span class='ocrx_word' id='word_1_249' title='bbox 2208 2751 2309 2834; x_wconf 82' lang='lat' dir='ltr'>pel</span> <span class='ocrx_word' id='word_1_250' title='bbox 2335 2760 2753 2835; x_wconf 60' lang='lat' dir='ltr'>pulpamenta,-</span> 
     </span>
     <span class='ocr_line' id='line_1_26' title="bbox 161 2854 2754 2944; baseline 0.002 -25"><span class='ocrx_word' id='word_1_251' title='bbox 161 2856 219 2939; x_wconf 83' lang='lat'>5)</span> <span class='ocrx_word' id='word_1_252' title='bbox 247 2857 309 2923; x_wconf 87' lang='lat' dir='ltr'>al</span> <span class='ocrx_word' id='word_1_253' title='bbox 342 2857 607 2924; x_wconf 81' lang='lat' dir='ltr'>termine</span> <span class='ocrx_word' id='word_1_254' title='bbox 652 2857 716 2922; x_wconf 86' lang='lat' dir='ltr'>di</span> <span class='ocrx_word' id='word_1_255' title='bbox 762 2857 916 2923; x_wconf 84' lang='lat' dir='ltr'>dieci</span> <span class='ocrx_word' id='word_1_256' title='bbox 962 2856 1136 2937; x_wconf 80' lang='lat' dir='ltr'>anni,</span> <span class='ocrx_word' id='word_1_257' title='bbox 1184 2854 1432 2940; x_wconf 83' lang='lat' dir='ltr'>quando</span> <span class='ocrx_word' id='word_1_258' title='bbox 1483 2854 1951 2938; x_wconf 75' lang='lat' dir='ltr'>l’obbliqazione</span> <span class='ocrx_word' id='word_1_259' title='bbox 1993 2856 2344 2944; x_wconf 84' lang='lat' dir='ltr'>principale</span> <span class='ocrx_word' id='word_1_260' title='bbox 2388 2877 2517 2923; x_wconf 81' lang='lat' dir='ltr'>non</span> <span class='ocrx_word' id='word_1_261' title='bbox 2565 2857 2754 2923; x_wconf 83' lang='lat' dir='ltr'>abbia</span> 
     </span>
     <span class='ocr_line' id='line_1_27' title="bbox 162 2954 2754 3061; baseline 0.002 -35"><span class='ocrx_word' id='word_1_262' title='bbox 162 2982 235 3026; x_wconf 76' lang='lat' dir='ltr'>uu</span> <span class='ocrx_word' id='word_1_263' title='bbox 275 2964 536 3029; x_wconf 84' lang='lat' dir='ltr'>termine</span> <span class='ocrx_word' id='word_1_264' title='bbox 578 2964 722 3049; x_wconf 78' lang='lat' dir='ltr'>fisso</span> <span class='ocrx_word' id='word_1_265' title='bbox 761 2983 878 3051; x_wconf 88' lang='lat' dir='ltr'>per</span> <span class='ocrx_word' id='word_1_266' title='bbox 925 2965 987 3029; x_wconf 87' lang='lat' dir='ltr'>la</span> <span class='ocrx_word' id='word_1_267' title='bbox 1030 2962 1337 3029; x_wconf 77' lang='lat' dir='ltr'>scadenza</span> <span class='ocrx_word' id='word_1_268' title='bbox 1371 2954 1427 3042; x_wconf 74' lang='lat'>²3</span> <span class='ocrx_word' id='word_1_269' title='bbox 1455 2960 1690 3061; x_wconf 75' lang='lat' dir='ltr'>purche&#39;</span> <span class='ocrx_word' id='word_1_270' title='bbox 1724 2960 2190 3047; x_wconf 72' lang='lat' dir='ltr'>l’obbliyazione</span> <span class='ocrx_word' id='word_1_271' title='bbox 2231 2964 2586 3049; x_wconf 80' lang='lat' dir='ltr'>principale</span> <span class='ocrx_word' id='word_1_272' title='bbox 2624 2984 2754 3030; x_wconf 82' lang='lat' dir='ltr'>mm</span> 
     </span>
     <span class='ocr_line' id='line_1_28' title="bbox 158 3068 2747 3157; baseline 0.001 -23"><span class='ocrx_word' id='word_1_273' title='bbox 158 3068 305 3152; x_wconf 77' lang='lat' dir='ltr'>[osse</span> <span class='ocrx_word' id='word_1_274' title='bbox 363 3070 431 3136; x_wconf 88' lang='lat' dir='ltr'>di</span> <span class='ocrx_word' id='word_1_275' title='bbox 487 3070 578 3137; x_wconf 84' lang='lat' dir='ltr'>tal</span> <span class='ocrx_word' id='word_1_276' title='bbox 632 3085 869 3135; x_wconf 72' lang='lat' dir='ltr'>natura</span> <span class='ocrx_word' id='word_1_277' title='bbox 922 3071 1003 3136; x_wconf 85' lang='lat' dir='ltr'>da</span> <span class='ocrx_word' id='word_1_278' title='bbox 1042 3069 1277 3157; x_wconf 81' lang='lat' dir='ltr'>patersi</span> <span class='ocrx_word' id='word_1_279' title='bbox 1322 3069 1667 3153; x_wconf 72' lang='lat' dir='ltr'>estinyuere</span> <span class='ocrx_word' id='word_1_280' title='bbox 1705 3070 1924 3154; x_wconf 87' lang='lat' dir='ltr'>prima</span> <span class='ocrx_word' id='word_1_281' title='bbox 1970 3069 2034 3134; x_wconf 88' lang='lat' dir='ltr'>di</span> <span class='ocrx_word' id='word_1_282' title='bbox 2080 3090 2169 3136; x_wconf 73' lang='lat' dir='ltr'>un</span> <span class='ocrx_word' id='word_1_283' title='bbox 2215 3082 2414 3156; x_wconf 84' lang='lat' dir='ltr'>tempo</span> <span class='ocrx_word' id='word_1_284' title='bbox 2462 3071 2747 3137; x_wconf 84' lang='lat' dir='ltr'>determi-</span> 
     </span>
     <span class='ocr_line' id='line_1_29' title="bbox 160 3158 2755 3263; baseline 0 -19"><span class='ocrx_word' id='word_1_285' title='bbox 160 3190 310 3261; x_wconf 79' lang='lat' dir='ltr'>nata,</span> <span class='ocrx_word' id='word_1_286' title='bbox 358 3158 529 3245; x_wconf 63' lang='lat' dir='ltr'>coine</span> <span class='ocrx_word' id='word_1_287' title='bbox 570 3179 794 3246; x_wconf 73' lang='lat' dir='ltr'>aet-ade</span> <span class='ocrx_word' id='word_1_288' title='bbox 832 3178 1142 3263; x_wconf 72' lang='lat' dir='ltr'>riquardo</span> <span class='ocrx_word' id='word_1_289' title='bbox 1187 3178 1321 3244; x_wconf 84' lang='lat' dir='ltr'>alla</span> <span class='ocrx_word' id='word_1_290' title='bbox 1364 3176 1556 3242; x_wconf 83' lang='lat' dir='ltr'>tutela</span> <span class='ocrx_word' id='word_1_291' title='bbox 1604 3170 1658 3255; x_wconf 79' lang='lat'>³,</span> <span class='ocrx_word' id='word_1_292' title='bbox 1707 3194 1741 3240; x_wconf 93' lang='lat'><em>0</em></span> <span class='ocrx_word' id='word_1_293' title='bbox 1774 3196 1901 3242; x_wconf 75' lang='lat' dir='ltr'>non</span> <span class='ocrx_word' id='word_1_294' title='bbox 1939 3177 2004 3242; x_wconf 85' lang='lat' dir='ltr'>vi</span> <span class='ocrx_word' id='word_1_295' title='bbox 2041 3177 2206 3262; x_wconf 80' lang='lat' dir='ltr'>fosse</span> <span class='ocrx_word' id='word_1_296' title='bbox 2242 3178 2653 3244; x_wconf 78' lang='lat' dir='ltr'>convenzione</span> <span class='ocrx_word' id='word_1_297' title='bbox 2685 3181 2755 3245; x_wconf 78' lang='lat' dir='ltr'>in</span> 
     </span>
     <span class='ocr_line' id='line_1_30' title="bbox 162 3284 939 3370; baseline 0.004 -23"><span class='ocrx_word' id='word_1_298' title='bbox 162 3286 468 3351; x_wconf 74' lang='lat' dir='ltr'>contrario</span> <span class='ocrx_word' id='word_1_299' title='bbox 520 3284 667 3370; x_wconf 84' lang='lat' dir='ltr'>(art.</span> <span class='ocrx_word' id='word_1_300' title='bbox 721 3284 939 3370; x_wconf 79' lang='lat'>1919).</span> 
     </span>
    </p>

    <p class='ocr_par' dir='ltr' id='par_1_5' title="bbox 161 3388 2755 4015">
     <span class='ocr_line' id='line_1_31' title="bbox 242 3388 2755 3477; baseline -0.001 -18"><span class='ocrx_word' id='word_1_301' title='bbox 242 3395 395 3460; x_wconf 76' lang='lat' dir='ltr'>Haec</span> <span class='ocrx_word' id='word_1_302' title='bbox 440 3392 522 3459; x_wconf 88' lang='lat' dir='ltr'>de</span> <span class='ocrx_word' id='word_1_303' title='bbox 569 3392 996 3477; x_wconf 85' lang='lat' dir='ltr'>fidejussione</span> <span class='ocrx_word' id='word_1_304' title='bbox 1043 3392 1404 3458; x_wconf 79' lang='lat' dir='ltr'>voluntaria</span> <span class='ocrx_word' id='word_1_305' title='bbox 1420 3417 1445 3471; x_wconf 86' lang='lat'>,·</span> <span class='ocrx_word' id='word_1_306' title='bbox 1493 3392 1680 3459; x_wconf 88' lang='lat' dir='ltr'>adest</span> <span class='ocrx_word' id='word_1_307' title='bbox 1732 3391 1907 3459; x_wconf 91' lang='lat' dir='ltr'>enim</span> <span class='ocrx_word' id='word_1_308' title='bbox 1956 3388 2298 3476; x_wconf 90' lang='lat' dir='ltr'>fidejussio</span> <span class='ocrx_word' id='word_1_309' title='bbox 2349 3396 2487 3457; x_wconf 90' lang='lat' dir='ltr'>tum</span> <span class='ocrx_word' id='word_1_310' title='bbox 2539 3391 2755 3477; x_wconf 76' lang='lat' dir='ltr'>teqalis</span> 
     </span>
     <span class='ocr_line' id='line_1_32' title="bbox 161 3497 2754 3585; baseline 0 -22"><span class='ocrx_word' id='word_1_311' title='bbox 161 3497 208 3564; x_wconf 90' lang='lat' dir='ltr'>si</span> <span class='ocrx_word' id='word_1_312' title='bbox 252 3517 283 3564; x_wconf 90' lang='lat' dir='ltr'>a</span> <span class='ocrx_word' id='word_1_313' title='bbox 335 3500 478 3585; x_wconf 86' lang='lat' dir='ltr'>iege</span> <span class='ocrx_word' id='word_1_314' title='bbox 527 3518 602 3568; x_wconf 85' lang='lat' dir='ltr'>ea</span> <span class='ocrx_word' id='word_1_315' title='bbox 648 3500 1045 3585; x_wconf 88' lang='lat' dir='ltr'>imponatur,</span> <span class='ocrx_word' id='word_1_316' title='bbox 1096 3506 1168 3567; x_wconf 89' lang='lat' dir='ltr'>ut</span> <span class='ocrx_word' id='word_1_317' title='bbox 1216 3500 1355 3566; x_wconf 88' lang='lat' dir='ltr'>fieri</span> <span class='ocrx_word' id='word_1_318' title='bbox 1405 3499 1576 3567; x_wconf 91' lang='lat' dir='ltr'>solet</span> <span class='ocrx_word' id='word_1_319' title='bbox 1625 3517 1777 3568; x_wconf 90' lang='lat' dir='ltr'>cum</span> <span class='ocrx_word' id='word_1_320' title='bbox 1828 3497 2353 3579; x_wconf 85' lang='lat' dir='ltr'>usufructuario;</span> <span class='ocrx_word' id='word_1_321' title='bbox 2405 3505 2543 3565; x_wconf 91' lang='lat' dir='ltr'>tum</span> <span class='ocrx_word' id='word_1_322' title='bbox 2581 3498 2754 3584; x_wconf 82' lang='lat' dir='ltr'>judi·</span> 
     </span>
     <span class='ocr_line' id='line_1_33' title="bbox 163 3603 2753 3692; baseline 0.001 -24"><span class='ocrx_word' id='word_1_323' title='bbox 163 3605 370 3687; x_wconf 68' lang='lat' dir='ltr'>vialis,</span> <span class='ocrx_word' id='word_1_324' title='bbox 435 3614 508 3673; x_wconf 90' lang='lat' dir='ltr'>ut</span> <span class='ocrx_word' id='word_1_325' title='bbox 567 3625 719 3673; x_wconf 92' lang='lat' dir='ltr'>cum</span> <span class='ocrx_word' id='word_1_326' title='bbox 765 3606 969 3691; x_wconf 82' lang='lat' dir='ltr'>J&#39;udex</span> <span class='ocrx_word' id='word_1_327' title='bbox 1027 3607 1135 3674; x_wconf 91' lang='lat' dir='ltr'>uni</span> <span class='ocrx_word' id='word_1_328' title='bbox 1203 3606 1601 3692; x_wconf 84' lang='lat' dir='ltr'>litigantium</span> <span class='ocrx_word' id='word_1_329' title='bbox 1648 3604 1975 3691; x_wconf 89' lang='lat' dir='ltr'>permittit</span> <span class='ocrx_word' id='word_1_330' title='bbox 2030 3612 2330 3689; x_wconf 88' lang='lat' dir='ltr'>repetere</span> <span class='ocrx_word' id='word_1_331' title='bbox 2379 3603 2442 3671; x_wconf 91' lang='lat' dir='ltr'>id</span> <span class='ocrx_word' id='word_1_332' title='bbox 2491 3604 2571 3671; x_wconf 89' lang='lat' dir='ltr'>de</span> <span class='ocrx_word' id='word_1_333' title='bbox 2618 3622 2753 3689; x_wconf 89' lang='lat' dir='ltr'>quo</span> 
     </span>
     <span class='ocr_line' id='line_1_34' title="bbox 164 3710 2754 3798; baseline 0 -22"><span class='ocrx_word' id='word_1_334' title='bbox 164 3713 550 3782; x_wconf 81' lang='lat' dir='ltr'>contestatio</span> <span class='ocrx_word' id='word_1_335' title='bbox 602 3721 702 3781; x_wconf 90' lang='lat' dir='ltr'>est</span> <span class='ocrx_word' id='word_1_336' title='bbox 736 3713 820 3798; x_wconf 92' lang='lat' dir='ltr'>(si</span> <span class='ocrx_word' id='word_1_337' title='bbox 870 3722 1087 3780; x_wconf 89' lang='lat' dir='ltr'>tamen</span> <span class='ocrx_word' id='word_1_338' title='bbox 1122 3710 1583 3798; x_wconf 85' lang='lat' dir='ltr'>fidejussorem</span> <span class='ocrx_word' id='word_1_339' title='bbox 1620 3718 2002 3798; x_wconf 77' lang='lat' dir='ltr'>praesentet,</span> <span class='ocrx_word' id='word_1_340' title='bbox 2039 3711 2149 3796; x_wconf 86' lang='lat' dir='ltr'>qui</span> <span class='ocrx_word' id='word_1_341' title='bbox 2193 3712 2256 3778; x_wconf 89' lang='lat' dir='ltr'>in</span> <span class='ocrx_word' id='word_1_342' title='bbox 2292 3711 2474 3778; x_wconf 90' lang='lat' dir='ltr'>omni</span> <span class='ocrx_word' id='word_1_343' title='bbox 2509 3719 2754 3778; x_wconf 78' lang='lat' dir='ltr'>eventu</span> 
     </span>
     <span class='ocr_line' id='line_1_35' title="bbox 164 3818 2755 3906; baseline 0 -23"><span class='ocrx_word' id='word_1_344' title='bbox 164 3819 445 3888; x_wconf 86' lang='lat' dir='ltr'>solutum</span> <span class='ocrx_word' id='word_1_345' title='bbox 474 3821 734 3906; x_wconf 78' lang='lat' dir='ltr'>solvat).</span> <span class='ocrx_word' id='word_1_346' title='bbox 768 3820 1154 3905; x_wconf 72' lang='lat' dir='ltr'>Fideiussor</span> <span class='ocrx_word' id='word_1_347' title='bbox 1178 3819 1509 3905; x_wconf 86' lang='lat' dir='ltr'>judicialis</span> <span class='ocrx_word' id='word_1_348' title='bbox 1548 3838 1620 3887; x_wconf 87' lang='lat' dir='ltr'>ac</span> <span class='ocrx_word' id='word_1_349' title='bbox 1660 3819 1885 3905; x_wconf 75' lang='lat' dir='ltr'>legatis</span> <span class='ocrx_word' id='word_1_350' title='bbox 1922 3838 2040 3905; x_wconf 89' lang='lat' dir='ltr'>pro</span> <span class='ocrx_word' id='word_1_351' title='bbox 2077 3818 2568 3886; x_wconf 83' lang='lat' dir='ltr'>assecuratione</span> <span class='ocrx_word' id='word_1_352' title='bbox 2606 3835 2755 3902; x_wconf 83' lang='lat' dir='ltr'>pos-</span> 
     </span>
     <span class='ocr_line' id='line_1_36' title="bbox 164 3924 2752 4015; baseline 0 -22"><span class='ocrx_word' id='word_1_353' title='bbox 164 3937 306 3999; x_wconf 86' lang='lat' dir='ltr'>sunt</span> <span class='ocrx_word' id='word_1_354' title='bbox 355 3929 554 3998; x_wconf 85' lang='lat' dir='ltr'>etiam</span> <span class='ocrx_word' id='word_1_355' title='bbox 605 3930 918 3997; x_wconf 78' lang='lat' dir='ltr'>exhibere</span> <span class='ocrx_word' id='word_1_356' title='bbox 968 3929 1206 4015; x_wconf 84' lang='lat' dir='ltr'>pignus</span> <span class='ocrx_word' id='word_1_357' title='bbox 1264 3929 1361 3995; x_wconf 81' lang='lat' dir='ltr'>vei</span> <span class='ocrx_word' id='word_1_358' title='bbox 1392 3928 1571 3995; x_wconf 84' lang='lat' dir='ltr'>aliud</span> <span class='ocrx_word' id='word_1_359' title='bbox 1622 3928 1800 4013; x_wconf 87' lang='lat' dir='ltr'>quod</span> <span class='ocrx_word' id='word_1_360' title='bbox 1835 3928 2170 3995; x_wconf 86' lang='lat' dir='ltr'>sufficiens</span> <span class='ocrx_word' id='word_1_361' title='bbox 2205 3926 2292 3994; x_wconf 90' lang='lat' dir='ltr'>sit</span> <span class='ocrx_word' id='word_1_362' title='bbox 2340 3924 2752 4010; x_wconf 79' lang='lat' dir='ltr'>(art.1921).</span> 
     </span>
    </p>

    <p class='ocr_par' dir='ltr' id='par_1_6' title="bbox 245 4033 1891 4121">
     <span class='ocr_line' id='line_1_37' title="bbox 245 4033 1891 4121; baseline 0.002 -24"><span class='ocrx_word' id='word_1_363' title='bbox 245 4033 444 4107; x_wconf 69' lang='lat'><strong>1184.</strong></span> <span class='ocrx_word' id='word_1_364' title='bbox 498 4040 569 4117; x_wconf 85' lang='lat' dir='ltr'>Q.</span> <span class='ocrx_word' id='word_1_365' title='bbox 621 4039 684 4104; x_wconf 90' lang='lat'>7.</span> <span class='ocrx_word' id='word_1_366' title='bbox 737 4034 1048 4118; x_wconf 84' lang='lat' dir='ltr'>Quomodo</span> <span class='ocrx_word' id='word_1_367' title='bbox 1096 4035 1491 4120; x_wconf 72' lang='lat' dir='ltr'>extinquitur</span> <span class='ocrx_word' id='word_1_368' title='bbox 1534 4035 1891 4121; x_wconf 66' lang='lat' dir='ltr'>fidejussio?</span> 
     </span>
    </p>

    <p class='ocr_par' dir='ltr' id='par_1_7' title="bbox 245 4136 2753 4229">
     <span class='ocr_line' id='line_1_38' title="bbox 245 4136 2753 4229; baseline -0.002 -18"><span class='ocrx_word' id='word_1_369' title='bbox 245 4145 312 4211; x_wconf 89' lang='lat' dir='ltr'>R.</span> <span class='ocrx_word' id='word_1_370' title='bbox 353 4143 749 4229; x_wconf 88' lang='lat' dir='ltr'>.Fidejussio</span> <span class='ocrx_word' id='word_1_371' title='bbox 800 4143 1034 4211; x_wconf 89' lang='lat' dir='ltr'>iisdem</span> <span class='ocrx_word' id='word_1_372' title='bbox 1084 4141 1300 4210; x_wconf 84' lang='lat' dir='ltr'>causis</span> <span class='ocrx_word' id='word_1_373' title='bbox 1353 4141 1771 4227; x_wconf 82' lang='lat' dir='ltr'>extinguitur</span> <span class='ocrx_word' id='word_1_374' title='bbox 1818 4139 2060 4227; x_wconf 91' lang='lat' dir='ltr'>quibus</span> <span class='ocrx_word' id='word_1_375' title='bbox 2110 4144 2349 4206; x_wconf 79' lang='lat' dir='ltr'>ceterae</span> <span class='ocrx_word' id='word_1_376' title='bbox 2403 4136 2753 4221; x_wconf 74' lang='lat' dir='ltr'>obligatio-</span> 
     </span>
    </p>
   </div>
   <div class='ocr_carea' id='block_1_2' title="bbox 169 4366 2759 4688">
    <p class='ocr_par' dir='ltr' id='par_1_8' title="bbox 222 4366 2577 4445">
     <span class='ocr_line' id='line_1_39' title="bbox 222 4366 2577 4445; baseline -0.003 -20"><span class='ocrx_word' id='word_1_377' title='bbox 222 4371 242 4412; x_wconf 83' lang='lat'><strong>¹</strong></span> <span class='ocrx_word' id='word_1_378' title='bbox 280 4376 336 4425; x_wconf 78' lang='lat' dir='ltr'>V.</span> <span class='ocrx_word' id='word_1_379' title='bbox 374 4375 604 4437; x_wconf 71' lang='lat' dir='ltr'>uguoci,</span> <span class='ocrx_word' id='word_1_380' title='bbox 647 4375 782 4436; x_wconf 81' lang='lat' dir='ltr'>opus</span> <span class='ocrx_word' id='word_1_381' title='bbox 811 4374 968 4435; x_wconf 64' lang='lat' dir='ltr'>Mor„</span> <span class='ocrx_word' id='word_1_382' title='bbox 1000 4374 1033 4425; x_wconf 82' lang='grc' dir='ltr'>Ι.</span> <span class='ocrx_word' id='word_1_383' title='bbox 1072 4386 1146 4435; x_wconf 88' lang='grc' dir='ltr'>ιιι,</span> <span class='ocrx_word' id='word_1_384' title='bbox 1180 4384 1234 4423; x_wconf 88' lang='lat' dir='ltr'>n.</span> <span class='ocrx_word' id='word_1_385' title='bbox 1268 4375 1362 4425; x_wconf 77' lang='lat'>912</span> <span class='ocrx_word' id='word_1_386' title='bbox 1384 4385 1496 4445; x_wconf 44' lang='lat'>;‚—</span> <span class='ocrx_word' id='word_1_387' title='bbox 1526 4370 1789 4432; x_wconf 80' lang='lat' dir='ltr'>Ferraris3</span> <span class='ocrx_word' id='word_1_388' title='bbox 1827 4370 1887 4419; x_wconf 87' lang='lat' dir='ltr'>V.</span> <span class='ocrx_word' id='word_1_389' title='bbox 1923 4367 2226 4440; x_wconf 57' lang='lat' dir='ltr'>Fidem-5⁸10,</span> <span class='ocrx_word' id='word_1_390' title='bbox 2263 4366 2577 4429; x_wconf 76' lang='lat' dir='ltr'>FideJ&#39;ussor.</span> 
     </span>
    </p>

    <p class='ocr_par' dir='ltr' id='par_1_9' title="bbox 169 4429 2759 4688">
     <span class='ocr_line' id='line_1_40' title="bbox 221 4429 2754 4540; baseline -0.002 -52"><span class='ocrx_word' id='word_1_391' title='bbox 221 4434 244 4461; x_wconf 77' lang='lat'>&#39;⁴</span> <span class='ocrx_word' id='word_1_392' title='bbox 278 4457 296 4479; x_wconf 87' lang='lat'><strong>·</strong></span> <span class='ocrx_word' id='word_1_393' title='bbox 337 4439 436 4512; x_wconf 69' lang='lat' dir='ltr'>Per</span> <span class='ocrx_word' id='word_1_394' title='bbox 465 4438 715 4511; x_wconf 23' lang='lat' dir='ltr'>esetmpiof</span> <span class='ocrx_word' id='word_1_395' title='bbox 745 4438 908 4510; x_wconf 37' lang='lat' dir='ltr'>‘Comi</span> <span class='ocrx_word' id='word_1_396' title='bbox 943 4438 1038 4487; x_wconf 82' lang='lat' dir='ltr'>obe</span> <span class='ocrx_word' id='word_1_397' title='bbox 1069 4437 1116 4487; x_wconf 84' lang='lat' dir='ltr'>si</span> <span class='ocrx_word' id='word_1_398' title='bbox 1147 4446 1264 4506; x_wconf 83' lang='lat' dir='ltr'>rese</span> <span class='ocrx_word' id='word_1_399' title='bbox 1299 4434 1609 4506; x_wconf 65' lang='lat' dir='ltr'>fidejussore</span> <span class='ocrx_word' id='word_1_400' title='bbox 1697 4445 1754 4484; x_wconf 88' lang='lat' dir='ltr'>er</span> <span class='ocrx_word' id='word_1_401' title='bbox 1776 4442 1912 4505; x_wconf 29' lang='lat' dir='ltr'>‘una</span> <span class='ocrx_word' id='word_1_402' title='bbox 1944 4430 2153 4481; x_wconf 74' lang='lat' dir='ltr'>rendtta</span> <span class='ocrx_word' id='word_1_403' title='bbox 2169 4429 2453 4540; x_wconf 44' lang='lat' dir='ltr'>‘perpet-ua,</span> <span class='ocrx_word' id='word_1_404' title='bbox 2511 4430 2666 4491; x_wconf 63' lang='lat' dir='ltr'>petra</span> <span class='ocrx_word' id='word_1_405' title='bbox 2696 4431 2754 4482; x_wconf 81' lang='lat' dir='ltr'>in</span> 
     </span>
     <span class='ocr_line' id='line_1_41' title="bbox 169 4490 2759 4622; baseline -0.003 -7"><span class='ocrx_word' id='word_1_406' title='bbox 169 4507 293 4602; x_wconf 65' lang='lat'>⁶³3⁰</span> <span class='ocrx_word' id='word_1_407' title='bbox 327 4500 708 4614; x_wconf 53' lang='lat' dir='ltr'>este-asti</span> <span class='ocrx_word' id='word_1_408' title='bbox 740 4496 1612 4622; x_wconf 50' lang='lat' dir='ltr'>{33550’v02‘0i1&#39;30321353305‘2t0</span> <span class='ocrx_word' id='word_1_409' title='bbox 1630 4493 1983 4609; x_wconf 47' lang='lat' dir='ltr'>:tarmis</span> <span class='ocrx_word' id='word_1_410' title='bbox 1997 4490 2635 4618; x_wconf 52' lang='lat' dir='ltr'>2⁰2ttst222a⁰3azm</span> <span class='ocrx_word' id='word_1_411' title='bbox 2668 4555 2759 4608; x_wconf 78' lang='lat' dir='ltr'>det</span> 
     </span>
     <span class='ocr_line' id='line_1_42' title="bbox 169 4574 2753 4688; baseline -0.002 -18"><span class='ocrx_word' id='word_1_412' title='bbox 169 4582 567 4687; x_wconf 67' lang='lat' dir='ltr'>l’obbligazione</span> <span class='ocrx_word' id='word_1_413' title='bbox 599 4625 696 4675; x_wconf 87' lang='lat' dir='ltr'>ebe</span> <span class='ocrx_word' id='word_1_414' title='bbox 729 4574 1084 4688; x_wconf 61' lang='lat' dir='ltr'>guaret&#39;itis&#39;cng</span> <span class='ocrx_word' id='word_1_415' title='bbox 1112 4622 1165 4673; x_wconf 79' lang='lat' dir='ltr'>di</span> <span class='ocrx_word' id='word_1_416' title='bbox 1198 4633 1308 4675; x_wconf 90' lang='lat' dir='ltr'>non</span> <span class='ocrx_word' id='word_1_417' title='bbox 1342 4624 1491 4687; x_wconf 82' lang='lat' dir='ltr'>poter</span> <span class='ocrx_word' id='word_1_418' title='bbox 1524 4632 1736 4673; x_wconf 84' lang='lat' dir='ltr'>cessare</span> <span class='ocrx_word' id='word_1_419' title='bbox 1769 4619 1867 4671; x_wconf 87' lang='lat' dir='ltr'>cbe</span> <span class='ocrx_word' id='word_1_420' title='bbox 1898 4620 1952 4669; x_wconf 81' lang='lat' dir='ltr'>al</span> <span class='ocrx_word' id='word_1_421' title='bbox 1992 4620 2160 4683; x_wconf 87' lang='lat' dir='ltr'>punto</span> <span class='ocrx_word' id='word_1_422' title='bbox 2193 4617 2330 4669; x_wconf 74' lang='lat' dir='ltr'>delta</span> <span class='ocrx_word' id='word_1_423' title='bbox 2365 4617 2693 4680; x_wconf 65' lang='lat' dir='ltr'>maggiorita.</span> <span class='ocrx_word' id='word_1_424' title='bbox 2732 4637 2753 4663; x_wconf 70' lang='grc' dir='ltr'>ι</span> 
     </span>
    </p>
   </div>
  </div>
 </body>
</html>
