3292 5167
1319 202 1771 253 muounonts
2700 195 2843 265 587

221 313 508 381 mortua,
556 322 642 368 an
681 321 822 368 vero
862 303 1067 367 adhuc
1107 304 1282 368 vivat
1322 302 1540 384 (prout
1581 301 1915 367 ordinarie
1956 306 2328 397 contingit),
2421 310 2528 374 uid
2580 313 2646 374 in
2693 314 2841 378 hor„

221 403 390 451 casu
434 385 847 450 tribuendum
891 388 993 463 sit,
1037 400 1166 446 non
1213 392 1440 465 potest,
1488 385 1580 447 ait
1621 381 1818 462 Gury,
1860 393 2035 448 certa
2079 388 2302 468 regula
2420 393 2669 456 efiniri:
2717 411 2833 458 so·

227 466 400 531 {utio
442 468 616 529 enim
665 464 899 544 pendet
941 483 974 528 a
1021 467 1218 528 variis
1263 481 1479 528 rerum
1524 472 1588 526 et
1631 462 1919 527 locorum
1962 466 2307 547 adjunctis,
2350 487 2383 533 a
2415 474 2545 534 vita
2583 474 2818 552 produ·

215 557 334 610 eta
381 546 520 627 plus
563 544 664 609 vel
712 547 943 621 minue„
986 555 1095 609 aut
1136 562 1169 608 a
1217 555 1420 609 morte
1467 554 1853 624 praematura
1899 548 2100 623 pueri.
2145 548 2269 612 Vix
2326 551 2568 630 (ajunt)
2634 564 2812 617 sexta

225 644 383 706 pars
426 626 686 690 illorum
730 642 1075 704 puerorum
1119 625 1193 689 ad
1243 634 1496 690 aetatem
1542 639 1856 688 annornm
1894 626 2229 692 duodecim
2273 637 2612 708 pervenit:
2646 635 2827 697 unde

215 706 477 782 dicunt,
521 712 678 769 satis
722 723 861 769 esse
903 708 956 768 si
1003 722 1035 768 a
1087 706 1460 786 parentibus
1507 721 1619 783 pro
1668 716 1800 771 rata
1847 705 2029 769 dubii
2073 706 2193 772 200
2239 709 2339 771 vel
2389 712 2504 776 150
2564 712 2829 779 franchi

205 787 978 931 Josocomiffifflvantur
1022 787 1131 866 (ex
1174 786 1450 850 Bouvier
1493 785 1660 864 300).
1705 818 1783 831 —-
1841 785 1898 848 V.
1942 784 2262 865 Carriere,
2307 789 2392 852 De
2434 790 2711 857 lustitia
2756 803 2825 859 et

269 884 404 945 ure,
447 886 510 930 n.
717 915 731 929 .

1211 1044 1218 1051 ’
1264 1053 1391 1133 (N)
1432 1054 1585 1134 Paq.
1631 1054 1780 1116 512.

299 1294 507 1357 862.
551 1294 640 1356 Ad
686 1294 992 1375 friyidam
1035 1295 1621 1358 commendationem
1667 1305 2004 1360 revocatur
2048 1297 2156 1377 (ex
2191 1299 2461 1383 Stpafig
2498 1303 2665 1382 400),
2699 1305 2809 1384 qui

203 1376 411 1439 vultu
457 1375 554 1438 vel
605 1376 868 1439 nutibus
912 1376 1357 1438 calumniatur.
1411 1374 1529 1438 Ubi
1575 1375 1809 1455 aliquis
1854 1377 2171 1456 laudatur,
2216 1381 2534 1446 malitiose
2599 1386 2813 1448 subri-

193 1455 399 1533 dent,
444 1457 744 1519 humeros
788 1458 1140 1531 attrabunt,
1186 1472 1550 1518 sermonem
1615 1456 1798 1518 brevi
1860 1459 2314 1537 interjectione
2383 1463 2797 1543 abrumpunt,

195 1552 267 1599 e.
316 1554 399 1617 g.,
450 1536 653 1599 Titius
696 1544 789 1599 est
831 1537 1072 1616 quidem
1101 1537 1200 1598 vir
1229 1534 1483 1617 proban,
1525 1546 1996 1607 veruntamen...
2048 1540 2228 1603 Unde
2262 1541 2418 1604 illud
2465 1544 2801 1624 adagium:

701 1704 763 1768 Si
809 1705 938 1768 nisi
983 1721 1109 1767 non
1155 1714 1344 1783 esset,
1388 1705 1711 1785 perfectus
1756 1706 2030 1786 quilibet
2072 1716 2289 1783 esset3

777 1783 898 1847 Sed
950 1788 1128 1867 pauci
1175 1787 1326 1863 visi,
1368 1789 1476 1868 qui
1524 1801 1793 1849 caruere
1836 1788 1986 1850 nisi.

290 1956 430 2020 lmo
474 1958 579 2036 qui
629 1956 737 2019 tali
783 1956 1278 2035 interruptione,
1321 1955 1419 2018 vel
1466 1956 1544 2019 ad
1588 1956 1834 2019 alienas
1878 1956 2104 2021 laudes
2136 1958 2535 2022 subridendo
2580 1963 2797 2042 proxi-

197 2053 389 2101 mum
436 2040 827 2117 vituperant,
876 2037 1252 2116 plerumque
1294 2037 1432 2117 ejus
1481 2037 1664 2099 iamae
1709 2037 1908 2101 multo
1957 2040 2160 2117 magis
2208 2050 2464 2117 nocent,
2507 2059 2701 2120 quam
2747 2044 2797 2106 si

191 2128 460 2181 certum
508 2117 759 2197 aliquod
808 2117 1036 2180 vitium
1083 2119 1281 2196 ipsius
1325 2127 1543 2196 aperte
1615 2118 2099 2197 designassent3
2178 2129 2330 2182 tunc
2399 2122 2574 2184 enim
2652 2123 2805 2188 dum

195 2206 432 2262 tacent
475 2207 584 2261 aut
628 2198 862 2273 rident,
923 2199 1097 2276 vagis
1141 2208 1204 2260 et
1248 2197 1639 2277 quibuslibet
1685 2200 2166 2278 suspicionibus
2232 2211 2410 2280 porta
2482 2206 2796 2282 aperitur.

212 2303 236 2332 ι
283 2278 417 2342 Alii
463 2278 581 2357 (ait
623 2297 670 2340 s.
715 2278 1101 2352 Bernardus‚
1145 2277 1344 2340 Serm.
1397 2294 1549 2340 xxtv
1591 2280 1659 2342 in
1708 2278 2008 2360 Cantica)
2055 2280 2335 2358 quodam
2382 2281 2528 2344 fuco
2563 2284 2790 2348 'simu-

197 2358 362 2422 latae
407 2359 812 2421 verecundiae
860 2359 1166 2420 malitiam
1213 2359 1597 2421 adumbrare
1633 2369 1971 2433 conantur,
2013 2364 2277 2423 mittunt
2308 2360 2433 2423 alta
2468 2365 2792 2442 suspiria;

197 2439 397 2519 vultu
439 2448 661 2502 maesto
705 2448 770 2500 et
814 2454 965 2500 voce
1011 2439 1338 2517 plangenti
1385 2439 1719 2518 egreditur
1791 2439 2176 2515 maledictio,
2225 2452 2343 2503 etc.
2389 2468 2409 2495 ι
2467 2441 2620 2516 Quae
2671 2446 2791 2508 ista

189 2521 406 2583 sunt?
453 2530 660 2599 pestes
706 2519 1196 2582 detractionum.
1243 2518 1374 2581 Huc
1419 2519 1652 2581 reterri
1700 2529 1906 2599 potest
1953 2520 2107 2582 illud
2157 2521 2314 2584 Psal.
2362 2539 2495 2584 mv:
2558 2523 2800 2589 Molliti

183 2609 364 2664 eunt
404 2617 712 2675 sermones
754 2598 892 2676 ejus
938 2617 1127 2679 super
1168 2600 1386 2672 oleum,
1429 2606 1492 2662 et
1532 2599 1659 2678 ipsi
1699 2610 1852 2663 sunt
1882 2601 2130 2680 jacula.

288 2707 311 2737 ι
367 2680 563 2743 Porro
608 2678 868 2760 (iterum
917 2677 1123 2759 Stapf,
1171 2679 1203 2760 ς
1248 2680 1394 2760 403)
1440 2682 1606 2743 circa
1654 2681 1818 2743 hanc
1864 2682 2221 2753 materiam,
2265 2698 2408 2762 quae
2452 2691 2549 2745 est
2591 2684 2663 2746 de
2700 2685 2796 2747 de·

187 2763 519 2825 tructione
564 2762 793 2840 ingens
839 2761 1262 2839 plurimorum
1311 2760 1570 2823 licentia
1619 2765 1959 2841 reperitur.
2005 2761 2202 2824 Prout
2233 2763 2298 2823 in
2332 2763 2785 2829 discernendis

187 2846 484 2923 propriis
530 2843 707 2903 vitiis
751 2840 1107 2919 plerunque
1172 2842 1345 2916 coeci,
1391 2843 1472 2902 ita
1520 2841 1597 2903 ad
1644 2841 2042 2920 detegendos
2087 2842 2577 2923 carpendosque
2645 2861 2789 2908 noe·

181 2940 301 2986 vos
359 2923 628 2985 aliorum
677 2921 860 2984 valde
908 2924 1301 3000 perspicaces
1344 2938 1581 2985 sumus.
1627 2921 1810 2984 Unde
1874 2924 1938 2984 in
2003 2922 2375 3002 quotidiana
2448 2925 2792 2989 bominum

181 3003 695 3066 conversatione
743 3004 846 3063 vix
889 3002 1014 3064 alia
1059 3002 1510 3064 sermocinatio
1556 3003 1836 3076 auditur,
1878 3019 2068 3083 quam
2114 3001 2196 3063 de
2240 3001 2513 3066 aliorum
2551 3007 2680 3067 vita
2730 3013 2796 3069 et

190 3084 510 3148 moribus.
559 3082 688 3143 imo
734 3090 802 3145 ut
846 3100 892 3144 s.
942 3082 1363 3160 Hieronymus
1404 3082 1531 3160 J‘am
1593 3082 1674 3144 de
1737 3099 1850 3145 suo
1919 3094 2203 3161 tempore
2273 3083 2793 3149 lamentabatur:

198 3163 417 3227 Tanta
462 3163 653 3241 hujus
697 3163 851 3225 mali
896 3161 1087 3225 libido
1129 3170 1359 3223 mentes
1402 3161 1716 3226 nominum
1759 3165 2011 3239 invasit,
2054 3169 2129 3224 ut
2168 3164 2354 3225 etiam
2398 3166 2508 3244 qui
2565 3167 2797 3244 procul

181 3242 273 3309 ab
320 3245 476 3307 aliis
520 3245 694 3305 vitiis
738 3251 1150 3316 recesserunt,
1200 3243 1266 3303 in
1310 3242 1481 3305 istud
1525 3250 1732 3306 tamen
1775 3244 1960 3323 quasi
2004 3245 2071 3306 in
2134 3250 2483 3307 extremum
2551 3244 2793 3309 diaboli

182 3324 492 3467 laqueum
534 3325 876 3387 incidant...
921 3323 1114 3387 Multo
1159 3322 1442 3384 deterior
1489 3324 1776 3385 conditio
1824 3324 2085 3387 illorum
2131 3334 2246 3398 est,
2292 3328 2399 3403 qui
2467 3328 2665 3389 etiam
2715 3330 2782 3390 in

189 3421 264 3468 re
298 3408 468 3485 iquis
512 3406 970 3467 conscientiam
1017 3411 1264 3478 curant,
1313 3411 1442 3465 tum
1491 3420 1640 3465 vero
1685 3403 1895 3468 aliena
1943 3414 2151 3467 errata
2184 3409 2505 3483 sagaciter
2539 3409 2788 3483 venari,

181 3484 508 3566 quidquid
556 3485 866 3563 detegunt
908 3486 1086 3563 quasi
1136 3483 1482 3546 laetabundi
1529 3485 1663 3546 suis
1710 3486 1775 3545 in
1807 3484 2233 3547 conventibus
2266 3503 2618 3565 exponere,
2654 3489 2786 3550 imo

185 3577 257 3628 et
299 3581 693 3644 exaggerare
729 3571 1219 3626 consueverunt.
1263 3588 1286 3618 ι
1343 3563 1453 3627 Cui
1505 3564 1669 3627 malo
1729 3567 1955 3645 nequit
2023 3565 2299 3644 amplius
2370 3569 2654 3644 occurri,
2720 3578 2787 3631 et

181 3646 365 3726 quod
413 3648 521 3709 uni
570 3644 706 3706 loco
753 3653 971 3707 notum
1016 3653 1132 3717 est,
1176 3645 1388 3706 statim
1438 3645 1672 3723 ubique
1717 3646 2053 3724 vulgatur3
2100 3644 2290 3708 bodie
2322 3650 2598 3709 maxime
2633 3663 2785 3710 cum

181 3729 406 3790 omnia
437 3726 579 3805 jam
625 3741 791 3787 nunc
835 3724 935 3802 (ut
978 3725 1272 3787 observat
1329 3724 1646 3805 Lyonnet)
1706 3727 1840 3788 loca
1900 3733 2274 3789 censeantur
2338 3728 2636 3807 contiqua
2709 3725 2785 3790 ob

186 3807 429 3869 nimias
473 3805 823 3868 commercii
866 3805 1222 3881 relationem,
1248 3806 1720 3868 multitudinem
1749 3809 2086 3881 viatorum,
2127 3806 2350 3869 nubem
2382 3806 2787 3887 publicorum

179 3887 495 3965 soliorum
537 3894 599 3949 et
639 3885 858 3965 forsan
899 3901 1239 3948 coaevorum
1280 3887 1563 3949 nativam
1608 3887 2074 3966 loquacitatem.
2125 3887 2301 3949 Adde
2346 3890 2575 3950 miram
2650 3898 2785 3952 tum

186 3968 442 4031 viarum
487 3967 861 4040 ferrearum,
889 3973 1019 4027 tum
1067 3963 1422 4045 telegrapni
1467 3966 1754 4030 electrici
1786 3970 2245 4034 inventionem.
2284 3967 2358 4029 Et
2392 3966 2535 4029 ideo
2569 3969 2779 4046 magis

177 4051 339 4127 quia
384 4058 560 4125 sunt,
601 4056 670 4110 ut
714 4048 949 4109 cecinit
992 4044 1318 4124 Gagliuffl:

512 4216 679 4297 Soepe
721 4217 992 4280 homines
1035 4211 1296 4278 canibus
1340 4213 1617 4287 similem
1664 4230 1810 4278 nam
1858 4213 2068 4292 turba,
2114 4215 2462 4279 latrantem

517 4296 716 4361 Unum
756 4297 814 4360 si
854 4297 1155 4374 audierit,
1202 4303 1432 4360 cuncta
1474 4302 1724 4374 repente
1769 4296 1990 4361 latrat.

266 4471 365 4535 En
407 4464 757 4552 generatio,
801 4492 933 4555 quoe
974 4492 1087 4553 pro
1128 4471 1420 4538 dentibus
1460 4473 1742 4553 madium
1785 4472 1975 4537 nabet
2015 4473 2211 4554 (Eccl.
2258 4475 2504 4555 xxxtv),
2536 4481 2602 4537 et
2632 4472 2776 4536 den·

183 4556 282 4613 tes
325 4569 536 4617 eorum
576 4573 759 4619 arma
800 4563 861 4618 et
900 4557 1151 4637 saqittoe
1192 4554 1319 4635 (Ps.
1365 4563 1516 4633 cvi).
1558 4554 1860 4618 Nostrum
1895 4571 2048 4634 ergo
2078 4572 2217 4617 esse
2249 4554 2443 4618 debet
2481 4564 2547 4618 et
2575 4554 2771 4617 verbo

182 4638 256 4693 et
295 4635 587 4716 exemplo
633 4635 854 4701 fideles
898 4652 1229 4700 removere
1272 4651 1303 4698 a
1347 4635 1501 4698 vitio
1558 4644 1686 4699 tam
1759 4638 2104 4713 communi,
2172 4637 2550 4715 gravissima
2629 4651 2773 4715 ejus
