3292 5167
999 251 1075 296 oa
1124 253 1560 299 nesi-truncae
1607 254 1671 299 nv
1718 253 1955 300 camene
2668 228 2803 295 453

273 352 633 421 Diximus:
687 354 751 439 1)
797 375 909 421 nec
950 357 1242 441 peritiam
1264 357 1516 442 jactitat
1532 382 1556 436 ;
1604 356 1795 423 aliter
1827 354 2003 423 enim
2040 359 2217 423 esset
2254 352 2305 421 si
2349 351 2646 438 peritiam
2687 353 2810 422 do-

178 462 351 529 'iose
401 459 734 528 affectaret
762 515 777 544 ‚
832 462 921 529 uti
975 469 1152 548 patet
1168 489 1184 542 ;
1239 464 1308 545 2)
1353 483 1481 530 non
1526 474 1767 529 tenetur
1812 478 1965 546 erpa
2010 482 2109 528 eos
2154 462 2262 545 qui
2320 460 2649 526 consilium
2690 480 2800 545 pe-

203 579 382 635 tunt.-
432 564 765 651 obligatur
810 568 984 636 enim
1042 587 1191 654 erga
1245 570 1533 652 tertium,
1585 569 1638 637 si
1691 569 1748 636 ei
1801 567 2071 653 aliquod
2137 567 2449 634 damnum
2509 566 2806 634 evenerit

205 692 288 741 ex
337 673 449 740 tali
498 674 818 756 consilio,·
887 694 1039 743 cum
1087 677 1211 744 iste
1260 677 1496 744 tertius
1548 694 1679 744 non
1729 676 1817 744 sit
1864 675 2083 742 sciens
2135 693 2350 759 neque
2402 674 2663 755 volens3
2738 680 2804 740 et

202 780 493 866 quisque
534 782 644 866 Jus
694 782 910 863 habet,
949 802 1043 855 .ne
1092 786 1260 853 alter
1307 804 1430 853 suo
1479 785 1654 852 facto
1703 783 1825 853 sibi
1881 791 2134 851 noceat.

297 888 466 968 Quid
509 888 829 976 (quaeres)
877 892 935 958 si
980 892 1305 960 consulens
1339 912 1465 960 non
1510 892 1784 958 absolute
1818 892 2124 975 loquatur,
2157 888 2263 955 sed
2292 887 2569 953 ostendat
2597 908 2660 952 se
2690 885 2806 952 da-

205 994 406 1062 bitare
447 999 545 1063 vel
588 1000 823 1065 nescire
867 999 964 1066 vel
1005 1001 1371 1087 simpliciter
1414 999 1579 1066 dicat
1624 1000 1717 1065 ita
1760 999 1878 1065 sibi
1924 997 2140 1078 videri,
2182 996 2274 1063 ita
2317 1016 2381 1061 se
2426 994 2715 1060 credere?

296 1104 367 1171 R.
421 1106 604 1172 Tunc
640 1124 771 1173 non
812 1113 1079 1175 tenetur
1109 1108 1420 1175 damnum
1459 1106 1612 1174 inde
1645 1113 1952 1175 secutum
1993 1122 2299 1191 reparare
2320 1129 2340 1184 3
2390 1102 2541 1188 quia
2584 1107 2803 1169 totum

207 1217 389 1280 esset
437 1211 896 1297 imputandum
945 1216 1182 1300 agenti,
1231 1215 1344 1300 qui
1396 1215 1670 1282 veritate
1720 1232 1851 1281 non
1900 1210 2060 1281 satis
2096 1211 2377 1297 quaesita
2412 1216 2611 1295 atque
2645 1225 2802 1296 per-

207 1324 460 1404 specta,
512 1318 731 1387 damni
781 1321 957 1389 illius
1000 1312 1295 1407 periculo
1345 1340 1418 1390 se
1465 1321 1640 1390 ultro
1690 1317 2019 1406 exposuit.

285 1478 502 1542 868.
547 1482 613 1556 Q.
660 1484 714 1546 4.
761 1481 830 1545 Si
869 1486 1196 1547 consulens
1230 1485 1563 1549 consilium
1605 1488 2031 1562 revocaverit,
2101 1494 2163 1548 et
2227 1491 2434 1547 tamn
2496 1486 2796 1548 damnum

201 1559 416 1622 adhuc
457 1569 780 1643 sequatur,
825 1564 1218 1628 tenebiturne
1261 1567 1344 1628 ad
1386 1568 1909 1629 restitutionem?

287 1640 363 1703 R.
404 1641 660 1707 Certum
704 1656 820 1713 est.
865 1647 1030 1726 quod
1079 1648 1128 1708 si
1176 1650 1496 1711 revocatio
1541 1663 1671 1709 non
1720 1648 2003 1709 innotuit
2046 1646 2521 1708 damnificatori
2554 1693 2571 1720 ‚
2645 1624 2795 1707 tem·

205 1737 366 1800 pore
415 1723 632 1798 babili,
679 1727 887 1790 adhuc
936 1738 1192 1811 tenetur
1234 1728 1609 1801 consulens;
1660 1744 1808 1790 nam
1857 1728 2024 1789 idem
2072 1736 2188 1801 est,
2234 1742 2305 1788 ac
2349 1727 2400 1787 si
2452 1726 2597 1788 talis
2656 1741 2799 1787 con·
2912 1781 2921 1786 .

209 1801 342 1865 silit
390 1807 710 1868 revocatio
758 1822 883 1869 non
930 1809 1324 1886 contigisset.
1368 1806 1434 1871 Si
1482 1824 1635 1870 vero
1686 1810 1990 1882 innotuit,
2044 1807 2140 1869 vel
2183 1806 2401 1871 datum
2453 1805 2797 1869 consilium

203 1884 604 1948 consistebat
649 1887 711 1949 in
759 1888 1049 1950 doctrina
1097 1888 1275 1964 falsa,
1322 1907 1373 1950 v.
1419 1906 1499 1968 g„
1547 1889 1714 1968 quod
1764 1889 1908 1957 talis
1952 1899 2323 1951 contractus
2366 1898 2538 1948 esset
2584 1886 2801 1949 licitus

209 1977 358 2025 cum
422 1973 632 2029 tamen
678 1977 846 2031 esset
892 1968 1193 2043 illicitus;
1237 1970 1332 2033 vel
1375 1970 1767 2031 consistebat
1809 1972 1873 2031 in
1921 1970 2289 2032 ostensione
2350 1967 2650 2029 utilitatis
2693 1976 2805 2029 aut

205 2042 662 2109 delectationis
705 2050 782 2111 ab
825 2053 1204 2115 executione
1235 2052 1541 2124 oriturae3
1576 2051 1670 2112 vel
1707 2049 1987 2129 denique
2031 2049 2420 2112 consistebat
2480 2050 2546 2109 iu
2591 2051 2797 2109 mani-

207 2121 511 2215 festando
557 2128 741 2190 modo
786 2128 1088 2192 damnum
1137 2108 1459 2192 inferendi
1488 2178 1504 2204 ‚
1556 2140 1624 2192 ut
1667 2133 1721 2192 si
1769 2129 1893 2193 furi
1945 2130 2244 2192 ostendas
2287 2128 2547 2192 modum
2582 2130 2794 2207 ingre·

212 2202 438 2266 diendi
503 2206 782 2281 domum,
825 2226 1016 2288 quem
1080 2226 1261 2271 secus
1316 2210 1428 2273 ille
1492 2226 1619 2272 non
1689 2212 2063 2274 invenisset.
2112 2209 2178 2272 In
2226 2212 2431 2290 primo
2478 2226 2624 2271 casu
2671 2225 2800 2271 non

209 2293 477 2376 tenetur
521 2288 866 2351 consulens
901 2291 976 2353 ad
1018 2292 1515 2367 restitutionem,
1549 2292 1695 2370 quia
1734 2307 1847 2369 per
1886 2292 2059 2353 illam
2107 2291 2579 2353 revocationem
2648 2302 2797 2352 con·

214 2363 433 2426 silium
477 2371 896 2447 extinguitur.
941 2369 1152 2444 Quoad
1198 2372 1362 2435 alios
1404 2372 1589 2434 casus
1632 2371 1983 2450 disputant.
2295 2388 2301 2395 ·

296 2444 553 2534 Habert,
594 2446 804 2525 Croix,
847 2451 1115 2525 Lessius,
1160 2452 1331 2530 Lugo
1376 2460 1440 2513 et
1482 2452 1594 2514 alii
1641 2453 2163 2515 communissime
2201 2452 2560 2521 affirmant3
2606 2452 2795 2513 sicuti

210 2541 391 2589 enim
434 2529 540 2605 qui
591 2531 804 2608 iguem
850 2532 1071 2610 inJecit
1116 2535 1178 2594 in
1223 2550 1291 2595 se
1339 2542 1504 2595 etem
1549 2531 1851 2607 alienam,
1923 2542 2176 2595 tenetur
2220 2534 2296 2594 ad
2347 2533 2562 2595 damni
2632 2547 2800 2593 com·

209 2611 682 2685 pensationem,
724 2614 972 2674 etiamsi
1023 2623 1236 2691 postea
1327 2612 1507 2675 olens
1552 2612 1631 2674 de
1680 2613 1845 2676 racto
1892 2623 2161 2675 conetur
2207 2617 2380 2675 omni
2421 2630 2544 2694 quo
2587 2622 2796 2691 potest

213 2686 429 2764 modu,
476 2692 690 2768 iguem
735 2695 1156 2772 extinguere;
1205 2695 1290 2757 ita
1334 2703 1399 2755 et
1440 2693 1804 2757 consulens.
1849 2693 2201 2757 Consilium
2246 2697 2420 2756 enim
2468 2695 2545 2756 ab
2582 2710 2657 2755 eo
2700 2691 2803 2754 da-

215 2776 376 2858 tum,
417 2771 611 2832 etiam
658 2784 797 2851 post
838 2784 1042 2835 actam
1089 2773 1583 2848 revocationem,
1627 2773 1837 2837 adhuc
1867 2775 2213 2847 efficaciter
2248 2776 2311 2835 in
2355 2775 2664 2845 damnum
2713 2774 2805 2834 in·

207 2848 375 2940 fl.¹¹¹²·
417 2849 666 2928 Negant
709 2870 859 2916 vero
905 2873 952 2915 s.
996 2855 1383 2929 Antonium,
1427 2856 1713 2930 Azorins,
1756 2853 2059 2929 concina,
2101 2855 2470 2929 MerbesiuS‚
2507 2854 2794 2917 Salman-

209 2939 498 2993 ticenses
538 2931 777 3012 aliique
820 2950 989 3008 casu,
1033 2952 1156 3014 quo
1201 2935 1543 2998 consulens
1589 2936 1654 2998 in
1706 2935 1836 2997 dati
1876 2936 2127 2998 consilii
2164 2939 2573 2998 revocatione
2613 2951 2795 2998 cura·

212 3010 395 3101 verit·
427 3013 601 3073 omni
648 3015 897 3077 meliori
946 3016 1131 3078 modo
1188 3015 1490 3079 damnum
1550 3015 1965 3091 dissuadere,
2029 3017 2408 3079 adducendo
2477 3018 2795 3080 rationem

203 3093 581 3169 gravissimi
628 3104 882 3171 reatus;
927 3097 1071 3175 qnia
1113 3096 1172 3158 id
1213 3096 1403 3159 debet
1442 3100 1508 3159 in
1546 3097 1808 3159 homine
1842 3099 2199 3176 praesertim
2237 3099 2594 3159 christiano
2629 3112 2791 3174 prae-

213 3171 581 3261 ponderare
615 3177 847 3238 ceteris
884 3177 1237 3239 rationibus
1278 3177 1637 3241 mundanis.
1673 3177 1888 3256 Neque
1924 3180 2105 3239 obest
2139 3179 2409 3255 paritas3
2441 3193 2586 3239 nam
2618 3180 2793 3255 ignis

207 3267 286 3312 tn
331 3267 483 3315 casu
525 3258 850 3334 proposito
892 3267 1195 3336 operatur
1241 3260 1647 3331 necessari03
1710 3273 1856 3319 cum
1902 3274 1980 3319 ex
2051 3257 2320 3319 adverso
2388 3271 2526 3336 post
2590 3269 2795 3321 actam

213 3331 474 3394 consilii
521 3338 996 3401 revocationem
1040 3338 1342 3400 damnum
1386 3342 1643 3401 eveniat
1688 3353 1817 3400 non
1861 3339 2134 3419 amplius
2164 3354 2244 3400 ex
2276 3340 2333 3400 vi
2367 3337 2651 3413 consilii,
2681 3338 2794 3402 sed

211 3426 301 3472 ex
344 3428 499 3491 pura
545 3415 788 3478 malitia
828 3420 1215 3482 executoris.
2480 3438 2487 3443 ’

299 3489 591 3559 Secunda
636 3499 957 3560 sententia
1003 3507 1100 3561 est
1143 3499 1298 3561 satis
1342 3498 1711 3578 probabiliS‚
1759 3496 1866 3560 sed
1934 3501 2201 3576 primam
2275 3514 2390 3561 nos
2462 3514 2800 3562 censemus

211 3571 761 3659 probabiliorem3
803 3581 950 3658 quia
995 3595 1123 3641 non
1169 3579 1425 3643 videtur
1465 3580 1622 3642 satis
1670 3582 2003 3642 retractari
2051 3580 2330 3641 influxus
2378 3578 2399 3620 ¹
2446 3578 2588 3659 (D).

343 3851 348 3857 ’
396 3851 472 3918 N.
517 3854 596 3919 11.
644 3890 735 3902 —
777 3857 867 3922 De
911 3856 1335 3938 consentiente,
1377 3858 1666 3944 palpem,
1701 3870 2075 3945 receptatore
2107 3870 2161 3925 et
2186 3857 2624 3944 participante.

303 4102 530 4166 fleo.
581 4106 654 4184 Q.
708 4107 766 4172 t.
816 4106 968 4187 Quis
1012 4109 1412 4191 constantien&
1457 4122 1511 4177 et
1557 4131 1644 4177 an
1689 4124 1972 4179 teneatur
2014 4111 2098 4178 ad
2139 4111 2629 4177 restitutionem?

310 4208 382 4275 R.
441 4209 722 4278 Nomine
778 4215 1210 4282 consemiemis
1270 4216 1447 4286 venit
1491 4221 1599 4304 qui
1644 4231 1910 4286 extema
1954 4238 2074 4286 sua
2117 4213 2561 4302 approbatione
2606 4211 2809 4279 alium

205 4314 540 4402 efficaciter
579 4330 777 4384 movet
820 4319 905 4386 ad
932 4319 1232 4388 damnum
1269 4324 1566 4410 proximo
1610 4326 2021 4412 inferendum.
2056 4320 2314 4406 Duplici
2348 4318 2546 4388 modo
2587 4325 2811 4405 potest

219 4418 374 4505 quis
422 4420 486 4489 in
521 4423 761 4492 damn'o
795 4426 1067 4496 alterius
1100 4430 1509 4499 consentire:
1535 4450 1869 4502 consensu
1912 4450 2148 4517 nempe
2188 4427 2503 4497 inefficaci
2537 4435 2604 4496 et
2637 4444 2804 4497 con-

285 4595 309 4636 ¹
354 4597 409 4646 V·
443 4597 675 4659 Lignorl,
704 4599 792 4662 Op.
828 4603 982 4665 Mor„
1017 4605 1052 4655 1.
1085 4618 1161 4666 ui,
1197 4621 1247 4661 n.
1281 4613 1392 4663 559.
1439 4636 1505 4651 -
1551 4610 1853 4664 Notandum
1887 4609 2273 4667 consulentem,
2306 4606 2348 4656 si
2399 4606 2741 4656 executorem
2772 4611 2813 4652 a

215 4662 701 4776 ssfrgiffisicffggtm
732 4667 1042 4719 executione
1088 4675 1316 4736 nequeat
1345 4685 1636 4738 removere,
1688 4673 1850 4727 teneri
1882 4671 2185 4733 exjustitia
2234 4678 2449 4721 monere
2472 4663 2826 4756 ‘laedendutm

332 4809 601 4892 Sonitu,
655 4812 981 4901 Theoloqt'a
1027 4823 1152 4885 ete.
1202 4823 1273 4888 T.
1323 4822 1400 4890 11.
1872 4906 1878 4913 ⁶
2552 4817 2635 4884 ²9
