3292 5167
1159 245 1237 292 na
1279 243 1564 292 wsrlrm
1611 241 1882 292 raucus
2685 224 2820 293 549

219 351 426 418 tatem
463 347 608 420 sui,
657 346 862 412 dulcis
903 346 1216 427 alloquio,
1259 344 1537 410 moribus
1585 352 1949 426 temperata.
1995 344 2158 411 Sunt
2199 356 2412 411 autem
2479 345 2806 418 affabilita-

227 427 318 491 tis
353 427 597 491 officia:
641 460 718 474 --
761 428 827 508 1)
870 442 1094 490 omnes
1136 425 1414 506 benigne
1459 426 1704 500 audire,
1749 443 1982 505 eosque
2029 427 2221 489 hilari
2291 427 2473 492 vultu
2537 428 2816 507 alloqui3

217 538 309 551 —
350 505 419 587 2)
464 509 889 586 interroganti
937 509 1306 570 humaniter
1351 507 1783 586 respondere,
1827 509 1941 570 etsi
1991 506 2400 587 importunus
2469 508 2815 588 aliquando

223 587 438 651 videri
488 590 726 668 possit3
769 588 836 729 33
880 589 1101 652 obvios
1144 587 1423 651 salutare
1468 596 1532 649 et
1575 586 2069 650 salutationibus
2118 590 2548 667 respondere,
2592 603 2667 652 ea
2713 589 2813 650 bo·

225 669 413 731 noris
455 675 520 732 et
563 669 808 731 benevo
838 671 1032 732 entiae
1076 667 1580 747 significatione,
1636 681 1825 748 quam
1897 666 1993 728 vel
2064 666 2347 730 locorum
2412 667 2809 731 consuetudo

223 747 332 809 vel
377 749 678 812 amicitiae
705 750 867 813 ratio
899 748 1001 810 vel
1041 748 1322 827 dignitas
1358 747 1457 811 vel
1492 748 1821 810 urbanitas
1853 747 2086 824 exigit3
2116 782 2194 792 —
2224 749 2279 826 4)
2314 764 2554 824 vocem,
2597 748 2816 823 verba,

219 836 478 905 gestum
524 838 589 892 et
630 829 876 893 vultum
923 832 1006 891 ita
1052 844 1460 907 componere,
1511 837 1580 890 ut
1622 827 1932 908 quidquid
2015 828 2244 891 incidit
2322 831 2386 891 in
2449 828 2667 891 oculos
2703 846 2803 891 eo-

225 923 372 971 rum
404 908 780 990 quibuscum
819 925 1297 985 conversamur,
1345 907 1721 990 praeseferat
1764 912 2187 970 suavitatem:
2231 917 2297 972 et
2340 910 2425 971 sit
2469 924 2806 987 argumen-

223 995 361 1051 tum
406 990 738 1053 charitatis
782 1007 933 1053 vere
977 990 1370 1066 christianae,
1413 990 1498 1052 ita
1546 997 1616 1050 ut
1659 989 1874 1050 dicere
1908 991 2221 1068 possimus
2281 1005 2423 1052 cum
2477 989 2814 1066 Apostolo:

215 1084 341 1147 per
383 1071 591 1132 omnia
635 1069 918 1135 omnibus
955 1070 1170 1150 placeo
1197 1067 1244 1132 ¹.

301 1148 445 1216 ‚Duo
489 1161 904 1231 opponuntur
947 1150 1301 1212 affabilitati
1331 1196 1346 1224 ‚
1403 1147 1750 1212 assentatio
1795 1157 1859 1209 et
1901 1148 2229 1226 asperitas.
2294 1149 2654 1214 Assentatic
2717 1157 2815 1214 est

239 1232 502 1310 propria
539 1231 819 1306 illorum,
868 1232 976 1311 qui
1021 1233 1233 1293 omnia
1266 1228 1342 1292 ad
1381 1229 1648 1292 alterius
1686 1226 2082 1291 voluntatem
2121 1231 2255 1291 sive
2286 1245 2433 1292 vera
2468 1231 2602 1292 sive
2634 1228 2814 1305 salsa,

215 1313 368 1372 sive
412 1309 578 1374 bona
622 1312 757 1374 sive
800 1313 988 1387 mala,
1030 1320 1094 1374 et
1137 1310 1487 1389 loquuntur
1530 1318 1596 1373 et
1662 1307 1904 1370 faciunt
1958 1317 2023 1370 et
2087 1307 2366 1372 laudant.
2431 1308 2605 1383 Quod
2672 1312 2814 1374 viro

231 1391 520 1468 ingenuo
565 1401 629 1454 et
672 1393 1026 1455 christiano
1072 1393 1411 1469 indignum
1457 1398 1594 1466 est,
1637 1398 1702 1451 et
1747 1390 1911 1467 parit
1956 1391 2148 1451 eliam
2194 1389 2571 1453 vilissimam
2630 1388 2806 1453 blan-

220 1469 464 1533 ditoris
508 1473 1068 1535 existimationem.
1114 1473 1444 1551 Asperitas
1486 1479 1582 1532 est
1627 1471 1695 1530 in
1744 1470 1847 1536 iis,
1891 1470 1997 1549 qui
2047 1469 2332 1532 habitum
2382 1471 2618 1533 liabent
2664 1487 2804 1550 per·

222 1566 485 1614 versum
535 1552 699 1614 nibil
749 1569 1021 1632 uuquam
1067 1552 1322 1614 dicendi
1357 1550 1435 1614 ad
1495 1551 1932 1629 cujuscunque
1963 1548 2371 1629 voluptatem,
2405 1550 2808 1630 improbandi

223 1646 486 1710 semper
528 1633 739 1695 aliena
783 1633 945 1696 sacta
992 1641 1056 1695 et
1100 1632 1266 1695 dicta
1295 1680 1311 1708 ‚
1353 1631 1567 1692 omnia
1632 1645 1803 1707 aegre
1872 1629 2118 1691 ferendi
2149 1679 2163 1704 ‚
2230 1647 2479 1709 semper
2544 1639 2808 1694 conten·

216 1709 461 1788 dandi,
525 1714 796 1792 singulis
840 1716 906 1776 in
980 1730 1047 1775 re
1128 1728 1504 1793 quacunque
1549 1710 2054 1778 contradicendi.
2120 1709 2245 1773 Hoc
2310 1713 2372 1773 in
2430 1711 2809 1789 quibusdam

232 1791 714 1872 superbissimis
779 1795 1145 1857 hominibus
1217 1809 1486 1855 cernere
1529 1799 1659 1865 est,
1720 1805 1791 1854 ac
1849 1807 2018 1869 saepe
2086 1791 2634 1866 adolescentibus,
2697 1796 2808 1870 qui

218 1875 515 1937 omnium
544 1884 694 1937 sunt
737 1874 1089 1949 derisoreS,
1120 1874 1536 1949 detractores,
1578 1887 1982 1946 susurrones,
2028 1888 2058 1933 a
2106 1888 2374 1950 quorum
2422 1871 2674 1934 defectu
2709 1872 2810 1935 Ti·

222 1954 558 2017 motbeum
604 1962 788 2018 caute
833 1955 1200 2018 removebat
1244 1952 1620 2033 Apostulus:
1669 1949 1916 2013 stultas
1959 1958 2164 2014 autem
2193 1961 2254 2013 et
2295 1954 2429 2018 sine
2470 1953 2809 2032 disciplina

226 2036 606 2176 guoestiones
645 2036 874 2110 devita,
920 2036 1125 2098 sciens
1171 2035 1319 2116 qaia
1361 2037 1666 2115 yenerant
1709 2032 1869 2094 lites.
1912 2031 1992 2094 Et
2057 2032 2132 2094 ad
2199 2031 2604 2096 colossenses
2662 2036 2809 2098 scri·

278 2113 361 2175 it:
412 2112 624 2177 Sermo
665 2123 865 2179 vester
897 2132 1134 2195 semper
1176 2118 1242 2178 in
1277 2117 1495 2196 qratia
1537 2114 1669 2175 sale
1711 2113 1799 2173 sit
1838 2113 2123 2175 conditus
2144 2112 2194 2174 ².

318 2192 525 2256 293.
572 2195 639 2269 Q.
683 2197 738 2258 5.
787 2195 948 2270 Quid
989 2197 1062 2259 dc
1104 2199 1396 2260 comitate
1435 2204 1498 2258 ct
1538 2192 1955 2256 urbanitate?
2362 2269 2367 2274 .
2688 2257 2699 2276 x

315 2273 382 2335 R.
430 2275 518 2336 Ad
568 2277 635 2338 l:
681 2276 958 2339 Comitas
1001 2285 1100 2340 est
1143 2279 1373 2354 virtus,
1417 2293 1551 2355 quce
1595 2281 1810 2337 servat
1850 2274 2125 2336 decorem
2167 2274 2233 2335 in
2267 2275 2451 2352 jocis.
2488 2272 2669 2336 Patet
2717 2272 2805 2335 di·

227 2357 511 2418 scrimen
557 2356 1000 2419 affabilitatem
1048 2358 1219 2420 inter
1262 2365 1326 2420 et
1369 2357 1768 2418 comitatem:
1811 2358 2012 2434 prima
2062 2363 2240 2416 tenet
2276 2355 2530 2417 modum
2570 2354 2633 2415 in
2680 2369 2814 2417 sua·

223 2436 428 2498 vitate
474 2439 789 2499 sermonis
806 2455 825 2510 3
869 2438 1067 2501 altera
1117 2441 1180 2499 in
1228 2435 1827 2500 conversationibus
1868 2443 1934 2496 et
1978 2436 2040 2494 in
2070 2433 2259 2497 ludis.
2305 2470 2380 2480 -
2422 2434 2814 2498 Adversatur

223 2517 515 2578 comitati
558 2516 931 2580 scurrilitas
954 2526 1018 2581 et
1047 2518 1422 2581 rusticitas:
1464 2525 1560 2579 est
1583 2512 1947 2580 scurrilitas
1985 2515 2224 2578 insulsa
2263 2515 2549 2594 quaedam
2583 2525 2646 2578 et
2682 2530 2813 2578 mo·

224 2592 387 2657 lesta
435 2594 738 2661 dicacitas
782 2614 949 2677 saepe
993 2600 1186 2660 etiam
1231 2599 1471 2672 odiosa,
1516 2612 1639 2679 qua
1686 2595 1841 2657 ordo
1886 2603 1950 2656 et
1992 2596 2215 2658 modus
2282 2598 2489 2658 omnis
2545 2597 2607 2657 in
2651 2597 2814 2675 jocis

223 2672 526 2755 ludisque
570 2679 980 2757 pervertitur.
1026 2678 1370 2742 Rusticitas
1412 2691 1567 2742 vero
1611 2685 1710 2741 est
1772 2678 2026 2751 vitium,
2092 2694 2215 2756 quo
2280 2693 2397 2739 nec
2466 2675 2813 2740 festivitate

213 2754 515 2834 jocorum
561 2773 679 2820 nec
722 2762 1231 2821 conversationis
1272 2758 1679 2840 jucunditate
1725 2757 1867 2837 quis
1912 2755 2263 2833 delinitur,
2309 2759 2396 2820 ita
2442 2766 2512 2818 ut
2554 2771 2672 2818 nec
2718 2757 2806 2822 sa·

223 2846 440 2899 cetum
486 2837 636 2915 quid
686 2854 959 2917 unquam
1008 2840 1198 2914 dicat,
1250 2857 1367 2903 nec
1410 2840 1516 2920 qui
1563 2839 1805 2922 dicunt,
1852 2837 2021 2900 ferre
2069 2839 2281 2916 possit.
2315 2836 2488 2911 Quod
2530 2852 2685 2901 sane
2721 2854 2811 2901 re·

223 2916 808 2996 prehendendum
853 2936 997 2981 nam
1044 2919 1418 2985 adversatur
1465 2919 1708 2982 homini
1759 2917 1832 2980 ad
1882 2920 2251 2980 societatem
2298 2926 2446 2980 nato
2492 2916 2540 2979 ³.

313 2996 401 3058 Ad
446 2997 517 3059 2:
561 2996 739 3061 Licet
780 2999 1120 3061 affabilitas
1166 3010 1231 3064 et
1273 3003 1538 3072 comitas
1583 2998 1667 3063 ad·
1707 2997 2136 3062 urbanitatem
2198 2996 2663 3076 quodammodo
2724 2995 2812 3061 re'·

226 3073 560 3154 terantur3
607 3087 817 3141 tamen
863 3079 1191 3156 differunt,
1228 3082 1394 3161 quod
1443 3083 1580 3144 haec
1626 3078 1817 3143 latius
1862 3088 2091 3159 pateat,
2125 3088 2313 3156 atque
2345 3094 2565 3140 omnes
2611 3077 2815 3140 ferme

223 3155 514 3220 hominis
557 3160 842 3221 actiones
884 3169 951 3221 et
993 3177 1202 3224 mores
1247 3162 1565 3241 respiciat,
1607 3170 1678 3223 ut
1721 3160 1871 3221 boni
1919 3162 2047 3221 sint
2078 3177 2149 3221 ac
2187 3159 2423 3221 decori.
2463 3157 2619 3220 Toto
2657 3173 2813 3237 ergo

222 3237 391 3299 coelo
433 3247 656 3300 errant
696 3241 804 3319 qui
849 3241 1279 3305 urbanitatem
1325 3241 1641 3308 collocant
1684 3242 1749 3302 in
1799 3240 2086 3319 corporis
2158 3237 2361 3301 forma
2409 3248 2473 3302 et
2537 3239 2812 3301 vestium

217 3315 594 3395 =elegantia3
640 3336 782 3383 nam
829 3329 926 3382 est
970 3324 1035 3384 in
1082 3325 1295 3386 animo
1358 3323 1519 3384 bene
1583 3324 1952 3392 constituto,
2017 3329 2080 3383 et
2143 3319 2397 3382 exculto
2452 3317 2814 3399 Religionis

226 3400 575 3477 praeceptis
616 3407 682 3462 et
722 3403 1187 3466 exercitatione
1228 3405 1561 3478 virtutum,
1602 3401 1745 3463 sine
1790 3401 2021 3481 quibus
2068 3399 2401 3463 hominum
2446 3415 2656 3462 mores
2701 3413 2809 3462 ne·

217 3491 354 3557 que
400 3493 550 3542 vere
590 3478 768 3557 boni,
813 3496 1020 3561 neque
1066 3500 1217 3546 vere
1263 3483 1481 3546 decori
1525 3499 1665 3548 esse
1711 3490 2014 3561 poterunt
2056 3478 2200 3560 (U).

1040 3714 1373 3784 οΑΡυτ
1445 3709 2011 3785 secunaum
2120 3671 2127 3680 ’

787 3844 885 3902 DE
920 3844 1219 3904 CETERIS
1264 3843 1692 3904 VIRTUTIBUS
1728 3843 2275 3905 CARDINALIBUS.

416 3999 421 4006 ⁶
484 4028 634 4094 Aur.
682 4045 916 4095 uuicos.
964 4062 1054 4075 —-
1093 4026 1164 4094 de
1201 4025 1564 4115 prudentia,
1606 4029 1976 4116 fortitudine
2020 4041 2077 4096 et
2119 4028 2544 4116 temperantia.

305 4196 513 4264 794.
568 4198 636 4274 Q.
681 4202 734 4264 t.
780 4199 941 4277 Quid
982 4207 1081 4264 est
1116 4203 1456 4283 prudentia
1498 4212 1561 4270 ct
1602 4212 1753 4288 quot
1790 4206 1928 4284 ejus
1970 4207 2248 4287 species?

312 4278 383 4371 R,
428 4279 520 4342 Ad
568 4282 630 4344 1:
674 4280 768 4344 Ab
808 4282 1153 4346 Aristotele
1198 4277 1505 4349 definitur
1550 4288 1923 4368 prudentia:
1965 4287 2168 4349 animi
2214 4284 2468 4351 habitas
2500 4303 2652 4351 vcra
2679 4303 2821 4353 cam

219 4366 483 4425 ratione
522 4363 798 4426 actiones
836 4364 1116 4445 αἰνέσαι
1160 4365 1227 4428 in
1270 4364 1379 4442 iis,
1423 4383 1559 4448 quoe
1599 4375 1753 4431 sunt
1792 4367 2026 4431 homini
2071 4366 2232 4431 bona
2272 4367 2370 4430 vel
2410 4369 2582 4431 maia
2628 4368 2681 4432 ⁴.

293 4494 318 4534 ¹
352 4507 391 4556 t,
426 4497 546 4548 Gor.
580 4508 634 4548 x.
1438 4500 1465 4542 ἱ
1496 4502 1592 4615 ΕΡ.
1625 4514 1684 4563 n,
1721 4514 1768 4554 c.
1796 4504 1827 4554 Ξ
1848 4505 1967 4574 ;‚ad
1999 4501 2208 4554 coloss.
2238 4512 2317 4553 1v.

295 4557 321 4598 ⁸
355 4560 417 4610 D.
450 4558 697 4634 Thomas,
731 4563 781 4635 ξ,
816 4565 866 4623 2,
897 4574 950 4627 q.
985 4565 1096 4624 168,
1127 4573 1178 4613 a.
1213 4564 1262 4615 4.
1294 4587 1359 4601 -
1397 4562 1454 4615 7.
1489 4565 1531 4613 D
1555 4563 1721 4625 enlin,
1776 4565 1825 4616 ΙΙ
1874 4567 2008 4619 ouon
2065 4565 2280 4616 Pastore
2320 4565 2405 4616 net
2457 4567 2620 4618 secolo
2672 4565 2825 4628 ΧΠ,

219 4623 270 4674 t.
306 4632 358 4673 1:
404 4620 552 4672 Virta
581 4625 758 4674 sociati
788 4623 1255 4678 aott’ecctestasttco.

294 4681 322 4724 ⁴
357 4684 477 4734 Non
508 4684 778 4747 loquimur
810 4685 875 4737 de
907 4690 1114 4739 terrena
1146 4687 1451 4752 prudentia,
1478 4699 1598 4752 qaas
1631 4688 1989 4742 sunm-finem
2020 4689 2304 4743 constituit
2334 4689 2390 4741 in
2422 4699 2584 4742 carne
2621 4689 2706 4742 vel
2736 4688 2825 4741 di-

323 4764 597 4849 Scmm,
650 4768 976 4855 Theoloqia
1021 4778 1142 4839 etc.
1189 4772 1377 4840 Tom.
1425 4770 1505 4840 11.
2553 4772 2641 4841 35
