3292 5167
521 170 657 239 182
1549 192 1667 241 mn.
1715 194 1781 241 n.
1829 192 2041 239 rimor.
2088 192 2144 236 v,

521 293 641 356 ohe
689 300 935 372 potesse
980 290 1375 355 combattere
1420 290 1475 356 la
1524 293 2062 357 canonizzazioue
2106 291 2205 354 de'
2228 289 2431 367 Santi,
2473 307 2507 351 e
2553 290 2669 353 che
2713 306 2749 352 e
2797 289 2839 351 li
2890 305 3017 353 non
3055 294 3114 354 si

523 372 788 437 sarebbe
833 389 955 434 mat
1007 374 1296 453 figurato,
1341 375 1459 437 che
1504 373 1918 437 l’attenzione
1960 372 2128 437 della
2174 371 2399 438 Cliiesa
2449 386 2710 432 romana
2786 387 2931 434 osse
2970 372 3111 434 cosi

522 470 743 516 severa
790 454 1153 516 nell'esame
1200 455 1318 515 che
1353 471 1492 516 essa
1540 453 1598 517 sa
1645 455 1746 516 dei
1798 453 2106 517 miracoli.
2154 478 2175 507 ι
2231 452 2502 525 Niconis,
2544 450 2634 512 La
2692 449 2948 532 Ver-qino
2977 451 3121 515 Μα-

520 534 623 597 ria
667 534 907 598 vivente
950 535 1117 596 nella
1168 533 1412 608 Cniesa,
1460 536 1652 597 nuooi
1680 536 1855 597 studi
1879 534 2160 615 filosofici
2193 533 2294 594 sul
2331 532 2826 607 Cristianesimo,
2865 548 3002 610 par.
3029 532 3118 607 3⁸,

523 629 574 676 c.
620 631 758 676 vm.
801 649 877 660 —
923 614 1340 689 Bourdaloue,
1387 612 1674 677 Sermone
1714 633 1828 695 per
1870 616 1934 676 la
1975 614 2139 695 festa
2207 613 2372 677 della
2414 612 2730 677 Madonna
2772 613 2944 693 deqti
2985 612 3117 677 An·

519 694 694 776 yioti.
736 729 815 741 —
858 694 1174 771 Riccardi,
1226 694 1438 758 Storia
1481 696 1580 759 dei
1625 693 1939 757 Santuari
1973 711 2122 761 ecc„
2186 711 2241 756 v,
2278 711 2326 756 1:
2362 693 2646 755 Discorso
2678 692 3112 772 pretiminare.

520 810 598 821 —
642 774 826 837 Fasti
866 776 1037 838 detta
1084 775 1307 839 Ckiesa
1348 776 1507 839 nette
1548 776 1675 839 vite
1703 776 1803 839 dei
1847 774 2047 839 Santi.
2085 774 2557 848 Milano;V.11:
2607 773 3005 836 Prefazione.
3033 807 3113 819 -

521 854 678 919 Item
724 856 804 918 de
846 857 1176 920 miraculis
1222 864 1287 920 et
1329 857 1791 920 miraculorum
1837 856 2144 935 gradibus
2187 855 2337 918 vide
2380 853 2763 917 Benedictus
2812 852 2971 929 xlv,
3034 853 3131 916 De

406 957 419 970 ·
530 935 1023 1021 Canonizatipne
1068 934 1467 1013 Sanctorum,
1531 954 1664 1017 par.
1730 953 1812 998 iv.
1876 971 1955 982 -
2019 936 2311 1015 Fergola,
2383 935 2635 996 Teorica
2699 935 2789 997 de'
2812 935 3127 1005 miracoli,

520 1026 768 1097 esposta
802 1035 914 1081 con
955 1019 1191 1081 metodo
1233 1018 1691 1095 dimostratioo,
1739 1018 1986 1097 sequitu
2027 1018 2107 1079 da
2152 1034 2241 1078 un
2284 1017 2560 1078 discorso
2602 1016 2989 1095 apoloqetico
3017 1016 3127 1077 sut

519 1098 818 1161 miracolo
861 1099 928 1161 di
967 1117 1016 1161 s.
1068 1097 1376 1162 Gennaro.
1419 1131 1497 1145 —
1538 1097 1877 1178 Spagnius,
1920 1096 2006 1159 De
2048 1098 2401 1167 miraculis,
2451 1096 2555 1158 ubi
2606 1097 2899 1175 plurima.

601 1178 765 1241 Vera
811 1179 1117 1241 miracula
1167 1189 1299 1241 toto
1343 1177 1506 1241 coelo
1551 1179 1799 1242 distant
1842 1195 1874 1241 a
1913 1180 2099 1240 miris
2140 1194 2283 1257 quae
2329 1193 2447 1256 ope
2492 1176 2801 1238 daemonis
2835 1192 2953 1254 per
2990 1177 3115 1255 spi·

520 1259 842 1322 ritismum
889 1270 1243 1339 patrantur,
1287 1270 1357 1323 ut
1401 1259 1620 1322 multis
1695 1259 1920 1339 probat
1964 1258 2245 1321 Perrone
2289 1257 2409 1335 (De
2475 1260 2711 1320 virtute
2773 1257 3125 1336 Religionis

521 1353 584 1400 n.
626 1339 796 1418 896),
840 1341 943 1402 ubi
993 1341 1202 1403 firmat
1247 1342 1411 1402 hanc
1458 1340 1727 1402 thesim:
1786 1356 2115 1419 perperam
2181 1337 2581 1418 mannetismi
2640 1354 2715 1399 ac
2773 1338 3125 1416 spiritistni

517 1425 856 1482 sectatores
898 1422 1315 1483 connituntur
1359 1420 1685 1501 infirmare
1728 1421 2042 1483 miracula
2084 1437 2160 1482 ac
2204 1419 2512 1483 vaticinia
2558 1416 2791 1481 biblica
2852 1424 2915 1479 et
2977 1417 3131 1481 cha·

516 1499 785 1563 rismata
830 1498 1201 1563 Sanctorum
1242 1501 1499 1564 obtentu
1527 1501 2079 1581 phoenoinenorum,
2112 1518 2247 1580 quoe
2270 1500 2393 1579 ipsi
2417 1501 2681 1577 jactant
2718 1500 3124 1578 maquetismi

521 1595 597 1641 ac
639 1581 997 1659 spiritismi.
1062 1581 1211 1654 Quae
1255 1584 1494 1645 veritas
1539 1585 1753 1665 statim
1800 1592 2064 1660 apparet
2107 1580 2531 1660 expendendo
2595 1596 2671 1641 ex
2740 1596 2863 1641 una
2936 1588 3127 1672 parte

517 1661 995 1737 miraculorum,
1025 1678 1100 1723 ex
1133 1664 1254 1725 alia
1301 1662 1633 1741 spiritismi
1675 1670 1990 1737 naturam,
2019 1662 2398 1740 subjectum,
2429 1660 2643 1736 finem,
2672 1660 2939 1722 effectus
2971 1659 3123 1723 alta·

517 1756 640 1818 que
685 1742 1001 1819 adjuncta.
1047 1742 1174 1804 Hac
1221 1744 1388 1805 inter
1433 1751 1644 1804 cetera
1693 1741 1845 1806 facit
1892 1742 2050 1806 illud
2100 1743 2159 1805 d.
2202 1743 2503 1805 Thomae:
2550 1739 2888 1802 Dicendum
2952 1742 3121 1820 quod

517 1820 701 1899 siano
742 1821 924 1899 facta
963 1839 1077 1901 per
1121 1821 1305 1886 bonos
1348 1831 1611 1902 possunt
1651 1824 1964 1903 distinqui
2019 1821 2103 1888 ab
2144 1824 2279 1885 iltis
2324 1839 2458 1901 qua>
2515 1836 2628 1899 per
2686 1822 2882 1887 maios
2951 1822 3125 1900 fiunt

518 1902 861 1980 tripliciter
902 1904 983 1965 ad
1017 1904 1241 1966 minus.
1286 1904 1499 1966 Primo
1542 1920 1620 1965 ex
1665 1904 1947 1966 efficacia
1994 1905 2252 1966 virtutis
2296 1903 2644 1981 operantiS,
2708 1904 2864 1980 quia
2926 1904 3127 1982 siqua

514 1981 691 2060 facta
730 1999 842 2061 per
887 1981 1070 2047 bonos
1115 1985 1353 2047 virtute
1395 1985 1613 2047 divina
1654 1984 1822 2064 fiunt
1862 1983 1930 2045 in
1961 1984 2093 2046 iilis
2135 1984 2349 2059 etiam,
2387 1983 2469 2044 ad
2492 1998 2626 2061 quae
2658 1983 2869 2044 virtus
2898 1983 3123 2045 action

519 2070 769 2125 natura>
810 2081 873 2126 se
917 2064 1088 2128 izuito
1151 2065 1320 2127 modo
1363 2066 1669 2139 extendit,
1716 2066 1885 2127 sicut
1924 2066 2239 2127 suscitare
2278 2070 2552 2125 mortuos
2597 2068 2659 2122 et
2718 2061 3107 2140 hujusmodi,

517 2158 654 2222 quw
696 2143 994 2208 doemones
1037 2146 1370 2208 secundum
1413 2146 1741 2208 veritatem
1774 2144 1984 2225 facere
2028 2156 2151 2207 non
2191 2149 2494 2223 possunt;
2539 2143 2644 2204 sed
2674 2142 2740 2205 in
2765 2144 3117 2224 proestiqiis

524 2229 791 2299 tantum,
833 2242 966 2304 quoe
998 2226 1109 2288 diu
1150 2226 1385 2289 durare
1427 2242 1548 2289 non
1587 2234 1872 2306 possunt.
1916 2224 2197 2289 Secundo
2260 2240 2334 2287 ex
2402 2222 2681 2285 utilitate
2748 2225 3121 2301 signorum;

519 2304 668 2383 quia
713 2307 896 2385 siqua
934 2322 1045 2386 per
1090 2305 1274 2371 bonos
1320 2306 1498 2386 facta
1539 2313 1692 2368 sunt
1733 2307 1805 2368 de
1849 2306 2037 2371 rebus
2080 2303 2372 2381 utilibus,
2413 2313 2488 2366 ut
2537 2306 2605 2366 in
2647 2306 2977 2366 curatione
3019 2305 3119 2367 in-

517 2385 894 2464 firmitatum
935 2395 998 2450 et
1038 2387 1396 2466 hujusmodi
1410 2410 1436 2460 ‚·
1478 2387 1662 2467 siqua
1706 2394 1914 2449 autem
1950 2404 2065 2467 per
2106 2385 2304 2449 malos
2376 2384 2555 2465 facta
2599 2391 2751 2446 sunt
2796 2386 2862 2445 in
2929 2383 3114 2447 rebus

521 2466 752 2529 nocivis
797 2474 860 2529 et
918 2469 1115 2541 vanis,
1159 2471 1325 2530 sicut
1368 2469 1526 2547 quod
1569 2468 1786 2530 volant
1828 2468 1893 2530 in
1961 2484 2104 2531 aere
2148 2468 2243 2530 vel
2283 2468 2556 2529 reddunt
2594 2462 2873 2529 membra
2917 2464 3115 2528 homi-

520 2564 668 2609 num
710 2546 983 2626 stupida.
1038 2549 1248 2613 Tertia
1289 2549 1648 2629 differentia
1693 2555 1788 2610 est
1829 2556 2135 2629 quantum
2179 2548 2256 2610 ad
2303 2548 2516 2621 finem,
2561 2547 2711 2623 quia
2780 2547 2969 2626 siyna
3014 2546 3123 2610 bo·

520 2644 741 2689 norum
784 2630 1167 2692 ordinantur
1208 2630 1291 2691 ad
1330 2629 1801 2709 (edificationem
1838 2630 1983 2709 fidei
2023 2636 2085 2692 et
2127 2626 2428 2691 bonorum
2477 2643 2735 2699 morum,
2780 2628 2886 2689 sed
2928 2628 3122 2707 siqua

518 2708 827 2770 malorum
869 2717 1019 2771 sunt
1059 2711 1125 2772 in
1169 2709 1571 2788 manifestum
1613 2717 2049 2773 nocumentum
2089 2709 2235 2789 fidei
2267 2717 2330 2771 et
2372 2706 2741 2769 honestatis.
2787 2706 2874 2769 Et
2915 2724 3121 2785 quan·

521 2793 652 2849 tum
695 2789 770 2850 ad
819 2790 1074 2852 modum
1120 2791 1443 2871 differunt,
1487 2792 1639 2870 quia
1684 2789 1829 2853 boni
1869 2797 2215 2869 operantur
2257 2789 2574 2850 miracuta
2615 2804 2726 2866 per
2770 2789 3116 2851 invocatio-

519 2884 656 2930 nem
698 2870 900 2932 divini
940 2870 1232 2933 Numinis
1272 2872 1372 2950 pie
1414 2878 1476 2932 et
1519 2877 1889 2946 reverenter,
1922 2872 2027 2933 sed
2060 2871 2214 2934 mali
2244 2867 2619 2949 quibusdam
2653 2868 3123 2946 deliramentis,

518 2954 689 3012 sicut
731 2951 888 3028 quod
930 2951 1220 3014 incidunt
1259 2969 1321 3013 se
1364 2951 1611 3026 cultris,
1640 2958 1704 3013 et
1730 2951 2088 3028 hujusmodi
2133 2959 2241 3013 tur
2287 2951 2351 3013 ia
2384 2950 2653 3029 faciunt.
2691 2949 2773 3010 Et
2808 2949 2901 3012 ita
2932 2952 3123 3031 siqua

515 3046 631 3108 per
674 3028 857 3094 bonos
898 3030 1078 3111 facta
1124 3031 1450 3111 manifeste
1490 3039 1755 3111 possunt
1795 3032 2069 3095 discerni
2111 3030 2190 3095 ab
2278 3032 2357 3107 is,
2404 3047 2539 3109 quoe
2600 3030 2839 3092 virtute
2901 3032 3127 3094 doemo-

519 3126 670 3171 num
710 3111 890 3189 fiunt.
935 3111 1033 3189 (In
1078 3110 1115 3174 2
1159 3110 1469 3187 sentent„
1513 3113 1658 3176 dist.
1705 3128 1817 3188 vu,
1859 3130 1916 3191 q.
1961 3112 2046 3192 3.)

598 3189 810 3252 2⁷1».
856 3192 942 3254 De
984 3201 1125 3255 arte
1166 3195 1394 3256 critica
1457 3194 1638 3272 plura
1684 3191 1992 3254 Solimani
2042 3196 2106 3255 in
2171 3206 2404 3270 opere,
2467 3190 2886 3269 Importanza
2952 3189 3125 3254 della

525 3266 756 3348 Storia,
790 3274 1188 3336 considerata
1217 3275 1374 3337 nette
1403 3292 1537 3336 rose
1558 3273 1745 3336 eheie
1767 3290 2023 3336 servono
2043 3274 2110 3335 di
2131 3273 2432 3343 mutarim
2458 3287 2591 3350 par.
2618 3286 2658 3330 1.
2684 3269 2901 3346 Roma,
2938 3270 3126 3333 1861.

521 3347 689 3413 Sane
731 3364 1040 3432 quantum
1084 3362 1181 3417 est
1225 3354 1541 3419 laudanda
1588 3356 1808 3417 critica
1860 3363 2235 3434 temperata,
2278 3369 2420 3431 quae
2464 3358 2853 3414 reverenter
2879 3350 3120 3415 menda

522 3432 983 3498 catholicorum
1028 3439 1411 3515 scriptorum
1460 3443 1656 3510 notat,
1700 3435 1880 3496 dotes
1923 3444 2134 3497 autem
2182 3432 2357 3510 large
2401 3430 2670 3505 attollit;
2736 3437 2988 3493 tantum
3018 3444 3126 3495 est

524 3512 940 3591 vituperanda
985 3517 1205 3577 critica
1252 3517 1552 3578 effrenis:
1599 3515 1736 3577 haec
1780 3515 2098 3593 siquidem
2141 3513 2511 3593 superbiam
2581 3510 2775 3586 fovet,
2839 3511 3121 3574 maledi·

524 3608 667 3655 cum
714 3591 886 3671 tacit,
931 3596 1228 3674 religiosa
1275 3613 1540 3677 quaeque
1585 3594 1939 3669 conculcat,
1982 3597 2428 3658 auctoritatem
2498 3592 2770 3672 spernit,
2833 3591 3119 3655 clariora

523 3673 782 3735 nomina
829 3676 1215 3753 pessumdat,
1257 3677 1417 3741 nulli
1468 3678 1706 3755 parcit;
1749 3675 1828 3738 de
1864 3677 2161 3739 omnibus
2194 3673 2467 3749 dubitat,
2496 3674 2708 3735 omnia
2748 3677 2814 3736 in
2852 3683 3123 3735 conten·
3172 3724 3177 3735 .

521 3753 766 3815 tionem
812 3757 992 3833 ponit
1038 3756 1137 3817 vel
1185 3757 1333 3819 ludo
1380 3761 1593 3832 vertit,
1646 3757 1869 3831 tristis»,
1917 3756 2160 3831 invida,
2209 3756 2528 3835 petulans,
2572 3752 2864 3825 mordax,
2930 3752 3124 3816 intol-

523 3831 830 3898 lerabilis.
874 3834 1217 3900 Caveamns
1262 3853 1487 3900 omnes
1528 3837 1606 3899 ab
1673 3837 1790 3899 hac
1857 3838 2189 3915 prurigine
2257 3835 2614 3911 maledicta,
2681 3843 2952 3897 caveant
3006 3837 3119 3912 qui

524 3913 777 3992 docent,
822 3927 1086 3979 caveant
1130 3921 1235 3996 qui
1283 3919 1572 3992 discunt3
1642 3927 1911 3981 caveant
1943 3918 2247 3995 juveueS,
2289 3923 2556 3979 caveant
2599 3914 2907 3988 studiosi3
2974 3931 3120 3994 pes-

522 3995 717 4058 simos
758 3998 930 4058 euim
977 3997 1168 4061 habet
1211 4000 1443 4073 exitus,
1491 4015 1631 4077 quae
1678 3998 1801 4060 nisi
1848 3999 1925 4061 ab
1971 3998 2159 4060 initio
2203 3997 2572 4071 suffocetur,
2626 3995 2705 4057 ad
2772 3996 3119 4059 interitum

523 4073 723 4138 ducit.
761 4077 1220 4157 Berengarium
1264 4080 1701 4155 meminerint,
1791 4080 1852 4141 ui
1903 4080 2180 4158 optimus
2209 4077 2687 4142 ecclesiasticus
2717 4091 2858 4138 esse
2890 4083 3120 4155 potue—

520 4163 644 4231 rat,
685 4164 966 4220 attamen
1013 4158 1220 4223 adhuc
1263 4158 1572 4222 scholaris
1618 4174 1754 4221 cavi
1792 4158 1956 4222 lator
2000 4167 2066 4222 et
2108 4160 2356 4235 irrisor,
2403 4157 2718 4238 pessimus
2763 4157 3118 4221 haereticus

521 4232 730 4298 factus
792 4248 915 4299 est:
964 4256 1105 4300 cum
1139 4240 1454 4317 juveniles
1497 4241 1564 4301 in
1622 4237 1851 4302 scholis
1897 4247 2115 4320 ayeret
2153 4255 2372 4314 annos,
2420 4238 2627 4302 elatus
2671 4237 2915 4318 inqenii
2968 4235 3125 4300 levi-

525 4319 677 4391 tate,
725 4318 922 4394 ipsius
965 4320 1260 4400 maqistri
1301 4337 1549 4382 sensum
1591 4337 1713 4383 non
1756 4322 1903 4384 adeo
1944 4318 2236 4393 curabat,
2277 4316 2731 4397 condiscipulos
2770 4333 2885 4396 pro
2912 4316 3127 4382 nihilo

515 4394 884 4539 ἴοριῖεαὺαε,
930 4397 1124 4559 ἰξζὸῦοε
1168 4402 1427 4481 insuper
1468 4401 1711 4464 artium
1753 4399 2185 4465 contemnebat
2212 4401 2484 4480 (Natalis
2519 4398 2906 4474 Alexander,
2945 4392 3120 4462 Hist.

615 4494 647 4537 c
677 4524 716 4549 .‚
763 4493 904 4540 saec.
1063 4528 1078 4542 .

516 4600 528 4610 ,
600 4554 798 4617 221.
838 4557 1385 4639 Martyria-nt
1429 4564 1811 4640 martyrium
1856 4575 2064 4641 graece
2111 4561 2284 4625 idem
2325 4569 2424 4626 est
2465 4576 2537 4623 ac
2580 4559 2780 4625 latine
2838 4560 3126 4625 testimo-

515 4635 718 4700 nium.
760 4636 889 4701 Usu
934 4653 1125 4719 porro
1170 4638 1248 4702 ab
1280 4638 1565 4704 Ecclesia
1612 4649 1870 4721 recepto
1914 4644 2299 4723 martyrium
2344 4644 2618 4708 sumitur
2661 4655 2779 4721 pro
2823 4642 3121 4707 testimo·
