3292 5167
1439 300 1517 346 nn
1564 298 1704 347 rinc
2114 336 2119 343 .
2754 282 2884 348 617

656 562 690 646 S
743 564 799 628 1.
825 594 913 607 --
958 562 1048 626 De
1093 559 1234 644 fidei
1277 560 1632 627 necessitate
1678 559 1921 626 ratione
1966 572 2141 627 actus
2187 562 2526 629 interioris.

376 814 600 879 m.
653 816 725 894 Q.
777 815 833 879 1.
883 813 978 879 An
1027 812 1100 878 de
1143 798 1497 879 necessitate
1548 811 1738 878 medii
1798 811 2039 897 aliquid
2092 813 2170 878 ab
2222 811 2458 878 adultis
2503 812 2878 878 credendum

279 922 360 989 sit
405 920 490 988 ad
522 921 1032 1013 justificationem
1065 928 1094 987 ?
1537 906 1546 919 ’
2374 912 2381 923 ’

371 1031 444 1097 R.
497 1030 768 1096 Certum
817 1036 919 1098 est
969 1027 1279 1097 omnibus
1328 1025 1570 1093 adultis
1619 1025 1877 1092 ratione
1924 1023 2268 1093 utentibus
2317 1024 2611 1109 aliquem
2664 1031 2886 1091 actum

285 1135 863 1221 supernaturalem
910 1152 1059 1203 esse
1110 1132 1591 1213 necessarium,
1643 1132 1807 1198 adeo
1861 1138 1932 1199 ut
1980 1132 2124 1200 sine
2172 1149 2291 1213 e0‚
2345 1131 2543 1199 etiam
2596 1130 2889 1214 inculpa-

283 1242 510 1312 biliter
537 1243 807 1326 omisso,
834 1241 1383 1328 justificationem
1433 1240 1740 1307 obtinere
1782 1257 1915 1307 non
1950 1238 2230 1325 possint.
2270 1241 2384 1306 Est
2425 1248 2652 1305 contra
2685 1239 2887 1322 Wega

286 1359 354 1417 et
402 1368 539 1432 eOS,
593 1350 702 1435 qui
759 1357 988 1434 putant
1036 1349 1373 1416 hominem
1424 1347 1782 1417 invincibili
1836 1347 2307 1431 mysteriorum
2366 1346 2520 1414 fidei
2574 1346 2884 1431 ignoran-

297 1458 388 1524 tia
439 1457 849 1526 laborantem
903 1455 1134 1523 salvari
1188 1472 1388 1539 posse
1433 1454 1577 1522 sola
1626 1455 1906 1522 naturali
1961 1453 2347 1539 cognitione
2393 1453 2535 1521 Dei.

379 1566 753 1633 Probatur:
821 1583 900 1631 ex
965 1562 1368 1647 Scripturis;
1438 1563 1802 1647 Apostolus
1868 1580 2185 1647 expresse
2251 1562 2477 1630 docet:
2524 1563 2657 1628 sine
2707 1561 2887 1647 fide...

283 1672 662 1758 impossibile
707 1682 792 1737 est
836 1671 1081 1756 placere
1127 1672 1297 1748 Deo;
1342 1669 1585 1736 credere
1630 1670 1795 1735 enim
1841 1680 2073 1755 oportet
2119 1670 2498 1736 accedentem
2541 1669 2626 1735 ad
2671 1671 2887 1750 Deum,

282 1779 435 1863 qaia
481 1790 586 1860 est,
637 1790 690 1844 et
738 1775 1190 1860 inquirentibus
1235 1795 1299 1841 se
1342 1787 1777 1841 remunerator
1820 1775 1901 1842 sit
1952 1774 2016 1856 ¹3
2062 1772 2453 1860 Apostolum
2502 1783 2721 1842 autem
2786 1775 2887 1841 lo-

284 1884 398 1970 qui
447 1883 527 1952 de
578 1883 705 1951 fide
754 1881 1253 1969 supernaturali
1305 1888 1589 1963 constat,
1639 1881 1793 1966 qnia
1846 1880 2140 1967 loquitur
2174 1880 2254 1949 de
2287 1899 2360 1949 ea
2396 1881 2543 1963 fide,
2597 1898 2745 1967 qnae
2787 1872 2888 1949 est

288 1992 750 2079 sperandarum
793 2004 1012 2057 rerum
1057 1990 1406 2056 substantia
1447 1995 1514 2056 et
1558 2001 2003 2074 arqamentnm
2048 2009 2173 2055 non
2219 1990 2675 2076 apparentium.
2726 1991 2886 2069 Quae

283 2117 487 2184 porro
538 2084 698 2169 fides
754 2106 936 2167 certe
985 2096 1510 2182 supernaturalis
1560 2103 1680 2175 est,
1732 2113 1883 2163 cum
1938 2114 2044 2164 res
2089 2095 2433 2181 sperandae
2484 2095 2748 2162 humani
2790 2096 2886 2162 in-

287 2207 462 2292 genii
515 2214 780 2292 captum
828 2212 1176 2292 superent,
1229 2212 1291 2272 et
1343 2221 1446 2273 res
1497 2220 1630 2271 non
1682 2212 2085 2289 apparentes
2136 2204 2416 2270 humana
2466 2203 2720 2272 ratione
2783 2203 2877 2270 in·

288 2313 597 2399 vestigari
651 2320 1008 2398 nequeant.

466 2424 527 2486 2.
575 2424 669 2487 Ex
711 2420 1051 2487 Patribus:
1100 2419 1285 2487 Fides
1333 2419 1452 2503 (ait
1501 2417 1560 2485 d.
1611 2418 2036 2504 Ambrosius)
2086 2431 2171 2487 est
2223 2419 2447 2486 salutis
2475 2432 2707 2487 nostroe
2735 2438 2885 2506 pre-

279 2528 460 2612 tinm,
499 2530 632 2595 sine
661 2547 778 2613 quo
807 2546 935 2594 non
966 2528 1191 2594 emitur
1220 2529 1495 2612 Regnum
1530 2528 1822 2594 coetorum
1852 2522 1901 2594 ².
1933 2564 2024 2575 —-
2051 2522 2236 2594 Fides
2267 2539 2352 2594 est
2387 2527 2628 2613 (lnquit
2654 2544 2705 2594 s.
2732 2526 2885 2594 Ful·

286 2634 579 2718 gentius)
630 2635 927 2701 bonoram
975 2635 1257 2700 omnium
1301 2633 1800 2719 surtdamentum,
1855 2635 2151 2715 hamanaae
2181 2635 2405 2700 salutis
2437 2634 2722 2700 initium:
2754 2635 2889 2700 sine

283 2745 404 2810 hac
447 2762 623 2808 nemo
668 2742 754 2807 ad
795 2743 1069 2828 filiorum
1116 2743 1232 2809 Dei
1274 2762 1606 2808 numeram
1646 2754 1842 2829 potest
1868 2744 2231 2828 pervenire;
2260 2744 2410 2827 qaia
2440 2744 2574 2808 sine
2604 2742 2744 2829 ipsa
2780 2763 2889 2807 nec

285 2850 356 2916 in
403 2851 515 2916 hoc
559 2849 785 2915 saeculo
833 2851 1165 2937 quisquam
1192 2850 1661 2935 justificationis
1691 2851 1993 2935 qratiam,
2033 2870 2144 2916 nec
2177 2851 2244 2915 in
2274 2850 2488 2935 futuro
2518 2849 2708 2915 vitam
2746 2868 2890 2915 con-

284 2956 566 3042 sequitur
611 2967 912 3023 aeternam
948 2957 996 3024 ³.
1089 2994 1096 3009 ·

470 3066 531 3132 3.
581 3067 675 3131 Ex
723 3064 1041 3132 Ecclesiae
1090 3063 1395 3131 decretis,
1451 3063 1913 3131 Tridentinum
1985 3071 2212 3148 aperte
2279 3065 2515 3131 asserit
2585 3064 2719 3130 sine
2772 3063 2890 3149 fide

285 3171 452 3238 nulli
502 3188 790 3256 unquam
840 3171 1197 3255 contigisse
1238 3169 1827 3256 justificationem3
1877 3177 1943 3237 et
1990 3170 2195 3237 addit:
2245 3171 2428 3237 Fides
2473 3183 2559 3238 est
2599 3171 2893 3235 humanae

286 3278 512 3344 salutis
558 3277 844 3359 initium,
890 3277 1367 3363 fundamentum
1409 3291 1462 3344 et
1508 3276 1706 3343 radia⁸
1786 3278 1989 3343 onmis
2044 3278 2530 3363 justificationi&
2576 3278 2708 3342 sine
2765 3296 2891 3362 qua

288 3387 663 3473 impossibile
709 3399 794 3453 esc
834 3388 1083 3473 placere
1131 3391 1274 3468 Dec,
1327 3398 1381 3452 et
1427 3385 1513 3453 ad
1555 3386 1832 3471 filioram
1877 3386 2010 3471 ejus
2056 3384 2429 3451 consortium
2470 3386 2793 3471 pervenire
2838 3388 2889 3451 ⁴.

292 3493 738 3562 confirmatur
770 3511 850 3560 ex
887 3493 1346 3579 propositione
1380 3493 1504 3560 sub
1547 3512 1619 3567 n.
1671 3494 1757 3560 23
1794 3494 1874 3561 ab
1923 3492 2315 3560 Innocentio
2349 3494 2435 3560 XI
2487 3495 2889 3577 proscripta:

285 3602 473 3671 Fides
522 3602 652 3669 lata
697 3602 864 3667 dicta
913 3622 995 3666 ea:
1039 3601 1386 3668 testimonio
1433 3612 1894 3683 creaturarum,
1940 3600 2211 3666 similive
2241 3601 2487 3681 motiva,
2537 3599 2620 3666 ad
2653 3600 2892 3685 justifi-

290 3710 596 3776 cationem
642 3709 863 3794 sufficit
912 3713 960 3772 ⁵.

372 3864 594 3925 9⁰4,
643 3865 863 3926 Dices:
906 3864 964 3926 si
1007 3864 1101 3925 ita
1135 3869 1251 3937 est,
1298 3876 1442 3944 erqo
1482 3864 1760 3941 adultus,
1806 3865 1954 3928 licet
1989 3865 2054 3928 in
2100 3863 2381 3945 infantia
2414 3864 2554 3941 jam
2601 3848 2887 3942 baptiza·

300 3955 433 4022 tus,
471 3947 529 4008 si
567 3946 638 4008 de
681 3944 865 4008 rebus
906 3944 1051 4024 fidei
1091 3944 1496 4037 necandivit
1535 3962 1833 4024 unquam,
1878 3962 1988 4008 nec
2030 3945 2255 4007 audire
2286 3946 2622 4024 quidquam
2660 3943 2891 4023 potnit,

1371 4046 1402 4075 h

357 4250 381 4288 Β
411 4252 472 4299 ln
505 4250 587 4298 Ps.
621 4258 825 4298 xxxvii.
1701 4248 1723 4286 ⁸
1756 4249 1817 4298 In
1848 4247 2042 4310 protea.
2072 4246 2131 4296 de
2161 4248 2272 4310 side.

353 4310 375 4351 ⁴
414 4310 551 4363 sess,
587 4322 659 4371 vt,
696 4321 743 4360 c.
779 4311 807 4362 7
842 4310 892 4361 et
922 4312 969 4361 8.
1005 4333 1068 4345 —
1110 4309 1162 4359 V.
1199 4306 1550 4370 Bourdaloue,
1585 4310 1952 4369 Dementcales,
1986 4320 2190 4359 sermon
2232 4322 2324 4358 sar
2359 4309 2411 4359 la
2446 4308 2554 4359 Fet.
2596 4308 2681 4358 Est
2713 4312 2895 4361 autem

290 4373 584 4436 rejicienda
613 4372 898 4434 singularis
931 4372 1113 4433 opinio
1145 4371 1370 4422 Andreae
1399 4372 1556 4433 ,vegae
1591 4372 1927 4435 aliorumque
1968 4383 2284 4433 paucorum,
2332 4371 2420 4439 qui
2474 4371 2664 4422 docent
2716 4384 2893 4423 receu-

289 4438 395 4487 sita
430 4436 737 4487 testimonia
808 4446 928 4487 osse
961 4434 1177 4493 intelligi
1214 4434 1279 4482 de
1312 4432 1412 4483 fide
1446 4434 1605 4484 etiam
1644 4433 1698 4484 in
1736 4440 1885 4495 voto,
1920 4435 1971 4483 et
2004 4445 2110 4483 non
2151 4433 2522 4483 tantummodo
2558 4437 2609 4485 in
2651 4445 2734 4496 re3
2770 4434 2892 4484 idi-o

294 4497 534 4548 adultum
571 4499 772 4547 invinci
816 4497 952 4547 iliter
983 4497 1315 4557 ignorantem
1353 4497 1602 4558 mysteria
1656 4497 1778 4547 fidei
1826 4506 1980 4560 posse
2009 4494 2306 4558 iustificari.
2347 4497 2479 4545 Nam
2518 4495 2645 4546 fides
2680 4499 2760 4547 est
2791 4497 2895 4546 clis-

293 4560 489 4623 positio
542 4560 765 4619 interna,
821 4560 997 4610 omnis
1028 4557 1422 4621 Justitlcationts
1472 4557 1652 4611 radix:
1691 4560 1819 4610 nihil
1858 4557 2077 4623 proinde
2110 4558 2384 4621 supponit,
2446 4559 2497 4609 in
2548 4571 2656 4622 quo
2705 4562 2895 4609 votum

288 4621 412 4684 ejus
449 4621 771 4672 includatur.
809 4620 1007 4672 suarez
1039 4623 1218 4671 censet
1249 4620 1451 4684 absque
1484 4631 1663 4672 errore
1698 4622 1751 4672 in
1787 4621 1887 4675 fide
1924 4619 1972 4670 id
2010 4624 2190 4692 negari
2228 4633 2334 4672 non
2408 4632 2546 4671 osse.

358 4682 382 4722 Β
415 4685 546 4733 Lata
578 4684 731 4742 diota,
751 4682 803 4734 id
838 4686 919 4734 est
951 4684 1134 4733 innixa
1168 4683 1471 4735 testimonio
1516 4688 1771 4736 creaturae
1808 4685 1884 4736 vel
1922 4681 2028 4732 alio
2061 4685 2223 4735 simili
2261 4685 2369 4734 mot
2396 4695 2461 4733 vo
2495 4692 2615 4747 quie
2648 4683 2772 4733 ideo
2808 4696 2903 4744 po—
3010 4725 3021 4737 .

291 4746 404 4796 tius
438 4751 517 4797 est
543 4745 783 4804 scientia,
821 4752 984 4808 quam
1020 4743 1170 4796 fides.
1361 4756 1374 4775 ·
