3292 5167
1231 264 1688 312 Annos-Aviones
2626 248 2759 314 385

160 364 495 446 proflttare
539 362 709 427 della
753 364 921 427 meta
966 362 1072 427 del
1121 375 1375 438 tesoro,
1415 365 1671 446 quando
1710 381 1836 429 non
1870 365 2086 429 risulti
2124 364 2244 429 ohe
2274 364 2294 428 i
2330 364 2534 430 lavori
2571 370 2756 431 stessi

161 446 437 509 abbiano
481 453 671 508 avuto
715 460 829 523 per
898 446 1111 523 isoopo
1175 462 1465 524 espresso
1534 445 1577 508 il
1653 446 2122 509 rintracoiarlo.
2177 471 2199 501 ι
2269 444 2621 523 (Sentenza
2663 450 2762 512 del

160 527 542 606 Maqistrato
582 526 652 588 di
690 526 946 605 Appello
987 525 1055 587 di
1101 526 1435 603 Piemonw,
1474 527 1511 590 3
1557 526 1760 589 febbr.
1809 527 2014 606 1849.)

253 632 277 661 ι
320 607 703 669 Eooettoohe
752 606 796 667 il
840 613 1053 668 tesoro
1099 622 1228 668 non
1273 607 1366 670 sia
1414 607 1477 669 di
1525 624 1613 670 un
1659 625 1819 687 gran
1867 607 2110 682 valore,
2146 623 2273 669 non
2320 607 2374 667 si
2422 606 2629 672 debbe
2663 610 2757 670 in·

165 689 455 766 quietare
503 686 927 761 l'inventore,
978 687 1094 748 ohe
1137 703 1205 748 se
1252 685 1312 748 lo
1356 690 1698 767 appropria
1748 704 1861 767 per
1908 690 2163 762 intere,
2214 688 2763 765 principalmento

166 768 420 847 quando
463 771 514 828 si
568 776 756 829 tratta
803 766 866 828 di
915 776 1090 830 certe
1131 766 1448 845 medaglie
1493 785 1528 829 o
1567 777 1815 843 statue,
1858 766 1898 831 il
1948 769 2047 830 cui
2115 765 2332 828 valore
2392 770 2760 833 estrinseoo

168 864 393 927 supera
444 848 504 909 d’
528 849 692 911 assai
738 847 783 908 il
827 846 1048 919 valore
1093 848 1447 911 materiale.
1490 872 1511 901 ι
1574 848 1857 911 Goussct.
1893 848 2004 911 Jus
2035 849 2207 911 enim
2248 849 2544 910 naturale
2590 850 2759 928 quod

168 930 539 992 thesaurum
589 935 789 990 totum
836 927 1067 990 tribuit
1111 932 1430 990 inventori
1471 929 1783 1008 applicari
1832 945 2016 1006 posse
2047 927 2304 991 videtur
2348 943 2424 989 eo
2476 931 2540 989 in
2591 946 2762 994 casu.

240 1006 436 1068 552.
485 1010 658 1070 Res
700 1005 1037 1068 inventa
1079 1006 1162 1067 in
1206 1009 1672 1070 Beuefloflos
1720 1011 1840 1071 hac
1884 1009 1962 1070 de
2009 1025 2077 1069 re
2141 1024 2220 1069 en
2288 1006 2763 1074 declarationes

166 1085 227 1151 S.
269 1087 333 1151 C.
377 1087 680 1159 Consilii,
726 1103 866 1167 quaa
908 1087 1267 1167 respiciunt
1312 1104 1443 1151 rem
1494 1089 1574 1151 de
1618 1088 1934 1153 industria
1983 1089 2350 1166 quaesitamz'

327 1171 404 1248 a)
451 1170 515 1230 ln
577 1168 976 1231 Praenestina
1025 1168 1100 1230 17
1145 1170 1281 1231 deo.
1332 1169 1487 1251 1796
1532 1170 1841 1248 agebatur
1886 1170 1964 1232 de
2005 1168 2245 1232 Statuis
2282 1172 2494 1249 magni
2529 1170 2766 1235 valoris

168 1251 445 1326 repertis
491 1251 555 1310 in
603 1247 820 1311 fundis
884 1248 1416 1324 canonicalibus3
1457 1250 1760 1312 Canonioi
1806 1253 2084 1330 pretium
2122 1250 2242 1312 sibi
2283 1250 2645 1315 diviserunt
2687 1269 2768 1319 ex

167 1343 387 1391 earum
433 1330 824 1391 venditione.
870 1329 1030 1391 Hinc
1091 1332 1429 1409 quaesitum
1480 1331 1634 1394 fuit:
1699 1330 1764 1411 1)
1830 1348 1909 1392 an
1977 1334 2062 1392 sit
2125 1329 2300 1393 loeus
2366 1336 2764 1396 restitutioni

166 1410 355 1490 pretii
404 1409 929 1484 simulacrorum3
969 1411 1037 1488 2)
1081 1418 1145 1472 et
1186 1421 1502 1489 quatenus
1585 1411 2005 1486 affirmative,
2047 1427 2124 1473 an
2174 1420 2237 1472 et
2298 1414 2634 1489 quomode,
2700 1424 2766 1477 et

168 1505 350 1569 cujus
397 1491 614 1553 favore
660 1489 825 1552 idem
873 1493 1150 1568 pretium
1197 1492 1279 1552 sit
1323 1492 1800 1554 investiendum
1835 1494 1898 1553 in
1932 1492 2133 1554 casu?
2165 1489 2224 1552 S.
2262 1490 2532 1554 Consilii
2567 1493 2636 1556 C.
2667 1508 2765 1558 re-

167 1571 458 1648 spondit:
503 1570 578 1633 ad
628 1571 696 1632 1:
739 1570 1111 1650 affirmative
1152 1577 1215 1633 ct
1253 1572 1688 1634 adcautelam
1721 1571 2024 1635 Canonici
2057 1572 2396 1634 consulant
2439 1577 2757 1637 conscicn-

170 1654 279 1713 τίω
321 1669 449 1712 suae
489 1664 548 1714 et
587 1652 904 1730 amplius‚·
942 1651 1017 1713 ad
1063 1652 1131 1713 2:
1168 1650 1545 1731 affirmative
1601 1652 1815 1734 favore
1851 1652 2074 1717 Massoe
2109 1654 2547 1726 canonicalis;
2582 1663 2647 1716 et
2679 1656 2763 1719 ad

165 1730 542 1811 Episcopum
583 1748 697 1810 pro
740 1733 1100 1793 executione
1155 1740 1217 1794 et
1271 1733 1562 1811 amplius.
1606 1766 1686 1779 —
1721 1729 1793 1809 b)
1847 1732 1915 1793 ln
1955 1733 2234 1796 Romana
2278 1734 2357 1796 28
2395 1736 2531 1813 jan.
2579 1735 2763 1812 1834,

169 1827 312 1874 oum
348 1814 640 1874 canonici
686 1812 1151 1874 Lateranenses
1196 1811 1430 1874 indicia
1483 1812 1828 1875 habuerint
1874 1815 1937 1874 iu
1989 1813 2185 1875 fundo
2246 1812 2517 1894 Capituli
2590 1832 2768 1895 quae·

167 1892 313 1955 dam
358 1901 767 1955 monumenta
817 1908 1029 1971 magni
1074 1893 1312 1955 valoris
1358 1892 1687 1955 recondita
1728 1895 1966 1971 jacere,
2011 1896 2428 1958 excavatione
2487 1896 2656 1961 facta
2704 1905 2771 1959 et

169 1974 607 2035 monumentis
650 1975 944 2050 repertis,
973 1975 1396 2052 quaesierunt:
1444 1990 1524 2035 an
1572 1984 1636 2035 et
1679 1989 1861 2053 cujus
1909 1974 2126 2036 favore
2184 1984 2437 2037 constet
2496 1976 2584 2039 de·
2624 1993 2764 2057 per·

172 2057 445 2115 tinentia
493 2070 571 2115 ex
616 2055 868 2129 integro
917 2055 1012 2113 vel
1059 2068 1141 2114 ex
1234 2063 1371 2116 arte
1427 2070 1692 2115 summae
1739 2064 2031 2116 retracta>
2076 2072 2153 2116 ex
2196 2055 2571 2119 venditione
2633 2074 2766 2120 mo-

168 2144 625 2197 numentorum
692 2134 756 2194 in
822 2134 1017 2196 oasu‘?
1080 2131 1142 2195 S.
1227 2133 1345 2197 .C.
1392 2133 1756 2214 respondit:
1813 2134 2186 2214 affirmative
2256 2135 2477 2215 favore
2541 2137 2769 2200 Mensoe

170 2215 554 2293 capitularis
597 2230 678 2276 ew
720 2215 985 2293 intcyro.
1029 2249 1106 2259 —
1149 2216 1215 2292 c)
1259 2214 1327 2275 In
1386 2214 1781 2278 instituenda
1828 2218 1925 2276 via
1988 2215 2193 2278 ferrea
2241 2226 2583 2296 occupatus
2642 2218 2766 2279 fuit

176 2294 421 2357 fundus
455 2294 946 2365 ecclesiasticus,
998 2304 1061 2356 et
1104 2310 1176 2356 ea
1211 2311 1356 2373 pars
1400 2312 1541 2374 quae
1586 2306 1918 2357 montuosa
1966 2305 2123 2368 erat,
2164 2296 2503 2374 lapidibuS,
2550 2314 2770 2374 arena,

176 2373 331 2449 tofo,
373 2384 491 2436 eto.
536 2373 965 2450 coalescebat3
1008 2390 1148 2437 cum
1199 2377 1315 2439 viae
1350 2374 1536 2437 ferrae
1577 2377 1906 2446 institores
1955 2376 2129 2437 hisce
2199 2377 2619 2441 mineralibus
2649 2395 2771 2441 ma·

182 2457 360 2518 teriis
407 2455 795 2534 indigerent,
827 2470 939 2532 per
973 2471 1234 2532 magnas
1270 2456 1647 2518 effossiones
1687 2465 1929 2535 partem
1964 2457 2138 2518 illam
2197 2468 2596 2520 montuosam
2635 2459 2769 2521 solo

176 2546 536 2615 aequarunt,
583 2533 752 2598 unde
808 2535 1043 2597 fundus
1090 2535 1363 2598 fertilior
1406 2538 1648 2598 evasit:
1694 2539 1905 2599 omnia
1959 2537 2221 2600 luerunt
2283 2541 2549 2616 pecunia
2596 2556 2765 2602 oom-

173 2626 459 2696 pensata.
503 2615 663 2677 Hine
706 2617 1018 2694 quaeritur
1050 2663 1068 2692 ‚
1116 2631 1193 2678 an
1244 2626 1519 2696 pretium
1568 2617 1829 2679 illarum
1887 2615 2299 2681 materiarum
2353 2619 2764 2683 mineralium

172 2699 499 2776 pertineat
541 2696 616 2758 ad
664 2695 1076 2772 Beneficium,
1119 2696 1215 2757 vel
1263 2697 1336 2759 ad
1408 2696 1917 2760 beneficiatum?
1981 2698 2040 2758 S.
2086 2698 2146 2761 C.
2191 2697 2252 2761 C.
2302 2700 2340 2762 6
2388 2703 2539 2778 maji
2604 2700 2763 2764 1868

172 2775 549 2838 declaravit:
593 2777 929 2839 Pecuniam
971 2777 1240 2838 solutam
1272 2777 1349 2839 in
1390 2779 1666 2856 pretium
1707 2796 1948 2859 maqnoe
1987 2786 2048 2841 at
2089 2781 2622 2843 extraordinariae
2665 2780 2757 2860 ef-

170 2856 471 2936 fossionis
516 2856 812 2936 lapidum‚
836 2874 1043 2919 arenoe
1076 2864 1138 2919 et
1164 2865 1349 2920 cretoe
1376 2867 1659 2936 spectare
1684 2858 1984 2938 Beneficio
2019 2866 2081 2921 et
2109 2862 2565 2923 investiendum
2596 2863 2763 2934 essm·

172 2947 237 2999 et
276 2938 361 3000 ad
402 2937 878 3000 mentem.Mens
922 2947 1132 2999 autem
1181 2938 1301 3000 fuit
1337 2938 1531 3000 dandi
1571 2939 1952 3002 beneficiato
1991 2940 2485 3005 indemnitatem
2521 2959 2632 3021 pro
2665 2959 2763 3005 ex·

172 3019 393 3098 pensis
439 3018 621 3080 factis
664 3027 728 3079 et
773 3034 884 3097 pro
930 3019 1341 3081 ammissione
1385 3019 1706 3082 fructuum
1757 3019 2167 3083 naturalium.

254 3097 333 3161 Et
380 3114 598 3177 reapse
641 3113 783 3160 oum
832 3098 1168 3160 thesaurus
1221 3102 1283 3160 in
1338 3101 1546 3178 primo
1589 3108 1653 3161 et
1696 3100 1978 3162 secundo
2023 3116 2171 3163 casu
2217 3101 2341 3162 diei
2390 3117 2514 3163 non
2567 3101 2768 3180 possit

172 3179 244 3241 in
272 3178 495 3258 fructu
536 3195 701 3255 esse,
745 3180 1074 3257 pertinere
1118 3194 1246 3241 non
1293 3179 1483 3242 debet
1546 3179 1625 3242 ad
1685 3179 2106 3243 fructuarium
2152 3199 2265 3244 seu
2309 3182 2766 3245 beneficiatum

174 3259 314 3338 (qui
356 3269 573 3322 tamen
619 3268 683 3321 et
727 3258 861 3338 ipse
905 3257 1166 3334 fruitur,
1221 3275 1363 3322 oum
1404 3260 1546 3321 ideo
1591 3268 1951 3339 augeantur
1997 3259 2242 3324 reditus
2307 3261 2657 3338 Beneficii,
2701 3271 2765 3325 et

177 3341 267 3401 ita
312 3339 451 3419 ejus
498 3340 784 3401 inventio
834 3355 958 3400 non
1004 3348 1101 3402 est
1142 3340 1283 3401 sine
1328 3342 1581 3419 pretio).
1634 3339 1790 3402 item
1855 3343 2185 3404 excavatio
2233 3342 2298 3404 in
2349 3343 2541 3405 tertio
2586 3359 2765 3419 casu,

176 3435 319 3482 oum
370 3437 433 3481 in
482 3417 691 3482 fructu
735 3436 875 3481 esse
919 3419 1043 3481 dici
1094 3435 1220 3481 non
1267 3422 1507 3499 possit,
1558 3427 1711 3497 quin
1784 3422 1908 3482 imo
1954 3438 2095 3484 cum
2160 3439 2305 3502 pars
2350 3424 2433 3485 sit
2481 3423 2769 3502 ejusdem

174 3499 388 3575 fundi,
416 3504 481 3561 in
509 3500 688 3562 fundi
735 3498 1023 3578 ejusdem
1071 3500 1411 3565 utilitatem
1457 3510 1553 3564 est
1598 3502 2055 3564 convertenda.
2088 3502 2266 3566 Sicut
2311 3506 2589 3583 pretium
2670 3521 2765 3566 ar·

179 3581 339 3643 tium
385 3579 568 3642 fundi
613 3580 1029 3651 ecclesiastici
1068 3581 1474 3644 venditarum
1515 3591 1582 3644 ut
1622 3584 1716 3644 via
1753 3580 1960 3644 ferrea
2001 3587 2363 3662 aperiatur,
2414 3586 2475 3645 in
2527 3587 2616 3646 uti
2655 3586 2767 3646 ita-

164 3664 304 3735 'tem
354 3660 534 3722 fundi
572 3670 671 3724 est
711 3659 1211 3733 investiendum,
1260 3671 1448 3740 prout
1490 3662 1773 3725 decisum
1808 3663 1929 3726 fuit
1958 3664 2036 3726 28
2062 3663 2207 3743 julii
2256 3674 2320 3728 et
2348 3665 2384 3726 4
2418 3681 2558 3743 aug.
2597 3664 2774 3729 1865.

170 3775 254 3789 -
298 3740 365 3803 V.
410 3740 719 3804 Analecta
760 3740 940 3802 Iuris
978 3742 1309 3820 pontificii,
1354 3759 1525 3807 anno
1569 3744 1766 3819 1854,
1811 3762 1950 3825 pag.
1997 3745 2169 3808 1163.
2217 3780 2294 3790 -
2337 3746 2503 3807 Acta
2559 3761 2639 3806 ex
2692 3745 2774 3806 iis

178 3822 475 3900 decerpta
518 3831 662 3895 etc„
705 3830 742 3883 t.
778 3837 853 3883 ιιι
898 3830 962 3882 et
1006 3836 1090 3881 iv.

255 3902 456 3963 558.
502 3927 525 3956 ι
569 3902 614 3964 11
657 3918 866 3982 quano
895 3900 955 3979 (a
1003 3915 1156 3962 voce
1203 3904 1655 3980 peruvianensi
1689 3904 1932 3977 kuoeau,
1970 3903 2299 3983 laetamen)
2336 3905 2388 3965 si
2433 3901 2772 3967 considera

178 3982 593 4061 incorporato
637 3994 702 4044 et
744 3980 1095 4044 assimilato
1129 3980 1187 4044 al
1233 3984 1454 4059 suolo,
1497 3983 1575 4046 ed
1622 3985 1657 4044 e
1706 3986 1921 4061 percio
1972 3987 2295 4063 propriata
2330 3983 2431 4046 del
2486 3983 2773 4063 padrone

179 4061 287 4124 del
332 4062 553 4138 suolo,
610 4078 737 4124 non
794 4062 1066 4125 essendo
1116 4077 1147 4122 a
1193 4073 1416 4140 questo
1461 4063 1765 4142 riguardo
1834 4079 1865 4125 a
1922 4064 2203 4142 plicabili
2251 4063 2308 4126 le
2353 4064 2771 4142 disposizioni

180 4142 545 4222 legislative
568 4143 984 4205 concernenti
1011 4141 1071 4205 le
1098 4143 1369 4205 miniere
1398 4158 1432 4204 e
1462 4143 1509 4204 il
1535 4154 1761 4207 tesoro.
1791 4168 1813 4199 ν
1901 4145 2231 4206 :issazione
2256 4144 2329 4206 13
2357 4153 2578 4222 agosto
2605 4143 2778 4206 1861.

178 4257 260 4269 —-
304 4221 364 4284 V.
394 4222 652 4297 Bettini,
687 4222 1230 4303 Giurisprudcnza
1270 4223 1435 4303 dcyii
1479 4222 1648 4287 Stat·
1692 4222 1901 4297 Sardi,
1945 4223 2068 4286 vol.
2112 4241 2257 4288 xm.
2317 4240 2374 4302 p.
2416 4223 2501 4287 2⁸.

264 4301 423 4365 Item
467 4318 675 4384 neque
718 4311 789 4367 ut
831 4304 1488 4368 thesaurusnabetur
1549 4321 1623 4382 pe
1693 4304 1887 4367 olium
1914 4352 1929 4378 ,
1976 4305 2167 4366 carbo
2234 4303 2476 4367 fossilis
2503 4353 2519 4381 ‚
2562 4303 2769 4378 torba,

181 4383 225 4446 li
327 4385 433 4448 itis
474 4393 541 4447 et
579 4384 814 4447 similia
841 4432 857 4457 ‚
903 4400 1046 4463 quae
1088 4393 1239 4447 sunt
1286 4394 1495 4464 partes
1556 4381 1738 4447 fundi
1776 4382 1951 4463 (Coti.
1983 4386 2096 4447 civ.
2135 4392 2252 4447 art.
2284 4383 2451 4461 444).
2485 4418 2564 4431 -
2606 4384 2668 4448 C.
2699 4387 2773 4446 A.

179 4465 219 4527 4
316 4482 333 4537 ;
382 4497 463 4511 -
507 4463 571 4526 G.
619 4462 691 4528 G.
732 4464 872 4540 547,
912 4464 1067 4538 583;
1108 4497 1189 4511 -
1235 4464 1298 4528 C.
1343 4463 1401 4528 S.
1446 4463 1587 4538 472,
1633 4465 1906 4538 5183—
1956 4463 2018 4527 C.
2064 4466 2134 4527 P.
2186 4464 2344 4542 432,
2386 4464 2544 4541 571;
2599 4498 2678 4511 -
2709 4464 2774 4528 C.

179 4544 267 4609 M.
312 4544 451 4617 447,
491 4543 646 4619 635ς
689 4577 766 4590 -
812 4544 875 4608 G.
928 4544 990 4607 T.
1043 4544 1205 4622 195).

259 4625 467 4685 559.
523 4625 759 4685 Bona
809 4622 1060 4686 naun·
1169 4641 1452 4686 ornan
1506 4625 1644 4687 haeo
1701 4640 1830 4689 non
1883 4635 2034 4689 sunt
2081 4625 2253 4688 inter
2296 4623 2604 4688 derelicta
2665 4625 2775 4688 ha·

74 4758 91 4771 ,
183 4704 428 4769 banda:
460 4704 610 4768 Alia
638 4721 789 4767 sane
822 4721 1017 4767 causa
1053 4704 1116 4782 (a
1200 4721 1335 4768 rem
1366 4706 1788 4782 lastinianus,
1817 4709 1919 4770 oui
1959 4708 2154 4770 ceteri
2192 4704 2594 4786 legislatores
2625 4719 2774 4768 con·
