3292 5167
458 174 594 242 220
1157 194 1273 239 tie.
1325 193 1387 239 u.
1438 192 1648 239 rnacr.
1699 193 1777 238 vi.
1825 190 1976 240 mss.
2026 193 2067 238 1.
2116 194 2249 239 cm».
2297 193 2339 239 ι.

456 317 608 365 sono
653 295 979 364 reclamoti
1022 305 1198 361 entre
1244 295 1411 363 venti
1453 294 1670 380 qiorni
1723 294 1775 360 ¹.
1823 295 2096 381 Excipe,
2137 294 2260 363 nisi
2311 303 2543 381 agatur
2589 295 2670 365 de
2717 295 3073 380 columbis,

464 402 785 473 cuniculis
835 409 899 470 et
949 401 1268 486 piscibus,
1323 401 1436 487 qui
1487 401 1716 472 sedem
1767 401 2108 486 propriam
2181 402 2614 470 mutaverint:
2685 405 2724 468 I
2786 401 3070 485 columbi,

453 512 684 597 couiqli
728 530 760 577 e
797 510 968 598 pasci
1014 510 1124 576 che
1162 529 1442 597 possano
1488 507 1573 577 ad
1615 510 1788 576 altra
1834 508 2200 595 colombaja,
2249 509 2594 596 coniqliera
2641 528 2676 576 o
2721 511 3070 596 peschiera,

456 618 513 686 si
555 617 920 703 acqui-steno
967 616 1075 682 dal
1117 616 1539 704 proprietario
1587 614 1654 682 di
1698 626 1922 701 queste,
1973 613 2225 700 quando
2269 636 2398 684 non
2448 616 2508 683 vi
2553 617 2725 684 siene
2770 616 2922 684 stati
2965 629 3068 683 at-

458 724 633 792 tirati
679 744 793 791 con
825 736 961 790 arte
1005 742 1040 789 o
1086 723 1265 808 frede
1313 714 1362 788 ².
2017 791 2030 800 κ
2341 727 2354 741 ’

637 831 695 899 3.
747 831 813 898 Si
864 829 1169 898 animalia
1220 829 1354 897 sint
1403 831 1563 916 fera,
1610 827 1788 915 apud
1822 845 2057 898 omnes
2105 826 2451 897 definitum
2501 836 2603 896 est
2638 828 2868 897 eadem
2918 846 3072 898 esse

463 938 655 1025 primi
706 938 1131 1024 occupantis:
1180 949 1236 1006 et
1285 939 1563 1005 volucres
1609 947 1668 1004 et
1706 937 1931 1026 pisces,
1987 936 2205 1023 inquit
2250 934 2683 1019 Justinianus,
2730 950 2784 1004 et
2854 937 3074 1005 onmia

463 1046 792 1128 animalia,
841 1065 978 1131 quoe
1022 1045 1211 1126 mari,
1261 1045 1408 1113 coelo
1456 1056 1512 1112 et
1554 1056 1733 1111 ter-ra
1778 1057 2153 1125 nascuntur,
2202 1044 2395 1110 simul
2461 1055 2645 1129 atque
2705 1044 2789 1111 ab
2854 1044 3074 1129 aliquo

461 1165 644 1238 capta
685 1153 941 1237 suerint,
989 1154 1142 1220 Jure
1184 1151 1463 1237 centium
1508 1151 1723 1218 statim
1772 1151 1945 1217 illius
1975 1170 2102 1215 esse
2136 1148 2500 1236 incipiunt;
2534 1149 2698 1235 quod
2728 1149 2895 1217 enim
2927 1161 3074 1216 ante

464 1259 699 1325 nullius
744 1272 851 1341 est,
904 1259 970 1326 id
1011 1259 1301 1325 naturali
1344 1259 1586 1325 ratione
1631 1257 1959 1344 occupanti
2003 1256 2356 1323 conceditur
2403 1263 2431 1307 ³
2482 1258 2619 1342 (E).

551 1363 764 1460 833.
816 1369 889 1447 Q.
938 1366 998 1433 3.
1052 1366 1245 1451 Cujus
1286 1375 1432 1432 sunt
1475 1385 1576 1432 res
1611 1385 1753 1451 quae
1783 1364 2105 1431 dominum
2134 1384 2246 1430 nec
2280 1364 2503 1432 habent
2537 1385 2646 1432 nec
2676 1365 3076 1432 habuerunt?

553 1476 621 1541 R.
643 1476 815 1559 Lege
834 1473 1003 1542 civili
1032 1473 1374 1541 definitum
1411 1480 1532 1557 est,
1559 1471 1815 1540 ratione
1837 1472 1978 1557 ipsa
2006 1479 2422 1556 suggerente,
2450 1490 2555 1540 res
2587 1473 2884 1541 inventas
2913 1491 3068 1558 quae

404 1557 411 1565 ’
465 1582 805 1669 dominum
832 1601 955 1651 nec
981 1582 1224 1651 hahent
1254 1601 1373 1650 nec
1409 1581 1804 1664 habuerunt,
1841 1579 2172 1667 pertinere
2207 1579 2288 1647 ad
2322 1580 2540 1666 ipsum
2573 1580 2989 1650 inventorem
3022 1578 3071 1648 ⁸.

469 1689 632 1757 Hinc
666 1689 888 1776 lapilli,
941 1708 1250 1775 gemmae,
1295 1688 1658 1775 fragmenta
1694 1687 1855 1770 auri,
1892 1687 2286 1773 margaritae,
2331 1688 2594 1771 coralla,
2631 1696 2780 1771 etc.,
2815 1706 2970 1775 quae
3006 1688 3074 1757 in

468 1798 817 1865 fluminum
867 1795 1066 1864 fundo
1115 1796 1541 1883 reperiuntur
1580 1794 1679 1865 vel
1726 1795 2021 1880 scopulis
2070 1785 2433 1878 adhaerent,
2482 1805 2638 1864 sunt
2686 1795 3073 1865 inventoris.

460 1907 606 1974 Non
655 1911 811 1972 sunt
859 1912 1078 1973 tamen
1132 1904 1528 1988 inventoris,
1593 1903 1713 1973 sed
1764 1900 2018 1972 domini
2066 1901 2251 1970 fundi
2301 1920 2483 1972 venae
2535 1904 2907 1988 metallicae,
2974 1902 3074 1972 la-

470 2013 801 2101 pidicinae,
838 2012 1268 2096 carbonariae,
1300 2013 1621 2096 cretariae,
1657 2010 1996 2094 arenariae,
2026 2028 2175 2096 quae
2211 2010 2719 2081 considerantur
2752 2019 3076 2098 tanquam

469 2138 621 2208 pars
669 2120 850 2189 fundi
900 2120 965 2188 in
1017 2138 1149 2207 quo
1184 2120 1629 2204 inveniuntur,
1669 2121 1761 2189 uti
1790 2137 1979 2205 aquae
2013 2117 2186 2200 sons,
2242 2118 2353 2204 qui
2394 2118 2482 2189 ibi
2524 2120 2901 2188 scaturiret.
2953 2120 3077 2188 Hic

467 2233 682 2296 tamen
735 2235 891 2297 sunt
925 2228 1223 2297 locorum
1260 2227 1440 2314 leges
1484 2227 1915 2314 inspiciendae
1951 2234 2006 2296 ὓ.

555 2335 764 2400 824.
822 2338 895 2417 Q.
947 2340 1007 2404 [ι.
1061 2335 1225 2418 Quid
1267 2336 1341 2403 de
1385 2338 1721 2404 thesauro?

554 2444 624 2511 R.
678 2441 994 2511 Thesauri
1045 2443 1312 2512 nomine
1360 2441 1536 2510 venit
1579 2461 1959 2528 quecunque
2027 2461 2130 2509 res
2197 2442 2444 2510 mobilis
2514 2442 2778 2530 infossa,
2825 2440 2922 2507 vel
2965 2440 3072 2507 ab·

465 2548 766 2633 scondita,
808 2543 994 2637 'cujus
1041 2549 1279 2616 domini
1322 2550 1628 2616 memoria
1672 2569 1801 2617 non
1845 2560 2040 2632 extat,
2088 2549 2180 2616 ita
2224 2561 2294 2622 ut
2336 2567 2516 2616 nemo
2556 2549 2754 2637 possit
2816 2548 3073 2616 demon-

463 2669 667 2727 strare
712 2658 892 2724 illam
937 2677 1063 2724 esse
1107 2676 1309 2724 suam.
1360 2656 1617 2723 Dicitur
1662 2675 2041 2741 quaecunque
2086 2675 2188 2722 res
2253 2655 2499 2722 mobilis
2547 2655 2872 2741 (intellige
2921 2673 3078 2743 quae

470 2763 557 2832 sit
609 2763 824 2850 pretio
875 2762 1350 2848 aestimabilis):
1401 2780 1560 2848 ergo
1610 2762 1911 2848 pecunia,
1964 2763 2314 2846 numisma,
2362 2762 2728 2844 vasculum,
2804 2779 3079 2848 campa·

470 2870 646 2955 nula,
695 2888 884 2951 urna,
934 2876 1149 2938 statua
1196 2876 1481 2950 possunt
1529 2887 1680 2939 esse
1728 2870 2000 2938 materia
2049 2868 2368 2939 thesauri.
2399 2871 2654 2956 Infossa
2683 2872 2782 2938 vel
2811 2871 3081 2938 abscon-

467 2978 639 3046 dita.-
687 2969 891 3047 secus
931 2996 1037 3047 res
1086 2997 1218 3046 non
1268 2978 1628 3047 haberetur
1674 2985 1748 3046 ut
1793 2996 1988 3047 verus
2041 2976 2396 3047 thesaurus
2445 2996 2524 3047 ex
2576 2976 3085 3064 jurisconsultis

472 3092 539 3154 et
588 3086 923 3156 communi
974 3086 1380 3173 acceptione,
1429 3087 1549 3155 sed
1597 3086 1880 3173 simplex
1935 3105 2041 3155 res
2073 3087 2335 3155 amissa.
2373 3086 2771 3170 Thesaurus,
2822 3094 3084 3155 attento

470 3192 615 3262 solo
662 3196 818 3264 Jure
869 3203 1146 3277 naturae,
1199 3194 1279 3262 ad
1327 3194 1744 3264 inventorem
1792 3200 2068 3280 spectat,
2119 3195 2273 3280 quia
2323 3193 2606 3263 habetur
2638 3195 2732 3261 uti
2783 3212 2892 3263 res
2934 3194 3082 3262 nnl-

471 3301 621 3383 liuS‚
675 3321 807 3371 non
855 3312 1078 3372 autem
1128 3304 1238 3373 uti.
1262 3320 1423 3393 pars
1472 3301 1639 3372 loci:
1689 3302 1864 3372 unde
1912 3321 2061 3371 esse
2126 3301 2325 3372 debet
2391 3302 2587 3388 primi
2665 3302 3085 3388 occupantis.

470 3409 774 3475 Attamen
822 3414 1120 3494 spectato
1167 3411 1325 3476 Jure
1373 3407 1565 3490 civili,
1609 3415 1791 3478 totus
1840 3409 2107 3495 quidem
2159 3416 2260 3478 est
2296 3408 2659 3478 inventoris
2696 3409 3080 3490 thesauruS,

474 3514 527 3583 si
579 3514 642 3581 in
696 3515 965 3601 proprio
1018 3515 1221 3584 fundo
1272 3516 1675 3585 inveniatur:
1708 3533 1954 3584 ‘verum
2003 3518 2057 3584 si
2094 3517 2466 3588 inveniatur
2497 3517 2562 3585 in
2598 3516 2801 3586 fundo
2838 3501 3081 3601 aliene,

472 3630 540 3693 et
585 3622 868 3711 simplici
918 3641 1074 3692 casu
1124 3625 1483 3711 contingat,
1534 3625 1887 3693 thesaurus
1936 3623 2251 3693 dividitur
2281 3643 2402 3711 per
2441 3622 2781 3693 dimidiam
2820 3633 3079 3710 partem

477 3730 649 3797 inter
695 3729 1107 3798 inventorem
1156 3738 1222 3799 et
1270 3731 1613 3801 dominum
1667 3730 1885 3813 fundi3
1937 3731 1991 3798 si
2042 3737 2263 3800 autem
2300 3730 2450 3799 data
2486 3748 2708 3817 opera,
2748 3736 2933 3800 totus
2967 3731 3085 3800 do·

475 3838 654 3907 mino
702 3836 887 3907 fundi
938 3838 1113 3907 cedit
1163 3839 1512 3909 thesaurus
1561 3840 1635 3906 ⁶9
1665 3839 1783 3907 Hic
1833 3839 2031 3908 etiam
2082 3837 2447 3906 notandum
2494 3846 2632 3907 est:

534 3987 556 4028 ¹
589 3990 700 4041 Art.
734 3992 855 4052 7133
889 4015 954 4027 —
988 3989 1040 4041 C.
1078 3990 1136 4040 Α.
1170 3990 1293 4052 384;
1330 3989 1384 4040 C.
1422 3991 1476 4040 Τ.
1512 3990 1705 4042 291.—
1745 3991 1800 4042 V.
1838 3989 2069 4053 Lignori,
2098 3991 2233 4053 Opus
2272 3990 2426 4052 Mor„
2465 3991 2498 4042 l.
2535 4003 2609 4053 ui,
2644 4001 2696 4042 n.
2728 3989 2839 4041 604.

532 4052 558 4093 ²
588 4054 700 4105 Art.
735 4054 855 4114 4623
888 4078 953 4090 —
987 4054 1040 4105 C.
1079 4054 1138 4104 G.
1172 4053 1293 4105 564·
1329 4078 1393 4091 -
1426 4052 1481 4104 C.
1518 4053 1566 4103 S.
1601 4053 1729 4114 489;
1761 4077 1825 4090 —
1860 4053 1912 4104 C.
1946 4054 2001 4102 P.
2037 4054 2159 4115 594;
2193 4078 2256 4090 —
2290 4055 2345 4105 C.
2381 4054 2451 4105 Μ.
2476 4056 2594 4105 600.
2621 4050 2898 4105 Columhae
2921 4050 3085 4115 (idem

476 4113 542 4166 de
577 4115 858 4166 cuniculis*
898 4091 1297 4178 proportionari
1326 4115 1527 4184 debent
1552 4114 1821 4166 latitudini
1853 4113 2033 4166 tundi:
2070 4116 2124 4164 at
2163 4126 2230 4187 ue
2280 4127 2311 4165 a
2362 4115 2585 4166 domino
2634 4113 2936 4166 curandum
2987 4115 3086 4173 est,

478 4187 546 4228 ne
580 4176 837 4228 damnum
880 4178 1125 4238 interant,
1163 4177 1395 4228 maxime
1428 4178 1801 4229 seminationis
1836 4179 2089 4239 tempore.
2179 4178 2319 4239 icini,
2354 4177 2550 4241 quibus
2583 4178 2797 4235 nocent,
2834 4177 3086 4239 possunt,

476 4249 568 4290 eas
603 4240 788 4302 utique
820 4240 1062 4313 abigere„
1085 4251 1255 4303 eaque
1289 4240 1353 4290 de
1389 4252 1444 4291 re
1480 4244 1788 4293 reclamare.
1828 4238 1978 4300 Quod
2018 4240 2195 4291 autem
2231 4238 2486 4292 damnum
2522 4239 2909 4291 stercoratione
2937 4250 3080 4291 com·

476 4303 884 4421 pqnffittltrtssjiffi.
906 4303 989 4426 5⁸3
1010 4300 1549 4427 ἱιῗυυξχὲἑβξθέἰῖῗς
1583 4367 1673 4427 lm
1706 4364 1763 4416 et
1793 4364 1913 4415 cod.
1945 4365 2039 4413 cto.
2074 4363 2174 4415 art.
2210 4365 2332 4425 ⁷¹13
2364 4388 2429 4401 —
2463 4363 2517 4415 C.
2556 4363 2621 4415 A.
2657 4363 2747 4414 381
2782 4362 2838 4414 et
2868 4373 3025 4428 seqq.

535 4424 557 4465 Ι
595 4427 700 4475 Art.
739 4427 858 4488 71¹3
894 4450 959 4463 —
991 4426 1046 4476 G.
1083 4426 1144 4476 Α.
1179 4426 1230 4490 53
1260 4428 1351 4478 381
1388 4429 1437 4478 et
1469 4437 1641 4491 seqq.;
1676 4451 1741 4464 —
1775 4427 1827 4478 C.
1866 4427 1922 4478 Τ.
1955 4427 2067 4477 290.

538 4488 561 4528 ⁵
600 4488 654 4537 v.
687 4488 811 4548 Leqe
842 4489 936 4538 ce‘v.
970 4490 1036 4540 20
1066 4499 1192 4539 nov,
1230 4491 1351 4540 1859
1369 4499 1385 4550 ;
1418 4489 1471 4540 et
1503 4488 1625 4552 Leve
1661 4492 1721 4542 15
1741 4488 1884 4566 junii
1919 4489 2067 4550 18655
2089 4497 2168 4539 ex
2202 4486 2399 4550 quibus
2432 4497 2579 4540 venoe
2601 4487 2705 4538 111ae
2722 4487 2850 4538 sunt
2877 4486 3086 4540 denun-

482 4547 695 4608 flandae,
731 4553 783 4601 et
815 4550 1077 4600 tributum
1109 4550 1284 4601 erario
1316 4549 1650 4602 solvendum.

539 4614 721 4727 Oduqt'.
759 4612 887 4726 {¹92³
921 4636 986 4648 —
1019 4611 1072 4662 C.
1118 4611 1180 4661 A.
1214 4614 1344 4675 3953
1376 4636 1438 4650 —
1477 4613 1531 4663 c.
1569 4614 1629 4665 G.
1664 4616 1793 4677 7163
1825 4638 1890 4651 -
1925 4612 1976 4664 C.
2012 4611 2060 4662 S.
2093 4612 2222 4674 6365
2255 4635 2321 4649 —
2353 4612 2408 4662 G.
2446 4612 2505 4663 P.
2539 4613 2660 4675 56&
2693 4609 2929 4661 —C.M.
2960 4611 3087 4667 629;
