<?xml version="1.0" encoding="UTF-8"?>
<!DOCTYPE html PUBLIC "-//W3C//DTD XHTML 1.0 Transitional//EN"
    "http://www.w3.org/TR/xhtml1/DTD/xhtml1-transitional.dtd">
<html xmlns="http://www.w3.org/1999/xhtml" xml:lang="en" lang="en">
 <head>
  <title>
</title>
<meta http-equiv="Content-Type" content="text/html;charset=utf-8" />
  <meta name='ocr-system' content='tesseract 3.04.00' />
  <meta name='ocr-capabilities' content='ocr_page ocr_carea ocr_par ocr_line ocrx_word'/>
</head>
<body>
  <div class='ocr_page' id='page_1' title='image "./theologiamorali04scavgoog_0236.png"; bbox 0 0 3292 5167; ppageno 0'>
   <div class='ocr_carea' id='block_1_1' title="bbox 575 225 2474 315">
    <p class='ocr_par' dir='ltr' id='par_1_1' title="bbox 575 225 2474 315">
     <span class='ocr_line' id='line_1_1' title="bbox 575 225 2474 315; baseline -0.003 -23"><span class='ocrx_word' id='word_1_1' title='bbox 575 225 705 292; x_wconf 74' lang='lat'>226</span> <span class='ocrx_word' id='word_1_2' title='bbox 1285 244 1511 315; x_wconf 52' lang='grc'>111111.</span> <span class='ocrx_word' id='word_1_3' title='bbox 1561 244 1773 290; x_wconf 63' lang='lat' dir='ltr'>macr.</span> <span class='ocrx_word' id='word_1_4' title='bbox 1821 244 1900 289; x_wconf 78' lang='lat' dir='ltr'>vt.</span> <span class='ocrx_word' id='word_1_5' title='bbox 1946 243 2094 290; x_wconf 84' lang='lat' dir='ltr'>mss.</span> <span class='ocrx_word' id='word_1_6' title='bbox 2143 243 2184 288; x_wconf 84' lang='lat'>1.</span> <span class='ocrx_word' id='word_1_7' title='bbox 2231 238 2362 289; x_wconf 66' lang='grc'>011).</span> <span class='ocrx_word' id='word_1_8' title='bbox 2410 243 2474 288; x_wconf 86' lang='lat' dir='ltr'>u.</span> 
     </span>
    </p>
   </div>
   <div class='ocr_carea' id='block_1_2' title="bbox 486 344 3276 3439">
    <p class='ocr_par' dir='ltr' id='par_1_2' title="bbox 570 344 3200 1059">
     <span class='ocr_line' id='line_1_2' title="bbox 574 344 3188 435; baseline -0 -20"><span class='ocrx_word' id='word_1_9' title='bbox 574 346 837 435; x_wconf 89' lang='lat' dir='ltr'>quando</span> <span class='ocrx_word' id='word_1_10' title='bbox 887 364 1069 433; x_wconf 89' lang='lat' dir='ltr'>aqua·</span> <span class='ocrx_word' id='word_1_11' title='bbox 1104 364 1380 416; x_wconf 87' lang='lat' dir='ltr'>currens</span> <span class='ocrx_word' id='word_1_12' title='bbox 1430 346 1749 434; x_wconf 90' lang='lat' dir='ltr'>paulatim</span> <span class='ocrx_word' id='word_1_13' title='bbox 1796 364 1995 415; x_wconf 89' lang='lat' dir='ltr'>unam</span> <span class='ocrx_word' id='word_1_14' title='bbox 2046 345 2256 431; x_wconf 82' lang='lat' dir='ltr'><strong>ripam</strong></span> <span class='ocrx_word' id='word_1_15' title='bbox 2304 344 2551 416; x_wconf 88' lang='lat' dir='ltr'>deserit</span> <span class='ocrx_word' id='word_1_16' title='bbox 2608 345 2882 416; x_wconf 88' lang='lat' dir='ltr'>alteram</span> <span class='ocrx_word' id='word_1_17' title='bbox 2930 364 3188 432; x_wconf 87' lang='lat' dir='ltr'>snper-</span> 
     </span>
     <span class='ocr_line' id='line_1_3' title="bbox 572 450 3188 551; baseline 0 -30"><span class='ocrx_word' id='word_1_18' title='bbox 572 450 953 540; x_wconf 84' lang='lat' dir='ltr'>grediendo‚</span> <span class='ocrx_word' id='word_1_19' title='bbox 1004 452 1487 540; x_wconf 81' lang='lat' dir='ltr'>proprietarius</span> <span class='ocrx_word' id='word_1_20' title='bbox 1536 454 1699 540; x_wconf 83' lang='lat' dir='ltr'>ripae</span> <span class='ocrx_word' id='word_1_21' title='bbox 1741 472 1774 520; x_wconf 90' lang='lat' dir='ltr'>a</span> <span class='ocrx_word' id='word_1_22' title='bbox 1823 452 2096 522; x_wconf 85' lang='lat' dir='ltr'>flumine</span> <span class='ocrx_word' id='word_1_23' title='bbox 2161 451 2500 522; x_wconf 81' lang='lat' dir='ltr'>derelictae</span> <span class='ocrx_word' id='word_1_24' title='bbox 2549 452 2746 541; x_wconf 87' lang='lat' dir='ltr'>hujus</span> <span class='ocrx_word' id='word_1_25' title='bbox 2817 452 3188 551; x_wconf 77' lang='lat' dir='ltr'>alluvionis</span> 
     </span>
     <span class='ocr_line' id='line_1_4' title="bbox 570 559 3192 648; baseline 0 -20"><span class='ocrx_word' id='word_1_26' title='bbox 570 561 1055 630; x_wconf 85' lang='lat' dir='ltr'>incrementum</span> <span class='ocrx_word' id='word_1_27' title='bbox 1102 560 1405 646; x_wconf 89' lang='lat' dir='ltr'>acquirit,</span> <span class='ocrx_word' id='word_1_28' title='bbox 1457 563 1617 648; x_wconf 87' lang='lat' dir='ltr'>quin</span> <span class='ocrx_word' id='word_1_29' title='bbox 1668 559 2154 648; x_wconf 82' lang='lat' dir='ltr'>proprietarius</span> <span class='ocrx_word' id='word_1_30' title='bbox 2203 560 2367 647; x_wconf 87' lang='lat' dir='ltr'>ripae</span> <span class='ocrx_word' id='word_1_31' title='bbox 2417 560 2750 647; x_wconf 74' lang='lat' dir='ltr'>oppositae</span> <span class='ocrx_word' id='word_1_32' title='bbox 2803 560 3026 646; x_wconf 89' lang='lat' dir='ltr'>possit</span> <span class='ocrx_word' id='word_1_33' title='bbox 3085 579 3192 630; x_wconf 87' lang='lat' dir='ltr'>re-</span> 
     </span>
     <span class='ocr_line' id='line_1_5' title="bbox 573 657 3196 756; baseline 0 -20"><span class='ocrx_word' id='word_1_34' title='bbox 573 666 875 754; x_wconf 60' lang='lat' dir='ltr'>clamare,</span> <span class='ocrx_word' id='word_1_35' title='bbox 904 657 1159 754; x_wconf 80' lang='lat' dir='ltr'>partem</span> <span class='ocrx_word' id='word_1_36' title='bbox 1200 666 1451 753; x_wconf 90' lang='lat' dir='ltr'>proprii</span> <span class='ocrx_word' id='word_1_37' title='bbox 1503 666 1711 752; x_wconf 82' lang='lat' dir='ltr'>fundi,</span> <span class='ocrx_word' id='word_1_38' title='bbox 1784 685 1986 754; x_wconf 89' lang='lat' dir='ltr'>quam</span> <span class='ocrx_word' id='word_1_39' title='bbox 2032 685 2201 756; x_wconf 89' lang='lat' dir='ltr'>aqua</span> <span class='ocrx_word' id='word_1_40' title='bbox 2249 686 2678 756; x_wconf 83' lang='lat' dir='ltr'>supergressa</span> <span class='ocrx_word' id='word_1_41' title='bbox 2727 674 2849 738; x_wconf 88' lang='lat' dir='ltr'>est.</span> <span class='ocrx_word' id='word_1_42' title='bbox 2924 667 3196 754; x_wconf 85' lang='lat' dir='ltr'>Excipe</span> 
     </span>
     <span class='ocr_line' id='line_1_6' title="bbox 572 774 3200 863; baseline 0 -21"><span class='ocrx_word' id='word_1_43' title='bbox 572 782 791 843; x_wconf 87' lang='lat' dir='ltr'>tamen</span> <span class='ocrx_word' id='word_1_44' title='bbox 843 774 988 844; x_wconf 88' lang='lat' dir='ltr'>loca</span> <span class='ocrx_word' id='word_1_45' title='bbox 1037 793 1071 843; x_wconf 88' lang='lat' dir='ltr'>a</span> <span class='ocrx_word' id='word_1_46' title='bbox 1131 775 1296 843; x_wconf 88' lang='lat' dir='ltr'>mari</span> <span class='ocrx_word' id='word_1_47' title='bbox 1347 774 1619 860; x_wconf 88' lang='lat' dir='ltr'>relicta,</span> <span class='ocrx_word' id='word_1_48' title='bbox 1674 794 1825 863; x_wconf 84' lang='lat' dir='ltr'>quae</span> <span class='ocrx_word' id='word_1_49' title='bbox 1875 782 2032 845; x_wconf 91' lang='lat' dir='ltr'>sunt</span> <span class='ocrx_word' id='word_1_50' title='bbox 2079 775 2405 860; x_wconf 84' lang='lat' dir='ltr'>demanii3</span> <span class='ocrx_word' id='word_1_51' title='bbox 2461 782 2528 847; x_wconf 91' lang='lat' dir='ltr'>et</span> <span class='ocrx_word' id='word_1_52' title='bbox 2575 775 2757 845; x_wconf 90' lang='lat' dir='ltr'>lacus</span> <span class='ocrx_word' id='word_1_53' title='bbox 2792 775 2898 845; x_wconf 86' lang='lat' dir='ltr'>vel</span> <span class='ocrx_word' id='word_1_54' title='bbox 2942 785 3200 861; x_wconf 85' lang='lat' dir='ltr'>stagna</span> 
     </span>
     <span class='ocr_line' id='line_1_7' title="bbox 573 882 3198 971; baseline 0 -21"><span class='ocrx_word' id='word_1_55' title='bbox 573 882 1002 971; x_wconf 87' lang='lat' dir='ltr'>privatorum,</span> <span class='ocrx_word' id='word_1_56' title='bbox 1055 902 1204 970; x_wconf 83' lang='lat' dir='ltr'>quae</span> <span class='ocrx_word' id='word_1_57' title='bbox 1254 882 1526 970; x_wconf 89' lang='lat' dir='ltr'>quidem</span> <span class='ocrx_word' id='word_1_58' title='bbox 1596 883 1735 955; x_wconf 85' lang='lat' dir='ltr'>sive</span> <span class='ocrx_word' id='word_1_59' title='bbox 1782 892 2085 954; x_wconf 80' lang='lat' dir='ltr'>crescant</span> <span class='ocrx_word' id='word_1_60' title='bbox 2133 884 2269 955; x_wconf 90' lang='lat' dir='ltr'>sive</span> <span class='ocrx_word' id='word_1_61' title='bbox 2317 883 2706 954; x_wconf 83' lang='lat' dir='ltr'>decrescant</span> <span class='ocrx_word' id='word_1_62' title='bbox 2782 884 2944 954; x_wconf 90' lang='lat' dir='ltr'>nibil</span> <span class='ocrx_word' id='word_1_63' title='bbox 3002 883 3198 971; x_wconf 78' lang='lat' dir='ltr'>iuris</span> 
     </span>
     <span class='ocr_line' id='line_1_8' title="bbox 574 989 1399 1059; baseline 0.001 -1"><span class='ocrx_word' id='word_1_64' title='bbox 574 989 873 1059; x_wconf 88' lang='lat' dir='ltr'>tribuunt</span> <span class='ocrx_word' id='word_1_65' title='bbox 921 990 1020 1059; x_wconf 90' lang='lat' dir='ltr'>vel</span> <span class='ocrx_word' id='word_1_66' title='bbox 1070 990 1399 1059; x_wconf 86' lang='lat' dir='ltr'>auferunt.</span> 
     </span>
    </p>

    <p class='ocr_par' dir='ltr' id='par_1_3' title="bbox 486 1099 3196 1831">
     <span class='ocr_line' id='line_1_9' title="bbox 748 1099 3186 1187; baseline 0.001 -21"><span class='ocrx_word' id='word_1_67' title='bbox 748 1102 811 1166; x_wconf 76' lang='lat'>2.</span> <span class='ocrx_word' id='word_1_68' title='bbox 856 1100 1115 1168; x_wconf 80' lang='lat' dir='ltr'>Avulsio</span> <span class='ocrx_word' id='word_1_69' title='bbox 1164 1099 1508 1187; x_wconf 83' lang='lat' dir='ltr'>contingit,</span> <span class='ocrx_word' id='word_1_70' title='bbox 1562 1099 1827 1187; x_wconf 89' lang='lat' dir='ltr'>quando</span> <span class='ocrx_word' id='word_1_71' title='bbox 1875 1099 1934 1170; x_wconf 89' lang='lat' dir='ltr'>vi</span> <span class='ocrx_word' id='word_1_72' title='bbox 1985 1108 2052 1170; x_wconf 90' lang='lat' dir='ltr'>et</span> <span class='ocrx_word' id='word_1_73' title='bbox 2099 1100 2351 1187; x_wconf 87' lang='lat' dir='ltr'>impetu</span> <span class='ocrx_word' id='word_1_74' title='bbox 2419 1099 2800 1187; x_wconf 86' lang='lat' dir='ltr'>improviso,</span> <span class='ocrx_word' id='word_1_75' title='bbox 2843 1119 2899 1167; x_wconf 90' lang='lat' dir='ltr'>v.</span> <span class='ocrx_word' id='word_1_76' title='bbox 2950 1119 3012 1186; x_wconf 89' lang='grc'>3.</span> <span class='ocrx_word' id='word_1_77' title='bbox 3053 1100 3186 1168; x_wconf 82' lang='lat' dir='ltr'>flu-</span> 
     </span>
     <span class='ocr_line' id='line_1_10' title="bbox 575 1205 3191 1295; baseline -0 -21"><span class='ocrx_word' id='word_1_78' title='bbox 575 1205 794 1290; x_wconf 71' lang='lat' dir='ltr'>minis,</span> <span class='ocrx_word' id='word_1_79' title='bbox 846 1225 1000 1293; x_wconf 87' lang='lat' dir='ltr'>pars</span> <span class='ocrx_word' id='word_1_80' title='bbox 1048 1205 1265 1294; x_wconf 90' lang='lat' dir='ltr'>aliqua</span> <span class='ocrx_word' id='word_1_81' title='bbox 1314 1207 1626 1277; x_wconf 88' lang='lat' dir='ltr'>notabilis</span> <span class='ocrx_word' id='word_1_82' title='bbox 1675 1206 2068 1277; x_wconf 88' lang='lat' dir='ltr'>distrahitur</span> <span class='ocrx_word' id='word_1_83' title='bbox 2114 1209 2195 1277; x_wconf 92' lang='lat' dir='ltr'>ab</span> <span class='ocrx_word' id='word_1_84' title='bbox 2245 1226 2379 1277; x_wconf 91' lang='lat' dir='ltr'>uno</span> <span class='ocrx_word' id='word_1_85' title='bbox 2429 1206 2634 1276; x_wconf 75' lang='lat' dir='ltr'>fundo</span> <span class='ocrx_word' id='word_1_86' title='bbox 2682 1214 2749 1276; x_wconf 88' lang='lat' dir='ltr'>et</span> <span class='ocrx_word' id='word_1_87' title='bbox 2786 1205 3191 1295; x_wconf 85' lang='lat' dir='ltr'>adjungitur</span> 
     </span>
     <span class='ocr_line' id='line_1_11' title="bbox 486 1313 3196 1402; baseline 0.001 -21"><span class='ocrx_word' id='word_1_88' title='bbox 486 1365 491 1370; x_wconf 90' lang='lat'>.</span> <span class='ocrx_word' id='word_1_89' title='bbox 572 1314 781 1398; x_wconf 89' lang='lat' dir='ltr'>alteri,</span> <span class='ocrx_word' id='word_1_90' title='bbox 826 1321 895 1388; x_wconf 74' lang='lat' dir='ltr'>et</span> <span class='ocrx_word' id='word_1_91' title='bbox 944 1315 1089 1384; x_wconf 84' lang='grc'>11300</span> <span class='ocrx_word' id='word_1_92' title='bbox 1122 1333 1404 1402; x_wconf 78' lang='lat' dir='ltr'>semper</span> <span class='ocrx_word' id='word_1_93' title='bbox 1449 1323 1672 1385; x_wconf 89' lang='lat' dir='ltr'>manet</span> <span class='ocrx_word' id='word_1_94' title='bbox 1722 1315 1789 1386; x_wconf 92' lang='grc'>111</span> <span class='ocrx_word' id='word_1_95' title='bbox 1838 1315 2152 1384; x_wconf 76' lang='lat' dir='ltr'>dominio·</span> <span class='ocrx_word' id='word_1_96' title='bbox 2184 1314 2385 1400; x_wconf 89' lang='lat' dir='ltr'>illius,</span> <span class='ocrx_word' id='word_1_97' title='bbox 2435 1332 2472 1383; x_wconf 89' lang='lat' dir='ltr'>a</span> <span class='ocrx_word' id='word_1_98' title='bbox 2533 1315 2726 1402; x_wconf 87' lang='lat' dir='ltr'>cujus</span> <span class='ocrx_word' id='word_1_99' title='bbox 2776 1313 2984 1383; x_wconf 86' lang='lat' dir='ltr'>fundo</span> <span class='ocrx_word' id='word_1_100' title='bbox 3061 1314 3196 1384; x_wconf 84' lang='lat' dir='ltr'>de-</span> 
     </span>
     <span class='ocr_line' id='line_1_12' title="bbox 573 1420 3187 1510; baseline 0 -20"><span class='ocrx_word' id='word_1_101' title='bbox 573 1428 778 1491; x_wconf 88' lang='lat' dir='ltr'>tracta</span> <span class='ocrx_word' id='word_1_102' title='bbox 827 1429 968 1505; x_wconf 83' lang='lat' dir='ltr'>est3</span> <span class='ocrx_word' id='word_1_103' title='bbox 1019 1422 1085 1490; x_wconf 91' lang='lat' dir='ltr'>in</span> <span class='ocrx_word' id='word_1_104' title='bbox 1133 1423 1256 1491; x_wconf 90' lang='lat' dir='ltr'>hac</span> <span class='ocrx_word' id='word_1_105' title='bbox 1308 1422 1486 1492; x_wconf 89' lang='lat' dir='ltr'>enim</span> <span class='ocrx_word' id='word_1_106' title='bbox 1534 1422 1724 1496; x_wconf 82' lang='lat' dir='ltr'>facile</span> <span class='ocrx_word' id='word_1_107' title='bbox 1770 1430 1997 1510; x_wconf 88' lang='lat' dir='ltr'>potest</span> <span class='ocrx_word' id='word_1_108' title='bbox 2058 1421 2370 1492; x_wconf 84' lang='lat' dir='ltr'>dominus</span> <span class='ocrx_word' id='word_1_109' title='bbox 2434 1420 2732 1506; x_wconf 86' lang='lat' dir='ltr'>inveniri,</span> <span class='ocrx_word' id='word_1_110' title='bbox 2804 1421 2990 1508; x_wconf 89' lang='lat' dir='ltr'>quod</span> <span class='ocrx_word' id='word_1_111' title='bbox 3041 1440 3187 1490; x_wconf 94' lang='lat' dir='ltr'>non</span> 
     </span>
     <span class='ocr_line' id='line_1_13' title="bbox 571 1525 3196 1617; baseline -0.001 -18"><span class='ocrx_word' id='word_1_112' title='bbox 571 1528 789 1599; x_wconf 89' lang='lat' dir='ltr'>evenit</span> <span class='ocrx_word' id='word_1_113' title='bbox 836 1528 901 1597; x_wconf 91' lang='lat' dir='ltr'>in</span> <span class='ocrx_word' id='word_1_114' title='bbox 955 1529 1313 1600; x_wconf 87' lang='lat' dir='ltr'>alluvione.</span> <span class='ocrx_word' id='word_1_115' title='bbox 1363 1533 1578 1612; x_wconf 88' lang='lat' dir='ltr'>Quare</span> <span class='ocrx_word' id='word_1_116' title='bbox 1625 1529 1937 1600; x_wconf 90' lang='lat' dir='ltr'>dominus</span> <span class='ocrx_word' id='word_1_117' title='bbox 1986 1530 2192 1617; x_wconf 85' lang='lat' dir='ltr'>partis</span> <span class='ocrx_word' id='word_1_118' title='bbox 2239 1528 2480 1599; x_wconf 78' lang='lat' dir='ltr'>avulsae</span> <span class='ocrx_word' id='word_1_119' title='bbox 2526 1536 2753 1617; x_wconf 87' lang='lat' dir='ltr'>potest</span> <span class='ocrx_word' id='word_1_120' title='bbox 2798 1525 2976 1599; x_wconf 88' lang='lat' dir='ltr'>intra</span> <span class='ocrx_word' id='word_1_121' title='bbox 3024 1530 3196 1599; x_wconf 85' lang='lat' dir='ltr'>anni</span> 
     </span>
     <span class='ocr_line' id='line_1_14' title="bbox 571 1635 3187 1724; baseline -0 -19"><span class='ocrx_word' id='word_1_122' title='bbox 571 1637 860 1724; x_wconf 88' lang='lat' dir='ltr'>spatium</span> <span class='ocrx_word' id='word_1_123' title='bbox 907 1635 1086 1704; x_wconf 88' lang='lat' dir='ltr'>illam</span> <span class='ocrx_word' id='word_1_124' title='bbox 1135 1636 1261 1707; x_wconf 91' lang='lat' dir='ltr'>sibi</span> <span class='ocrx_word' id='word_1_125' title='bbox 1309 1635 1676 1706; x_wconf 89' lang='lat' dir='ltr'>vindicare:</span> <span class='ocrx_word' id='word_1_126' title='bbox 1727 1636 1909 1724; x_wconf 88' lang='lat' dir='ltr'>quod</span> <span class='ocrx_word' id='word_1_127' title='bbox 1954 1637 2010 1706; x_wconf 91' lang='lat' dir='ltr'>si</span> <span class='ocrx_word' id='word_1_128' title='bbox 2059 1635 2367 1724; x_wconf 83' lang='lat' dir='ltr'>negligat,</span> <span class='ocrx_word' id='word_1_129' title='bbox 2408 1636 2560 1723; x_wconf 88' lang='lat' dir='ltr'>jure</span> <span class='ocrx_word' id='word_1_130' title='bbox 2606 1655 2729 1706; x_wconf 89' lang='grc'>5110</span> <span class='ocrx_word' id='word_1_131' title='bbox 2780 1636 3187 1724; x_wconf 86' lang='lat' dir='ltr'>privabitur,</span> 
     </span>
     <span class='ocr_line' id='line_1_15' title="bbox 570 1742 2828 1831; baseline -0.001 -18"><span class='ocrx_word' id='word_1_132' title='bbox 570 1743 698 1813; x_wconf 88' lang='lat' dir='ltr'>nisi</span> <span class='ocrx_word' id='word_1_133' title='bbox 745 1743 917 1813; x_wconf 87' lang='lat' dir='ltr'>forte</span> <span class='ocrx_word' id='word_1_134' title='bbox 965 1760 1117 1830; x_wconf 91' lang='lat' dir='ltr'>pars</span> <span class='ocrx_word' id='word_1_135' title='bbox 1166 1742 1275 1811; x_wconf 92' lang='lat' dir='ltr'>illa</span> <span class='ocrx_word' id='word_1_136' title='bbox 1325 1743 1548 1812; x_wconf 89' lang='lat' dir='ltr'>avulsa</span> <span class='ocrx_word' id='word_1_137' title='bbox 1597 1743 1895 1813; x_wconf 89' lang='lat' dir='ltr'>nondum</span> <span class='ocrx_word' id='word_1_138' title='bbox 1946 1743 2032 1813; x_wconf 89' lang='lat' dir='ltr'>sit</span> <span class='ocrx_word' id='word_1_139' title='bbox 2081 1744 2161 1814; x_wconf 91' lang='lat' dir='ltr'>ab</span> <span class='ocrx_word' id='word_1_140' title='bbox 2212 1744 2436 1831; x_wconf 90' lang='lat' dir='ltr'>aliquo</span> <span class='ocrx_word' id='word_1_141' title='bbox 2485 1750 2828 1831; x_wconf 89' lang='lat' dir='ltr'>occupata.</span> 
     </span>
    </p>

    <p class='ocr_par' dir='ltr' id='par_1_4' title="bbox 572 1850 3198 2155">
     <span class='ocr_line' id='line_1_16' title="bbox 748 1850 3198 1938; baseline 0 -20"><span class='ocrx_word' id='word_1_142' title='bbox 748 1851 807 1918; x_wconf 88' lang='grc'>3.</span> <span class='ocrx_word' id='word_1_143' title='bbox 857 1852 1126 1920; x_wconf 77' lang='lat' dir='ltr'>Mutatio</span> <span class='ocrx_word' id='word_1_144' title='bbox 1170 1850 1334 1918; x_wconf 70' lang='lat' dir='ltr'>alvei</span> <span class='ocrx_word' id='word_1_145' title='bbox 1380 1853 1617 1935; x_wconf 91' lang='lat' dir='ltr'>evenit,</span> <span class='ocrx_word' id='word_1_146' title='bbox 1669 1868 1822 1920; x_wconf 88' lang='lat' dir='ltr'>cum</span> <span class='ocrx_word' id='word_1_147' title='bbox 1867 1851 2136 1933; x_wconf 88' lang='lat' dir='ltr'>flumen,</span> <span class='ocrx_word' id='word_1_148' title='bbox 2187 1850 2407 1938; x_wconf 90' lang='lat' dir='ltr'>primo</span> <span class='ocrx_word' id='word_1_149' title='bbox 2494 1850 2679 1921; x_wconf 89' lang='lat' dir='ltr'>alveo</span> <span class='ocrx_word' id='word_1_150' title='bbox 2744 1850 3007 1934; x_wconf 88' lang='lat' dir='ltr'>relicto,</span> <span class='ocrx_word' id='word_1_151' title='bbox 3068 1869 3198 1938; x_wconf 89' lang='lat' dir='ltr'>per</span> 
     </span>
     <span class='ocr_line' id='line_1_17' title="bbox 572 1956 3190 2047; baseline 0 -20"><span class='ocrx_word' id='word_1_152' title='bbox 572 1975 818 2028; x_wconf 88' lang='lat' dir='ltr'>novum</span> <span class='ocrx_word' id='word_1_153' title='bbox 865 1956 1189 2027; x_wconf 88' lang='lat' dir='ltr'>decurrit:</span> <span class='ocrx_word' id='word_1_154' title='bbox 1240 1977 1441 2046; x_wconf 90' lang='lat' dir='ltr'>porro</span> <span class='ocrx_word' id='word_1_155' title='bbox 1491 1959 1653 2028; x_wconf 90' lang='lat' dir='ltr'>alvei</span> <span class='ocrx_word' id='word_1_156' title='bbox 1705 1960 1914 2029; x_wconf 87' lang='lat' dir='ltr'>relicti</span> <span class='ocrx_word' id='word_1_157' title='bbox 1968 1960 2042 2029; x_wconf 87' lang='lat' dir='ltr'>fit</span> <span class='ocrx_word' id='word_1_158' title='bbox 2089 1959 2398 2029; x_wconf 89' lang='lat' dir='ltr'>dominus</span> <span class='ocrx_word' id='word_1_159' title='bbox 2475 1960 2607 2044; x_wconf 91' lang='lat' dir='ltr'>ille,</span> <span class='ocrx_word' id='word_1_160' title='bbox 2656 1960 2850 2047; x_wconf 75' lang='lat' dir='ltr'>quus</span> <span class='ocrx_word' id='word_1_161' title='bbox 2924 1959 3190 2030; x_wconf 85' lang='lat' dir='ltr'>fundus</span> 
     </span>
     <span class='ocr_line' id='line_1_18' title="bbox 572 2066 2918 2155; baseline 0 -19"><span class='ocrx_word' id='word_1_162' title='bbox 572 2067 695 2136; x_wconf 84' lang='lat' dir='ltr'>fuit</span> <span class='ocrx_word' id='word_1_163' title='bbox 742 2072 1106 2152; x_wconf 90' lang='lat' dir='ltr'>occupatus</span> <span class='ocrx_word' id='word_1_164' title='bbox 1157 2084 1276 2152; x_wconf 92' lang='lat' dir='ltr'>per</span> <span class='ocrx_word' id='word_1_165' title='bbox 1322 2084 1568 2135; x_wconf 87' lang='lat' dir='ltr'>novum</span> <span class='ocrx_word' id='word_1_166' title='bbox 1616 2066 1876 2136; x_wconf 87' lang='lat' dir='ltr'>alveum</span> <span class='ocrx_word' id='word_1_167' title='bbox 1924 2067 1991 2136; x_wconf 89' lang='lat' dir='ltr'>in</span> <span class='ocrx_word' id='word_1_168' title='bbox 2042 2068 2412 2155; x_wconf 88' lang='lat' dir='ltr'>quantitate</span> <span class='ocrx_word' id='word_1_169' title='bbox 2460 2066 2918 2155; x_wconf 88' lang='lat' dir='ltr'>respondenti.</span> 
     </span>
    </p>

    <p class='ocr_par' dir='ltr' id='par_1_5' title="bbox 573 2172 3276 2907">
     <span class='ocr_line' id='line_1_19' title="bbox 753 2172 3276 2263; baseline 0.001 -22"><span class='ocrx_word' id='word_1_170' title='bbox 753 2176 813 2241; x_wconf 78' lang='grc'>11.</span> <span class='ocrx_word' id='word_1_171' title='bbox 865 2172 1096 2256; x_wconf 87' lang='lat' dir='ltr'>Quoad</span> <span class='ocrx_word' id='word_1_172' title='bbox 1142 2175 1419 2243; x_wconf 83' lang='lat' dir='ltr'>insulam</span> <span class='ocrx_word' id='word_1_173' title='bbox 1464 2175 1530 2243; x_wconf 81' lang='lat' dir='ltr'>in</span> <span class='ocrx_word' id='word_1_174' title='bbox 1575 2176 1837 2263; x_wconf 75' lang='lat' dir='ltr'>flumine</span> <span class='ocrx_word' id='word_1_175' title='bbox 1881 2187 2118 2260; x_wconf 80' lang='lat' dir='ltr'>natant,</span> <span class='ocrx_word' id='word_1_176' title='bbox 2184 2176 2239 2245; x_wconf 90' lang='lat' dir='ltr'>si</span> <span class='ocrx_word' id='word_1_177' title='bbox 2312 2176 2559 2244; x_wconf 88' lang='lat' dir='ltr'>flumen</span> <span class='ocrx_word' id='word_1_178' title='bbox 2630 2174 3037 2263; x_wconf 85' lang='lat' dir='ltr'>navigationi</span> <span class='ocrx_word' id='word_1_179' title='bbox 3093 2174 3196 2244; x_wconf 87' lang='lat' dir='ltr'>in·</span> <span class='ocrx_word' id='word_1_180' title='bbox 3275 2193 3276 2198; x_wconf 70' lang='grc'>’</span> 
     </span>
     <span class='ocr_line' id='line_1_20' title="bbox 581 2280 3204 2371; baseline 0 -21"><span class='ocrx_word' id='word_1_181' title='bbox 581 2281 801 2364; x_wconf 89' lang='lat' dir='ltr'>servit,</span> <span class='ocrx_word' id='word_1_182' title='bbox 852 2281 1068 2350; x_wconf 88' lang='lat' dir='ltr'>insula</span> <span class='ocrx_word' id='word_1_183' title='bbox 1115 2289 1217 2350; x_wconf 92' lang='lat' dir='ltr'>est</span> <span class='ocrx_word' id='word_1_184' title='bbox 1265 2280 1428 2365; x_wconf 88' lang='lat' dir='ltr'>fisci,</span> <span class='ocrx_word' id='word_1_185' title='bbox 1477 2281 1604 2351; x_wconf 91' lang='lat' dir='ltr'>nisi</span> <span class='ocrx_word' id='word_1_186' title='bbox 1665 2290 2064 2371; x_wconf 87' lang='lat' dir='ltr'>opponatur·</span> <span class='ocrx_word' id='word_1_187' title='bbox 2113 2282 2345 2353; x_wconf 91' lang='lat' dir='ltr'>titulus</span> <span class='ocrx_word' id='word_1_188' title='bbox 2394 2291 2504 2352; x_wconf 88' lang='lat' dir='ltr'>aut</span> <span class='ocrx_word' id='word_1_189' title='bbox 2576 2282 3026 2370; x_wconf 82' lang='lat' dir='ltr'>praescriptiO,</span> <span class='ocrx_word' id='word_1_190' title='bbox 3083 2282 3204 2352; x_wconf 83' lang='lat' dir='ltr'>vel</span> 
     </span>
     <span class='ocr_line' id='line_1_21' title="bbox 580 2387 3199 2478; baseline 0 -21"><span class='ocrx_word' id='word_1_191' title='bbox 580 2389 711 2459; x_wconf 91' lang='lat' dir='ltr'>nisi</span> <span class='ocrx_word' id='word_1_192' title='bbox 757 2387 955 2457; x_wconf 87' lang='lat' dir='ltr'>fuerit</span> <span class='ocrx_word' id='word_1_193' title='bbox 1002 2387 1256 2477; x_wconf 90' lang='lat' dir='ltr'>impetu</span> <span class='ocrx_word' id='word_1_194' title='bbox 1302 2389 1524 2458; x_wconf 88' lang='lat' dir='ltr'>avulsa</span> <span class='ocrx_word' id='word_1_195' title='bbox 1572 2390 1654 2459; x_wconf 90' lang='lat' dir='ltr'>ab</span> <span class='ocrx_word' id='word_1_196' title='bbox 1703 2390 1927 2478; x_wconf 89' lang='lat' dir='ltr'>aliquo</span> <span class='ocrx_word' id='word_1_197' title='bbox 1981 2390 2184 2460; x_wconf 89' lang='lat' dir='ltr'>fundo</span> <span class='ocrx_word' id='word_1_198' title='bbox 2234 2391 2397 2478; x_wconf 88' lang='lat' dir='ltr'>(quo</span> <span class='ocrx_word' id='word_1_199' title='bbox 2447 2390 2514 2459; x_wconf 91' lang='lat' dir='ltr'>in</span> <span class='ocrx_word' id='word_1_200' title='bbox 2562 2408 2719 2460; x_wconf 90' lang='lat' dir='ltr'>casu</span> <span class='ocrx_word' id='word_1_201' title='bbox 2769 2397 2946 2460; x_wconf 88' lang='lat' dir='ltr'>esset</span> <span class='ocrx_word' id='word_1_202' title='bbox 2993 2408 3199 2460; x_wconf 89' lang='lat' dir='ltr'>com·</span> 
     </span>
     <span class='ocr_line' id='line_1_22' title="bbox 578 2495 3196 2586; baseline -0.001 -20"><span class='ocrx_word' id='word_1_203' title='bbox 578 2495 959 2586; x_wconf 86' lang='lat' dir='ltr'>pensandus</span> <span class='ocrx_word' id='word_1_204' title='bbox 1006 2495 1487 2582; x_wconf 89' lang='lat' dir='ltr'>proprietarius</span> <span class='ocrx_word' id='word_1_205' title='bbox 1534 2496 1769 2585; x_wconf 85' lang='lat' dir='ltr'>fundi).</span> <span class='ocrx_word' id='word_1_206' title='bbox 1819 2498 1887 2566; x_wconf 92' lang='lat' dir='ltr'>Si</span> <span class='ocrx_word' id='word_1_207' title='bbox 1936 2515 2091 2567; x_wconf 91' lang='lat' dir='ltr'>vero</span> <span class='ocrx_word' id='word_1_208' title='bbox 2139 2498 2386 2568; x_wconf 92' lang='lat' dir='ltr'>flumen</span> <span class='ocrx_word' id='word_1_209' title='bbox 2447 2516 2579 2567; x_wconf 91' lang='lat' dir='ltr'>non</span> <span class='ocrx_word' id='word_1_210' title='bbox 2652 2497 2928 2568; x_wconf 89' lang='lat' dir='ltr'>inservit</span> <span class='ocrx_word' id='word_1_211' title='bbox 2999 2497 3196 2566; x_wconf 85' lang='lat' dir='ltr'>navi—</span> 
     </span>
     <span class='ocr_line' id='line_1_23' title="bbox 577 2603 3202 2696; baseline 0 -24"><span class='ocrx_word' id='word_1_212' title='bbox 577 2603 846 2696; x_wconf 86' lang='grc'>33110111,</span> <span class='ocrx_word' id='word_1_213' title='bbox 901 2621 1118 2689; x_wconf 88' lang='lat' dir='ltr'>neque</span> <span class='ocrx_word' id='word_1_214' title='bbox 1167 2603 1378 2672; x_wconf 90' lang='lat' dir='ltr'>insula</span> <span class='ocrx_word' id='word_1_215' title='bbox 1428 2604 1683 2691; x_wconf 91' lang='lat' dir='ltr'>impetu</span> <span class='ocrx_word' id='word_1_216' title='bbox 1732 2608 1821 2674; x_wconf 91' lang='lat' dir='ltr'>sit</span> <span class='ocrx_word' id='word_1_217' title='bbox 1866 2605 2108 2689; x_wconf 89' lang='lat' dir='ltr'>avulsa,</span> <span class='ocrx_word' id='word_1_218' title='bbox 2156 2605 2300 2692; x_wconf 88' lang='lat' dir='ltr'>ipsa</span> <span class='ocrx_word' id='word_1_219' title='bbox 2361 2607 2648 2693; x_wconf 87' lang='lat' dir='ltr'>pertinet</span> <span class='ocrx_word' id='word_1_220' title='bbox 2718 2603 2802 2673; x_wconf 87' lang='lat' dir='ltr'>ad</span> <span class='ocrx_word' id='word_1_221' title='bbox 2871 2623 3016 2689; x_wconf 89' lang='lat' dir='ltr'>eos,</span> <span class='ocrx_word' id='word_1_222' title='bbox 3071 2604 3202 2693; x_wconf 78' lang='lat' dir='ltr'>qui</span> 
     </span>
     <span class='ocr_line' id='line_1_24' title="bbox 573 2709 3276 2800; baseline -0 -18"><span class='ocrx_word' id='word_1_223' title='bbox 573 2713 887 2798; x_wconf 80' lang='lat' dir='ltr'>utrinque</span> <span class='ocrx_word' id='word_1_224' title='bbox 937 2709 1183 2796; x_wconf 83' lang='lat' dir='ltr'>praedia</span> <span class='ocrx_word' id='word_1_225' title='bbox 1231 2709 1576 2799; x_wconf 90' lang='lat' dir='ltr'>possident</span> <span class='ocrx_word' id='word_1_226' title='bbox 1625 2729 1836 2800; x_wconf 89' lang='lat' dir='ltr'>prope</span> <span class='ocrx_word' id='word_1_227' title='bbox 1884 2712 2095 2800; x_wconf 88' lang='lat' dir='ltr'>ripam</span> <span class='ocrx_word' id='word_1_228' title='bbox 2111 2738 2131 2796; x_wconf 81' lang='lat'>3</span> <span class='ocrx_word' id='word_1_229' title='bbox 2182 2713 2468 2783; x_wconf 83' lang='lat' dir='ltr'>attamen</span> <span class='ocrx_word' id='word_1_230' title='bbox 2520 2730 2791 2799; x_wconf 88' lang='lat' dir='ltr'>semper</span> <span class='ocrx_word' id='word_1_231' title='bbox 2830 2712 3030 2800; x_wconf 82' lang='lat' dir='ltr'>juxta</span> <span class='ocrx_word' id='word_1_232' title='bbox 3085 2713 3193 2781; x_wconf 89' lang='lat' dir='ltr'>le·</span> <span class='ocrx_word' id='word_1_233' title='bbox 3275 2759 3276 2768; x_wconf 39' lang='lat'>1</span> 
     </span>
     <span class='ocr_line' id='line_1_25' title="bbox 577 2817 2998 2907; baseline 0 -21"><span class='ocrx_word' id='word_1_234' title='bbox 577 2819 675 2907; x_wconf 87' lang='lat' dir='ltr'>gis</span> <span class='ocrx_word' id='word_1_235' title='bbox 723 2817 1155 2894; x_wconf 88' lang='lat' dir='ltr'>limitationes</span> <span class='ocrx_word' id='word_1_236' title='bbox 1207 2824 1254 2887; x_wconf 81' lang='lat'>¹.</span> <span class='ocrx_word' id='word_1_237' title='bbox 2007 2885 2012 2890; x_wconf 86' lang='grc'>,</span> <span class='ocrx_word' id='word_1_238' title='bbox 2993 2881 2998 2886; x_wconf 91' lang='grc'>.</span> 
     </span>
    </p>

    <p class='ocr_par' dir='ltr' id='par_1_6' title="bbox 582 2925 3192 3119">
     <span class='ocr_line' id='line_1_26' title="bbox 652 2925 3192 3016; baseline 0.002 -26"><span class='ocrx_word' id='word_1_239' title='bbox 652 2925 866 2992; x_wconf 63' lang='grc'>332.</span> <span class='ocrx_word' id='word_1_240' title='bbox 917 2927 990 3007; x_wconf 88' lang='lat' dir='ltr'>Q.</span> <span class='ocrx_word' id='word_1_241' title='bbox 1038 2928 1099 2993; x_wconf 75' lang='grc' dir='ltr'>ὅ.</span> <span class='ocrx_word' id='word_1_242' title='bbox 1155 2926 1318 3007; x_wconf 79' lang='lat' dir='ltr'>Quid</span> <span class='ocrx_word' id='word_1_243' title='bbox 1361 2925 1432 2993; x_wconf 81' lang='lat' dir='ltr'>de</span> <span class='ocrx_word' id='word_1_244' title='bbox 1479 2927 1828 2994; x_wconf 75' lang='lat' dir='ltr'>accessione</span> <span class='ocrx_word' id='word_1_245' title='bbox 1871 2926 2194 2994; x_wconf 82' lang='lat' dir='ltr'>mobilium</span> <span class='ocrx_word' id='word_1_246' title='bbox 2231 2947 2350 3015; x_wconf 83' lang='lat' dir='ltr'>per</span> <span class='ocrx_word' id='word_1_247' title='bbox 2394 2926 2882 3016; x_wconf 77' lang='lat' dir='ltr'>adjunctionem,</span> <span class='ocrx_word' id='word_1_248' title='bbox 2931 2928 3192 3015; x_wconf 76' lang='lat' dir='ltr'>specifi-</span> 
     </span>
     <span class='ocr_line' id='line_1_27' title="bbox 582 3032 1507 3119; baseline 0.002 -22"><span class='ocrx_word' id='word_1_249' title='bbox 582 3032 885 3098; x_wconf 81' lang='lat' dir='ltr'>cationem</span> <span class='ocrx_word' id='word_1_250' title='bbox 932 3043 988 3099; x_wconf 86' lang='lat' dir='ltr'>et</span> <span class='ocrx_word' id='word_1_251' title='bbox 1032 3032 1507 3119; x_wconf 79' lang='lat' dir='ltr'>confusionem?</span> 
     </span>
    </p>

    <p class='ocr_par' dir='ltr' id='par_1_7' title="bbox 567 3139 3198 3439">
     <span class='ocr_line' id='line_1_28' title="bbox 663 3139 3198 3229; baseline 0.001 -21"><span class='ocrx_word' id='word_1_252' title='bbox 663 3141 731 3208; x_wconf 91' lang='lat' dir='ltr'>R.</span> <span class='ocrx_word' id='word_1_253' title='bbox 764 3142 919 3208; x_wconf 85' lang='lat' dir='ltr'>Haec</span> <span class='ocrx_word' id='word_1_254' title='bbox 956 3140 1250 3209; x_wconf 89' lang='lat' dir='ltr'>accessio</span> <span class='ocrx_word' id='word_1_255' title='bbox 1292 3140 1545 3226; x_wconf 83' lang='lat' dir='ltr'>regitur</span> <span class='ocrx_word' id='word_1_256' title='bbox 1575 3140 1860 3210; x_wconf 83' lang='lat' dir='ltr'>maxime</span> <span class='ocrx_word' id='word_1_257' title='bbox 1894 3139 2237 3229; x_wconf 90' lang='lat' dir='ltr'>principiis</span> <span class='ocrx_word' id='word_1_258' title='bbox 2270 3141 2586 3212; x_wconf 87' lang='lat' dir='ltr'>naturalis</span> <span class='ocrx_word' id='word_1_259' title='bbox 2621 3141 2982 3229; x_wconf 80' lang='lat' dir='ltr'>aequitatiS,</span> <span class='ocrx_word' id='word_1_260' title='bbox 3027 3159 3198 3229; x_wconf 79' lang='lat' dir='ltr'>quae</span> 
     </span>
     <span class='ocr_line' id='line_1_29' title="bbox 567 3243 3194 3336; baseline 0.003 -24"><span class='ocrx_word' id='word_1_261' title='bbox 567 3243 834 3332; x_wconf 85' lang='lat' dir='ltr'>judices</span> <span class='ocrx_word' id='word_1_262' title='bbox 880 3249 1068 3334; x_wconf 91' lang='lat' dir='ltr'>sequi</span> <span class='ocrx_word' id='word_1_263' title='bbox 1118 3246 1383 3316; x_wconf 90' lang='lat' dir='ltr'>debent.</span> <span class='ocrx_word' id='word_1_264' title='bbox 1418 3247 1722 3315; x_wconf 84' lang='lat' dir='ltr'>Attamen</span> <span class='ocrx_word' id='word_1_265' title='bbox 1758 3247 2103 3316; x_wconf 83' lang='lat' dir='ltr'>nunnullae</span> <span class='ocrx_word' id='word_1_266' title='bbox 2144 3266 2398 3317; x_wconf 82' lang='lat' dir='ltr'>normae</span> <span class='ocrx_word' id='word_1_267' title='bbox 2448 3265 2483 3315; x_wconf 90' lang='lat' dir='ltr'>a</span> <span class='ocrx_word' id='word_1_268' title='bbox 2532 3247 2778 3318; x_wconf 89' lang='lat' dir='ltr'>Codice</span> <span class='ocrx_word' id='word_1_269' title='bbox 2827 3249 3194 3336; x_wconf 82' lang='lat' dir='ltr'>assignan-</span> 
     </span>
     <span class='ocr_line' id='line_1_30' title="bbox 572 3352 1577 3439; baseline 0.004 -22"><span class='ocrx_word' id='word_1_270' title='bbox 572 3357 684 3418; x_wconf 87' lang='lat' dir='ltr'>tur</span> <span class='ocrx_word' id='word_1_271' title='bbox 729 3353 946 3438; x_wconf 89' lang='lat' dir='ltr'>quoad</span> <span class='ocrx_word' id='word_1_272' title='bbox 994 3352 1317 3439; x_wconf 87' lang='lat' dir='ltr'>quosdam</span> <span class='ocrx_word' id='word_1_273' title='bbox 1364 3370 1577 3423; x_wconf 88' lang='lat' dir='ltr'>casus.</span> 
     </span>
    </p>
   </div>
   <div class='ocr_carea' id='block_1_3' title="bbox 570 3529 3276 4421">
    <p class='ocr_par' dir='ltr' id='par_1_8' title="bbox 570 3529 3276 4421">
     <span class='ocr_line' id='line_1_31' title="bbox 736 3529 3200 3616; baseline 0.006 -26"><span class='ocrx_word' id='word_1_274' title='bbox 736 3529 789 3590; x_wconf 80' lang='lat'>1.</span> <span class='ocrx_word' id='word_1_275' title='bbox 832 3530 1179 3607; x_wconf 78' lang='lat' dir='ltr'>Adjunctio</span> <span class='ocrx_word' id='word_1_276' title='bbox 1212 3540 1328 3608; x_wconf 86' lang='lat' dir='ltr'>est,</span> <span class='ocrx_word' id='word_1_277' title='bbox 1370 3531 1626 3612; x_wconf 84' lang='lat' dir='ltr'>quando</span> <span class='ocrx_word' id='word_1_278' title='bbox 1671 3548 1796 3597; x_wconf 91' lang='lat' dir='ltr'>una</span> <span class='ocrx_word' id='word_1_279' title='bbox 1842 3549 1967 3608; x_wconf 86' lang='lat' dir='ltr'>res,</span> <span class='ocrx_word' id='word_1_280' title='bbox 2011 3531 2116 3596; x_wconf 87' lang='lat' dir='ltr'>vel</span> <span class='ocrx_word' id='word_1_281' title='bbox 2160 3533 2384 3597; x_wconf 83' lang='lat' dir='ltr'>multae</span> <span class='ocrx_word' id='word_1_282' title='bbox 2421 3549 2526 3596; x_wconf 84' lang='lat' dir='ltr'>res</span> <span class='ocrx_word' id='word_1_283' title='bbox 2571 3532 2865 3613; x_wconf 86' lang='lat' dir='ltr'>mobiles,</span> <span class='ocrx_word' id='word_1_284' title='bbox 2901 3552 3059 3616; x_wconf 81' lang='lat' dir='ltr'>quae</span> <span class='ocrx_word' id='word_1_285' title='bbox 3108 3540 3200 3604; x_wconf 83' lang='lat' dir='ltr'>ad</span> 
     </span>
     <span class='ocr_line' id='line_1_32' title="bbox 573 3606 3196 3697; baseline 0.005 -26"><span class='ocrx_word' id='word_1_286' title='bbox 573 3606 863 3697; x_wconf 78' lang='lat' dir='ltr'>diversos</span> <span class='ocrx_word' id='word_1_287' title='bbox 907 3609 1198 3673; x_wconf 90' lang='lat' dir='ltr'>dominos</span> <span class='ocrx_word' id='word_1_288' title='bbox 1243 3617 1590 3691; x_wconf 88' lang='lat' dir='ltr'>pertinent,</span> <span class='ocrx_word' id='word_1_289' title='bbox 1621 3613 1936 3677; x_wconf 84' lang='lat' dir='ltr'>uniuntur</span> <span class='ocrx_word' id='word_1_290' title='bbox 1965 3624 2031 3676; x_wconf 90' lang='grc'>01</span> <span class='ocrx_word' id='word_1_291' title='bbox 2072 3614 2441 3677; x_wconf 88' lang='lat' dir='ltr'>coalescunt</span> <span class='ocrx_word' id='word_1_292' title='bbox 2474 3613 2662 3676; x_wconf 86' lang='lat' dir='ltr'>alteri</span> <span class='ocrx_word' id='word_1_293' title='bbox 2710 3616 2804 3678; x_wconf 90' lang='lat' dir='ltr'>rei</span> <span class='ocrx_word' id='word_1_294' title='bbox 2852 3624 3196 3697; x_wconf 83' lang='lat' dir='ltr'>tanquam</span> 
     </span>
     <span class='ocr_line' id='line_1_33' title="bbox 570 3690 3196 3773; baseline 0.006 -24"><span class='ocrx_word' id='word_1_295' title='bbox 570 3690 953 3769; x_wconf 74' lang='lat' dir='ltr'>principali:</span> <span class='ocrx_word' id='word_1_296' title='bbox 993 3706 1051 3752; x_wconf 84' lang='lat' dir='ltr'>v.</span> <span class='ocrx_word' id='word_1_297' title='bbox 1096 3708 1175 3769; x_wconf 87' lang='lat' dir='ltr'>g.,</span> <span class='ocrx_word' id='word_1_298' title='bbox 1219 3695 1271 3753; x_wconf 87' lang='lat' dir='ltr'>si</span> <span class='ocrx_word' id='word_1_299' title='bbox 1318 3692 1534 3771; x_wconf 88' lang='lat' dir='ltr'>plures</span> <span class='ocrx_word' id='word_1_300' title='bbox 1577 3708 1844 3772; x_wconf 85' lang='lat' dir='ltr'>gemmae</span> <span class='ocrx_word' id='word_1_301' title='bbox 1892 3693 2178 3773; x_wconf 90' lang='lat' dir='ltr'>plurium</span> <span class='ocrx_word' id='word_1_302' title='bbox 2224 3693 2631 3757; x_wconf 87' lang='lat' dir='ltr'>dominorum</span> <span class='ocrx_word' id='word_1_303' title='bbox 2680 3696 2927 3760; x_wconf 89' lang='lat' dir='ltr'>annulo</span> <span class='ocrx_word' id='word_1_304' title='bbox 2962 3699 3196 3765; x_wconf 83' lang='lat' dir='ltr'>inclu-</span> 
     </span>
     <span class='ocr_line' id='line_1_34' title="bbox 572 3768 3276 3852; baseline 0.003 -21"><span class='ocrx_word' id='word_1_305' title='bbox 572 3768 826 3846; x_wconf 87' lang='lat' dir='ltr'>dantur,</span> <span class='ocrx_word' id='word_1_306' title='bbox 872 3772 956 3834; x_wconf 88' lang='lat' dir='ltr'>ita</span> <span class='ocrx_word' id='word_1_307' title='bbox 1003 3781 1073 3833; x_wconf 89' lang='grc'>111</span> <span class='ocrx_word' id='word_1_308' title='bbox 1109 3785 1307 3836; x_wconf 92' lang='lat' dir='ltr'>unum</span> <span class='ocrx_word' id='word_1_309' title='bbox 1336 3772 1648 3836; x_wconf 88' lang='lat' dir='ltr'>annulum</span> <span class='ocrx_word' id='word_1_310' title='bbox 1692 3784 2044 3852; x_wconf 79' lang='lat' dir='ltr'>pretiosum</span> <span class='ocrx_word' id='word_1_311' title='bbox 2088 3776 2505 3838; x_wconf 85' lang='lat' dir='ltr'>constituant.</span> <span class='ocrx_word' id='word_1_312' title='bbox 2548 3774 2687 3838; x_wconf 88' lang='lat' dir='ltr'>Jam</span> <span class='ocrx_word' id='word_1_313' title='bbox 2737 3792 2928 3839; x_wconf 89' lang='lat' dir='ltr'>vero:</span> <span class='ocrx_word' id='word_1_314' title='bbox 2978 3781 3040 3842; x_wconf 88' lang='lat' dir='ltr'>si</span> <span class='ocrx_word' id='word_1_315' title='bbox 3081 3797 3201 3844; x_wconf 83' lang='lat' dir='ltr'>res</span> <span class='ocrx_word' id='word_1_316' title='bbox 3275 3793 3276 3838; x_wconf 60' lang='lat' dir='ltr'>T</span> 
     </span>
     <span class='ocr_line' id='line_1_35' title="bbox 571 3851 3276 3935; baseline 0.005 -24"><span class='ocrx_word' id='word_1_317' title='bbox 571 3851 950 3914; x_wconf 86' lang='lat' dir='ltr'>secundaria</span> <span class='ocrx_word' id='word_1_318' title='bbox 995 3868 1138 3931; x_wconf 83' lang='lat' dir='ltr'>quae</span> <span class='ocrx_word' id='word_1_319' title='bbox 1180 3854 1520 3933; x_wconf 86' lang='lat' dir='ltr'>principali</span> <span class='ocrx_word' id='word_1_320' title='bbox 1587 3853 1985 3934; x_wconf 84' lang='lat' dir='ltr'>adjungitur,</span> <span class='ocrx_word' id='word_1_321' title='bbox 2026 3866 2123 3919; x_wconf 88' lang='lat' dir='ltr'>est</span> <span class='ocrx_word' id='word_1_322' title='bbox 2162 3859 2295 3935; x_wconf 90' lang='lat' dir='ltr'>ipsa</span> <span class='ocrx_word' id='word_1_323' title='bbox 2341 3853 2530 3934; x_wconf 89' lang='grc'>101130</span> <span class='ocrx_word' id='word_1_324' title='bbox 2576 3857 2945 3935; x_wconf 84' lang='lat' dir='ltr'>pretiosior,</span> <span class='ocrx_word' id='word_1_325' title='bbox 3017 3870 3202 3925; x_wconf 87' lang='lat' dir='ltr'>tnnc</span> <span class='ocrx_word' id='word_1_326' title='bbox 3275 3901 3276 3906; x_wconf 39' lang='lat'>1</span> 
     </span>
     <span class='ocr_line' id='line_1_36' title="bbox 573 3932 3206 4016; baseline 0.005 -24"><span class='ocrx_word' id='word_1_327' title='bbox 573 3932 1038 4011; x_wconf 84' lang='lat' dir='ltr'>proprietarius</span> <span class='ocrx_word' id='word_1_328' title='bbox 1102 3949 1193 3996; x_wconf 75' lang='lat' dir='ltr'>rei</span> <span class='ocrx_word' id='word_1_329' title='bbox 1242 3933 1565 4012; x_wconf 73' lang='lat' dir='ltr'>adjunctae</span> <span class='ocrx_word' id='word_1_330' title='bbox 1608 3935 1690 4013; x_wconf 87' lang='lat' dir='ltr'>(si</span> <span class='ocrx_word' id='word_1_331' title='bbox 1737 3933 2085 4014; x_wconf 77' lang='lat' dir='ltr'>idfactum</span> <span class='ocrx_word' id='word_1_332' title='bbox 2129 3939 2216 4001; x_wconf 91' lang='lat' dir='ltr'>sit</span> <span class='ocrx_word' id='word_1_333' title='bbox 2279 3934 2520 4015; x_wconf 85' lang='lat' dir='ltr'>absque</span> <span class='ocrx_word' id='word_1_334' title='bbox 2590 3953 2731 4016; x_wconf 69' lang='lat' dir='ltr'>ejus</span> <span class='ocrx_word' id='word_1_335' title='bbox 2776 3940 3064 4003; x_wconf 87' lang='lat' dir='ltr'>scientia</span> <span class='ocrx_word' id='word_1_336' title='bbox 3119 3958 3206 4006; x_wconf 85' lang='lat' dir='ltr'>ac</span> 
     </span>
     <span class='ocr_line' id='line_1_37' title="bbox 571 4011 3200 4096; baseline 0.005 -22"><span class='ocrx_word' id='word_1_337' title='bbox 571 4011 921 4092; x_wconf 89' lang='lat' dir='ltr'>consensu)</span> <span class='ocrx_word' id='word_1_338' title='bbox 963 4022 1173 4093; x_wconf 87' lang='lat' dir='ltr'>potest</span> <span class='ocrx_word' id='word_1_339' title='bbox 1236 4014 1505 4077; x_wconf 89' lang='lat' dir='ltr'>arbitrio</span> <span class='ocrx_word' id='word_1_340' title='bbox 1550 4032 1666 4078; x_wconf 90' lang='lat' dir='ltr'>suo</span> <span class='ocrx_word' id='word_1_341' title='bbox 1709 4015 1813 4076; x_wconf 87' lang='lat' dir='ltr'>vel</span> <span class='ocrx_word' id='word_1_342' title='bbox 1885 4024 2084 4079; x_wconf 87' lang='lat' dir='ltr'>totum</span> <span class='ocrx_word' id='word_1_343' title='bbox 2153 4016 2307 4081; x_wconf 90' lang='lat' dir='ltr'>inde</span> <span class='ocrx_word' id='word_1_344' title='bbox 2376 4033 2702 4096; x_wconf 84' lang='lat' dir='ltr'>exurgens</span> <span class='ocrx_word' id='word_1_345' title='bbox 2765 4018 2888 4081; x_wconf 89' lang='lat' dir='ltr'>sibi</span> <span class='ocrx_word' id='word_1_346' title='bbox 2955 4022 3200 4085; x_wconf 80' lang='lat' dir='ltr'>vindi-</span> 
     </span>
     <span class='ocr_line' id='line_1_38' title="bbox 571 4093 3197 4180; baseline 0.005 -27"><span class='ocrx_word' id='word_1_347' title='bbox 571 4106 739 4168; x_wconf 89' lang='lat' dir='ltr'>care,</span> <span class='ocrx_word' id='word_1_348' title='bbox 782 4108 839 4155; x_wconf 85' lang='lat' dir='ltr'>v.</span> <span class='ocrx_word' id='word_1_349' title='bbox 883 4107 941 4173; x_wconf 88' lang='grc'>3.</span> <span class='ocrx_word' id='word_1_350' title='bbox 985 4093 1298 4157; x_wconf 84' lang='lat' dir='ltr'>annulum</span> <span class='ocrx_word' id='word_1_351' title='bbox 1346 4102 1441 4158; x_wconf 87' lang='lat' dir='ltr'>tot</span> <span class='ocrx_word' id='word_1_352' title='bbox 1486 4096 1567 4158; x_wconf 89' lang='lat' dir='ltr'>iis</span> <span class='ocrx_word' id='word_1_353' title='bbox 1610 4096 1880 4175; x_wconf 79' lang='lat' dir='ltr'>gemmis</span> <span class='ocrx_word' id='word_1_354' title='bbox 1925 4096 2288 4176; x_wconf 71' lang='lat' dir='ltr'>praeditum,</span> <span class='ocrx_word' id='word_1_355' title='bbox 2330 4097 2540 4161; x_wconf 87' lang='lat' dir='ltr'>soluto</span> <span class='ocrx_word' id='word_1_356' title='bbox 2598 4101 2807 4178; x_wconf 88' lang='lat' dir='ltr'>pretio</span> <span class='ocrx_word' id='word_1_357' title='bbox 2853 4100 2950 4163; x_wconf 87' lang='lat' dir='ltr'>rei</span> <span class='ocrx_word' id='word_1_358' title='bbox 2991 4104 3197 4180; x_wconf 84' lang='lat' dir='ltr'>prin·</span> 
     </span>
     <span class='ocr_line' id='line_1_39' title="bbox 573 4173 3204 4258; baseline 0.005 -24"><span class='ocrx_word' id='word_1_359' title='bbox 573 4173 798 4252; x_wconf 87' lang='lat' dir='ltr'>cipalis</span> <span class='ocrx_word' id='word_1_360' title='bbox 816 4193 833 4248; x_wconf 91' lang='lat'>;</span> <span class='ocrx_word' id='word_1_361' title='bbox 878 4174 978 4237; x_wconf 87' lang='lat' dir='ltr'>vel</span> <span class='ocrx_word' id='word_1_362' title='bbox 1018 4183 1241 4254; x_wconf 85' lang='lat' dir='ltr'>petere</span> <span class='ocrx_word' id='word_1_363' title='bbox 1285 4178 1760 4255; x_wconf 86' lang='lat' dir='ltr'>separationem</span> <span class='ocrx_word' id='word_1_364' title='bbox 1803 4177 2091 4255; x_wconf 87' lang='lat' dir='ltr'>ejusdem</span> <span class='ocrx_word' id='word_1_365' title='bbox 2137 4196 2168 4242; x_wconf 91' lang='lat' dir='ltr'>a</span> <span class='ocrx_word' id='word_1_366' title='bbox 2219 4195 2288 4240; x_wconf 89' lang='lat' dir='ltr'>re</span> <span class='ocrx_word' id='word_1_367' title='bbox 2335 4178 2700 4258; x_wconf 87' lang='lat' dir='ltr'>principali.</span> <span class='ocrx_word' id='word_1_368' title='bbox 2743 4177 2811 4242; x_wconf 92' lang='lat' dir='ltr'>Si</span> <span class='ocrx_word' id='word_1_369' title='bbox 2859 4197 3020 4243; x_wconf 86' lang='lat' dir='ltr'>vero</span> <span class='ocrx_word' id='word_1_370' title='bbox 3077 4199 3204 4247; x_wconf 83' lang='lat' dir='ltr'>res</span> 
     </span>
     <span class='ocr_line' id='line_1_40' title="bbox 572 4254 3204 4342; baseline 0.005 -29"><span class='ocrx_word' id='word_1_371' title='bbox 572 4254 950 4317; x_wconf 84' lang='lat' dir='ltr'>secundaria</span> <span class='ocrx_word' id='word_1_372' title='bbox 985 4272 1111 4317; x_wconf 93' lang='lat' dir='ltr'>non</span> <span class='ocrx_word' id='word_1_373' title='bbox 1151 4265 1247 4318; x_wconf 89' lang='lat' dir='ltr'>est</span> <span class='ocrx_word' id='word_1_374' title='bbox 1275 4255 1466 4336; x_wconf 85' lang='grc'>101130</span> <span class='ocrx_word' id='word_1_375' title='bbox 1497 4258 1863 4337; x_wconf 84' lang='lat' dir='ltr'>pretiosior,</span> <span class='ocrx_word' id='word_1_376' title='bbox 1901 4267 2053 4322; x_wconf 85' lang='lat' dir='ltr'>tunc</span> <span class='ocrx_word' id='word_1_377' title='bbox 2086 4261 2140 4322; x_wconf 90' lang='lat' dir='ltr'>si</span> <span class='ocrx_word' id='word_1_378' title='bbox 2170 4276 2274 4323; x_wconf 86' lang='lat' dir='ltr'>res</span> <span class='ocrx_word' id='word_1_379' title='bbox 2306 4269 2572 4338; x_wconf 87' lang='lat' dir='ltr'>possunt</span> <span class='ocrx_word' id='word_1_380' title='bbox 2600 4262 2889 4339; x_wconf 88' lang='lat' dir='ltr'>separari</span> <span class='ocrx_word' id='word_1_381' title='bbox 2923 4261 3204 4342; x_wconf 78' lang='lat' dir='ltr'>absque</span> 
     </span>
     <span class='ocr_line' id='line_1_41' title="bbox 570 4334 3196 4421; baseline 0.006 -28"><span class='ocrx_word' id='word_1_382' title='bbox 570 4347 794 4396; x_wconf 87' lang='lat' dir='ltr'>earum</span> <span class='ocrx_word' id='word_1_383' title='bbox 838 4334 1250 4415; x_wconf 79' lang='lat' dir='ltr'>detrimento,</span> <span class='ocrx_word' id='word_1_384' title='bbox 1292 4339 1565 4417; x_wconf 90' lang='lat' dir='ltr'>quilibet</span> <span class='ocrx_word' id='word_1_385' title='bbox 1608 4336 1918 4420; x_wconf 34' lang='lat' dir='ltr'>dominus,</span> <span class='ocrx_word' id='word_1_386' title='bbox 1951 4341 2192 4404; x_wconf 89' lang='lat' dir='ltr'>retinet</span> <span class='ocrx_word' id='word_1_387' title='bbox 2234 4342 2692 4421; x_wconf 85' lang='lat' dir='ltr'>proprietatem</span> <span class='ocrx_word' id='word_1_388' title='bbox 2740 4345 2837 4404; x_wconf 90' lang='lat' dir='ltr'>rei</span> <span class='ocrx_word' id='word_1_389' title='bbox 2881 4359 3047 4405; x_wconf 80' lang='lat' dir='ltr'>suae.</span> <span class='ocrx_word' id='word_1_390' title='bbox 3122 4343 3196 4408; x_wconf 86' lang='lat' dir='ltr'>Si</span> 
     </span>
    </p>
   </div>
   <div class='ocr_carea' id='block_1_4' title="bbox 568 4597 3276 4739">
    <p class='ocr_par' dir='ltr' id='par_1_9' title="bbox 568 4597 3276 4739">
     <span class='ocr_line' id='line_1_42' title="bbox 568 4597 3276 4739; baseline 0.004 -67"><span class='ocrx_word' id='word_1_391' title='bbox 568 4623 1053 4739; x_wconf 42' lang='lat' dir='ltr'>-¹c†‘{³.⁴{⁵37³.—</span> <span class='ocrx_word' id='word_1_392' title='bbox 1086 4626 1493 4689; x_wconf 72' lang='grc'>0..1.411;-</span> <span class='ocrx_word' id='word_1_393' title='bbox 1528 4628 1581 4682; x_wconf 93' lang='grc'>0.</span> <span class='ocrx_word' id='word_1_394' title='bbox 1619 4629 1682 4681; x_wconf 85' lang='grc'>0.</span> <span class='ocrx_word' id='word_1_395' title='bbox 1714 4630 1842 4693; x_wconf 73' lang='grc'>1150;</span> <span class='ocrx_word' id='word_1_396' title='bbox 1876 4655 1940 4668; x_wconf 95' lang='grc'>-</span> <span class='ocrx_word' id='word_1_397' title='bbox 1977 4630 2802 4735; x_wconf 27' lang='grc'>0.5.131;-.0.1&gt;.505;-·</span> <span class='ocrx_word' id='word_1_398' title='bbox 2857 4631 3199 4696; x_wconf 75' lang='grc'>0.11.031;</span> <span class='ocrx_word' id='word_1_399' title='bbox 3275 4597 3276 4606; x_wconf 14' lang='grc' dir='ltr'><strong><em>Ν</em></strong></span> 
     </span>
    </p>
   </div>
  </div>
 </body>
</html>
