3292 5167
1234 205 1240 210 .
1339 161 1795 208 annoni-tomas
2486 215 2493 222 ⁶
2719 138 2848 208 579

254 259 439 324 omni
479 267 763 339 tempore
806 258 1137 322 animabus
1181 260 1601 339 singulariter
1661 261 1915 324 dilectis
1958 260 2319 326 exornavit.
2362 276 2521 344 quas
2567 259 2844 338 proinde

239 346 381 419 'per
425 340 592 402 viam
636 355 761 402 non
809 341 1103 404 omnibus
1147 342 1470 417 usitatam,
1515 342 1627 404 sed
1695 358 1805 421 per
1845 357 2001 402 vere
2043 341 2395 422 stupendos
2444 343 2846 420 poenitentiae

251 422 512 499 rigores
556 420 844 493 deduxit,
888 430 1018 484 tum
1064 428 1133 485 ut
1175 422 1431 486 easdem
1492 422 1570 485 ad
1615 422 2131 486 extraordinaria
2178 424 2448 501 spiritus
2493 423 2587 484 sui
2639 421 2846 483 cbari-

253 509 462 566 smata
509 501 899 579 disponeret,
945 510 1074 564 tum
1116 512 1183 564 ut
1225 503 1463 564 mundo
1512 502 1911 566 mollescenti
1957 512 2023 565 et
2058 502 2315 564 vecordi
2348 503 2639 581 exempla
2692 516 2846 579 prae·

258 579 469 654 beret,
512 584 740 660 quibus
785 580 1132 643 salubriter
1174 582 1721 646 confunderetur:
1766 596 2035 662 qnorum
2078 581 2406 654 valetudo,
2454 597 2579 661 quo
2627 584 2842 644 minus

256 659 382 724 sibi
433 670 792 740 parcerent,
837 677 912 724 eo
979 663 1379 725 robustior....
1447 663 1672 727 Procul
1719 681 1750 727 a
1801 662 1985 726 nobis
2050 662 2184 724 sint
2238 663 2737 724 criminationes
2779 669 2845 724 et

255 742 499 816 cavilli,
543 741 771 821 quibus
815 743 1207 805 recentiores
1249 743 1448 824 aliqui
1497 746 1852 822 praesertim
1900 751 2328 822 protestantes
2375 742 2521 806 illos
2567 757 2843 804 onerare

255 838 392 885 non
437 822 902 885 erubescunt...
950 822 1303 886 Deileamus
1359 826 1568 904 potius
1599 825 1925 904 ignaviam
1963 824 2170 885 astatis
2202 832 2459 896 nostrae,
2490 838 2632 902 quae
2667 830 2842 885 tanta

255 911 377 978 est,
424 911 493 966 ut
535 902 834 965 Ecclesiae
881 904 1277 966 florescentis
1322 906 1667 984 specimina
1729 921 1843 984 pro
1892 903 2338 966 deliramentis
2384 903 2635 966 habeat.
2680 901 2842 975 Quid

258 982 446 1061 impii
491 983 801 1062 eJusmodi
865 985 1164 1046 irrisores
1222 983 1451 1047 tacturi
1500 993 1737 1059 essent,
1793 987 1843 1047 si
1917 984 2082 1047 Deus
2132 983 2280 1046 talia
2327 999 2471 1061 quae
2513 999 2546 1046 a
2591 980 2842 1045 Sanctis

254 1062 435 1126 ultro
482 1072 840 1143 perpetrata
887 1064 1178 1141 legimus,
1221 1065 1299 1126 ab
1346 1065 1502 1144 ipsis
1547 1081 1769 1128 revera
1827 1066 1967 1143 lege
2010 1073 2361 1143 expeteret,
2397 1063 2475 1126 ab
2523 1065 2698 1142 ipsis,
2747 1065 2841 1125 in·

253 1158 475 1286 guam,
523 1147 629 1222 qui
667 1145 913 1207 etiamsi
951 1146 1324 1223 poenitentia
1365 1161 1493 1225 prae
1523 1149 1758 1208 ceteris
1793 1147 2142 1223 indigeant,
2183 1147 2382 1223 ipsam
2422 1154 2631 1207 tamen
2673 1159 2839 1219 ejus·

300 1240 407 1287 em
453 1224 740 1292 umbram
789 1225 1346 1302 perhorrescunt?

350 1329 374 1358 ι
422 1303 492 1365 ln
539 1306 654 1368 bac
679 1308 941 1366 materia
991 1305 1206 1384 plures
1238 1322 1352 1367 nos
1394 1307 1564 1383 ipsos
1599 1305 1960 1384 abnegandi
1997 1306 2365 1368 occasiones
2409 1304 2666 1377 dantur,
2702 1318 2843 1381 quae

256 1384 448 1446 nobis
494 1386 713 1448 invitis
769 1395 1135 1460 occurrunt,
1178 1402 1232 1447 v.
1294 1404 1349 1465 g.
1418 1386 1567 1447 dum
1612 1385 1693 1448 ob
1743 1384 2109 1463 singulares
2152 1385 2403 1447 labores
2467 1393 2842 1447 consuetam

257 1464 638 1528 resectionis
686 1467 905 1528 boram
951 1466 1212 1528 differre
1255 1468 1565 1545 cogimur,
1618 1466 1766 1527 dum
1802 1466 2037 1529 cibaria
2075 1467 2286 1529 minus
2317 1474 2515 1544 grata,
2562 1462 2840 1542 insipida

252 1544 356 1608 vel
409 1562 600 1608 manu
648 1544 812 1608 torte
860 1548 1130 1623 parciori
1201 1556 1642 1626 apponuntur.
1686 1545 1749 1608 Si
1796 1546 1859 1610 in
1932 1546 2246 1626 ejusmodi
2294 1546 2543 1608 casibus
2589 1553 2843 1607 naturae

256 1625 664 1703 indignantis
708 1637 915 1689 motus
960 1643 1385 1705 compescere,
1436 1642 1677 1706 nosque
1744 1642 1959 1690 rerum
2005 1628 2504 1691 circumstantiis
2550 1634 2840 1705 prompte

252 1707 674 1769 accomodare
718 1708 1104 1780 studeamuS,
1151 1708 1286 1769 baec
1331 1709 1533 1768 nostri
1596 1708 1939 1785 abnegatio
1987 1724 2117 1787 prae
2173 1710 2346 1768 omni
2415 1706 2629 1767 inedia
2677 1705 2835 1767 divi-

251 1802 408 1848 num
463 1787 643 1849 nobis
689 1787 1157 1867 beneplacitum
1202 1787 1586 1850 conciliabit.
1634 1787 1944 1850 Praeclare
2000 1807 2046 1850 s.
2111 1787 2485 1849 Franciscus
2556 1783 2840 1850 Salesius

252 1865 566 1944 (maxime
604 1885 715 1946 pro
745 1866 1167 1946 collegialiter
1197 1866 1619 1947 viventibus):
1661 1866 2047 1946 summopere
2083 1869 2419 1930 reverenda
2461 1866 2616 1928 duco
2647 1866 2839 1930 verba

252 1946 373 2008 ilia
419 1947 843 2026 Redemptor-is
886 1948 968 2010 ad
1010 1948 1383 2026 discipulos.-
1429 1949 1808 2011 manducate
1872 1965 2013 2027 quae
2057 1958 2467 2027 apponuntur
2514 1946 2708 2008 vobis
2751 1947 2840 2009 Ni

252 2026 477 2105 fallor,
522 2030 783 2105 majoris
825 2029 1085 2093 virtutis
1127 2036 1224 2091 est
1264 2029 1828 2091 indiscriminatim
1858 2030 2171 2091 comedere
2205 2046 2339 2108 quoe
2368 2034 2430 2090 et
2460 2037 2579 2106 quo
2621 2028 2839 2091 ordine

251 2116 663 2186 apponantur
704 2111 831 2170 sive
873 2109 1131 2186 sapiant
1168 2109 1579 2188 dissipiantve
1627 2109 1865 2188 palato,
1909 2126 2095 2188 quam
2153 2110 2410 2188 proprio
2474 2114 2643 2169 motu
2688 2125 2835 2170 sem·

245 2203 364 2267 por
403 2189 723 2252 deteriora
765 2188 891 2252 sibi
922 2189 1193 2270 eligere:
1240 2190 1386 2254 licet
1426 2190 1590 2252 enim
1635 2190 1760 2251 ltoec
1802 2191 2107 2268 posterior
2150 2191 2377 2270 agendi
2412 2194 2582 2251 ratio
2626 2188 2832 2250 videa·

254 2275 364 2332 tur
408 2270 771 2340 austerior,·
809 2270 988 2347 prior·
1031 2276 1236 2334 tamen
1275 2271 1422 2349 pius
1466 2272 1750 2333 continet
1778 2271 2270 2351 resipnationis;
2299 2288 2408 2350 per
2438 2269 2619 2331 iiiam
2663 2268 2836 2333 homo

249 2366 375 2411 non
418 2352 639 2429 qustui
682 2357 946 2427 tantum,
988 2352 1094 2412 sed
1155 2367 1266 2412 suo
1334 2368 1571 2430 quoque
1630 2348 1907 2414 arbitrio
1962 2355 2310 2415 renuntiat.
2356 2349 2632 2418 Accedit,
2678 2352 2837 2429 qaod

252 2427 366 2492 hoc
410 2430 920 2509 mortificationis
961 2446 1154 2509 ponus
1208 2433 1374 2494 omni
1414 2439 1563 2494 nota
1603 2431 1919 2493 vanitatis
1983 2431 2276 2506 immune,
2344 2447 2608 2510 prorsus
2654 2431 2830 2494 inno·

249 2526 460 2582 caum,
504 2517 567 2573 et
604 2511 747 2573 σέτω
787 2510 1011 2573 sociali
1050 2528 1348 2590 perquam
1390 2512 1752 2575 conveniens
1779 2518 1873 2574 est
1904 2510 2267 2589 (Philotaea,
2302 2529 2357 2590 p.
2398 2528 2498 2584 ιιι,
2542 2528 2593 2573 c.
2636 2510 2760 2591 23).
2793 2537 2816 2566 ι

252 2588 342 2653 lta
390 2589 601 2670 Scapt,
648 2591 930 2669 perbelle
974 2608 1150 2654 more
1195 2608 1306 2653 suo
1349 2591 1420 2672 ἐς
1464 2592 1582 2654 547
1619 2601 1691 2653 et
1732 2608 1902 2671 seqq.
1954 2591 2116 2654 Thoe.
2623 2649 2629 2674 1

330 2671 427 2733 Ad
478 2688 614 2734 rem
653 2674 803 2734 item
846 2669 1126 2734 salesius
1163 2671 1354 2750 (Lett.
1386 2674 1538 2750 mv),
1566 2673 1770 2751 quoad
1804 2673 2209 2737 infirmitates
2239 2687 2309 2733 ac
2340 2673 2625 2749 corporis
2661 2688 2830 2734 mor-

251 2749 398 2813 bos:
463 2778 484 2807 «
528 2752 662 2815 Non
712 2753 768 2813 vi
815 2753 850 2812 e
896 2752 1173 2831 pericolo
1217 2751 1445 2816 alcuno
1476 2757 1539 2815 in
1573 2753 1946 2816 desiderare
1980 2754 2019 2814 il
2056 2752 2346 2828 rimedio‚
2380 2753 2523 2813 anzi
2562 2750 2828 2829 bisogna

255 2831 800 2910 diligentemente
845 2832 1257 2910 procurarlo;
1303 2835 1531 2912 poiche
1579 2832 1757 2895 iddio
1791 2834 1907 2896 che
1952 2834 2011 2894 vi
2049 2833 2124 2895 ha
2163 2833 2311 2895 dato
2344 2832 2383 2894 il
2418 2830 2611 2905 male,
2645 2835 2679 2894 e
2711 2848 2830 2909 pur

260 2911 536 2975 l’autore
579 2912 681 2975 dei
729 2913 981 2974 rimedi.
1039 2912 1307 2992 Bisogna
1357 2913 1615 2992 dunque
1661 2913 2034 2993 applicarli3
2066 2929 2163 2976 ma
2195 2929 2311 2976 con
2347 2911 2469 2975 tale
2503 2927 2832 2991 rassegna·

262 2993 475 3067 zione,
512 2993 628 3056 clie
673 3010 739 3055 se
782 2990 906 3055 Sua
957 2993 1180 3056 Divina
1225 2995 1456 3057 Maesta
1501 2993 1695 3058 vuole
1738 2996 1857 3056 clie
1904 2993 1947 3056 il
1994 2995 2159 3056 male
2232 3010 2357 3056 non
2405 2994 2455 3054 si
2502 2991 2655 3053 lasci
2693 2995 2834 3055 vin·

262 3088 437 3148 cere,
473 3073 533 3135 vi
580 3075 962 3152 acquietiate
1006 3073 1064 3137 al
1109 3090 1222 3137 suo
1263 3074 1507 3150 volere;
1549 3091 1584 3137 e
1628 3091 1697 3138 se
1736 3073 1921 3138 vuele
1953 3074 2071 3136 che
2118 3075 2159 3135 il
2208 3073 2480 3136 rimedio
2515 3072 2720 3148 vinca,
2750 3087 2834 3137 ne

257 3152 638 3216 benedirete
687 3153 728 3215 il
774 3171 887 3217 suo
933 3153 1351 3231 beneplacito.
1397 3179 1419 3209 ο

361 3229 564 3294 848.
610 3231 974 3315 {ligores
1005 3240 1298 3296 eontra
1339 3254 1435 3296 se
1477 3230 1880 3314 culpandi
1906 3252 1929 3294 ε
1961 3244 2135 3297 certe
2168 3232 2515 3297 damnandi
2547 3241 2696 3295 sunt
2723 3232 2836 3310 qui

254 3315 570 3376 saevitiem
613 3317 678 3375 iu
725 3331 793 3376 se
837 3327 1163 3388 exercent,
1214 3325 1280 3378 ut
1322 3316 1400 3378 ab
1446 3315 1671 3378 officiis
1714 3313 2043 3378 solvantur
2088 3313 2188 3377 vel
2255 3331 2335 3376 ne
2379 3313 2829 3376 adscribantur

251 3393 526 3470 militiae,
574 3392 672 3458 vel
719 3396 1121 3458 ut‹mutilato
1165 3412 1432 3475 corpore
1499 3395 1841 3472 largiorem
1903 3397 2131 3475 stipem
2176 3395 2514 3472 accipiant,
2561 3401 2680 3454 etc.
2731 3394 2825 3454 An

253 3479 466 3537 autem
516 3477 872 3536 necessaria
920 3476 998 3538 ad
1043 3478 1195 3538 vitae
1261 3479 1818 3539 conservationem
1865 3477 2145 3539 remedia
2194 3476 2524 3553 negligere
2568 3473 2830 3536 dicendi

239 3547 390 3615 ‘sint
433 3557 538 3632 qui
583 3557 1037 3618 ostentationis
1080 3559 1283 3637 gratia
1344 3558 1566 3620 ultima
1621 3565 1697 3619 ac
1745 3557 2106 3635 periculosa
2152 3559 2476 3618 cacumina
2520 3564 2838 3615 montium

253 3644 561 3713 superant
606 3651 715 3712 per
763 3639 1099 3715 voragines
1154 3653 1227 3699 ac
1269 3638 1574 3716 glaciatos
1636 3634 1899 3716 abyssus
1945 3637 2424 3709 transilientes3
2488 3636 2594 3712 qui
2641 3635 2833 3694 nimis

255 3712 531 3778 fidenter
578 3715 640 3776 in
690 3716 844 3777 locis
887 3715 1282 3779 difficillimis
1326 3727 1392 3781 et
1432 3718 1653 3779 arduis
1723 3721 1848 3780 iter
1895 3717 2158 3792 faciunt,
2205 3725 2546 3789 venantur,
2589 3720 2833 3786 natant,

254 3791 488 3856 herbas
532 3795 862 3874 colligunt,
899 3797 1072 3875 ligna
1119 3796 1218 3858 vel
1265 3797 1526 3859 frondes
1557 3796 1842 3872 caedunt,
1876 3799 2141 3862 arbores
2181 3800 2418 3876 pertica
2457 3797 2835 3856 concutiunt

253 3882 460 3958 atque·
491 3875 834 3954 flagellant,
882 3886 1044 3941 tecta
1088 3877 1409 3950 reficiunt,
1458 3893 1583 3938 non
1626 3881 1707 3940 ita
1759 3878 1946 3942 facile
1982 3888 2082 3942 est
2111 3878 2422 3949 definire3
2454 3889 2605 3938 usus
2636 3874 2832 3946 enim,

257 3952 527 4030 indoleS‚
570 3957 815 4021 cautela
862 3974 933 4021 ac
975 3965 1181 4021 cetera
1221 3956 1599 4035 hujusmodi
1644 3958 1895 4021 efficere
1939 3967 2224 4037 possunt,
2256 3968 2324 4020 ut
2357 3971 2468 4034 pro
2504 3954 2655 4031 ipsis
2692 3952 2831 4012 nul-

255 4030 386 4098 lum
432 4038 782 4115 periculum
831 4041 930 4111 sit,
966 4045 1073 4100 aut
1119 4039 1376 4099 nonnisi
1452 4043 1785 4100 remotum.
1824 4036 1974 4101 Item
2022 4037 2361 4101 dicendum
2409 4035 2487 4096 de
2530 4049 2830 4095 excurso·

253 4114 454 4192 ribus,
501 4119 868 4180 areonautis
912 4133 981 4180 ac
1031 4117 1538 4189 circulatoribus
1583 4120 1689 4195 qui
1725 4121 1927 4180 miros
1951 4118 2151 4183 saltus
2179 4133 2251 4179 ac
2288 4112 2663 4177 difficillima
2697 4121 2830 4174 teu·

256 4199 492 4260 tamina
536 4209 751 4276 agunt.
799 4198 953 4260 Item
999 4207 1096 4261 est
1143 4210 1278 4260 tum
1336 4198 1418 4260 de
1466 4197 1599 4259 illis
1641 4200 1773 4276 qui,
1817 4197 2042 4260 validis
2086 4199 2295 4260 ventis
2340 4193 2835 4270 insufflantibus,

254 4280 435 4354 aquis
478 4295 549 4340 se
592 4280 999 4341 committunt
1044 4279 1377 4341 audacter:
1425 4288 1556 4341 tum
1595 4277 1674 4340 de
1722 4277 1874 4344 illis.
1910 4282 2014 4356 qui
2063 4279 2349 4357 ingentia
2380 4274 2665 4356 pondera
2695 4289 2830 4336 sus·

255 4361 521 4435 tentant,
584 4370 771 4438 atque
830 4360 1115 4423 humeris
1172 4358 1428 4433 ferunt3
1477 4367 1607 4422 tum
1656 4357 1735 4420 de
1782 4357 1911 4419 illis
1952 4360 2076 4438 iqui
2117 4356 2358 4421 caulam
2407 4356 2685 4418 ferarum
2731 4358 2829 4415 in·

253 4440 478 4515 gressi,
523 4439 793 4502 fidenter
821 4456 965 4504 cum
1012 4440 1140 4506 illis
1165 4439 1464 4518 ,iocantur
1501 4457 1518 4513 ;
1553 4448 1684 4501 tum
1719 4438 1799 4501 de
1831 4437 1958 4500 illis
1994 4441 2100 4517 qui
2136 4439 2408 4516 desuper
2442 4447 2622 4499 tenso
2656 4434 2829 4508 fune,

254 4513 334 4576 de
425 4519 722 4583 innaculo
768 4521 846 4583 ad
894 4522 1208 4595 infimum,
1250 4520 1329 4586 de
1376 4521 1595 4581 infimo
1657 4521 1732 4584 ad
1779 4535 2093 4582 summum
2138 4518 2488 4591 ambulant,
2516 4527 2635 4579 etc.
2667 4514 2830 4589 Quid

256 4599 363 4675 qui
451 4603 555 4677 sit,
602 4603 836 4665 acriter
880 4618 1034 4666 sane
1078 4611 1229 4665 sunt
1273 4601 1706 4680 exprobrandi
1788 4602 2110 4662 temerarii
2175 4599 2268 4661 illi
2333 4615 2541 4674 εοεαε,
2586 4613 2659 4660 ac
2725 4595 2833 4657 illa
