3292 5167
1308 236 1387 281 nr.
1434 234 1882 284 commortuos
2753 216 2882 283 303

272 328 368 409 ad
417 338 741 411 creditum
789 337 1132 425 liquidum,
1184 343 1439 417 certum
1510 343 1576 409 et
1622 343 1862 422 tutum,
1899 338 2057 424 quin
2101 337 2268 407 adsit
2305 338 2655 429 difficultas
2689 339 2761 409 in
2801 358 2881 409 eo

277 448 649 539 exigendo,
700 448 859 516 tanti
910 446 1081 514 valet
1128 446 1355 530 quanti
1407 445 1549 532 ipsa
1601 446 1880 531 pecunia
1928 445 2169 515 debita.
2223 449 2524 519 Attamen
2575 448 2681 516 alii
2737 449 2907 534 plu-·

276 555 437 627 rimi
488 574 641 624 cum
688 553 1024 637 Anaclet0‚
1073 551 1494 634 Bellarmino‚
1548 553 1882 640 cajetano,
1921 554 2253 639 Tournely
2310 562 2374 623 et
2414 556 2707 627 Sanchez
2750 576 2883 627 non

272 661 811 748 improbabiliter
841 662 1068 728 volunt
1100 659 1297 727 etiam
1333 657 1579 751 credita
1606 665 1748 727 tuta
1774 660 1902 728 emi
1932 678 2130 747 posse
2161 662 2376 746 pretio
2409 662 2645 730 minori
2686 680 2885 749 quam

270 769 526 852 infim0,
578 769 731 856 quia
779 788 912 838 nou
954 768 1196 837 emitur
1244 767 1542 853 pecunia,
1592 767 1711 836 sed
1745 768 1917 837 actio
1954 768 2035 834 ad
2091 769 2299 837 illam:
2349 787 2556 854 porro
2610 789 2692 839 ex
2732 771 2884 857 J'ure

272 878 489 944 minias
534 889 621 943 est
666 876 884 944 habere
928 875 1233 942 actionem
1277 892 1470 958 quam
1515 893 1668 943 rem.
1722 877 1967 942 Revera
2001 876 2145 943 haec
2181 874 2425 943 credita
2465 877 2884 945 aestimantur

278 984 558 1053 minoris
606 1001 641 1050 a
689 981 1217 1069 negotiatoribus
1266 981 1331 1048 in
1383 983 1717 1050 communi
1772 982 1994 1068 praxi3
2077 981 2225 1051 ideo
2297 983 2525 1069 magiS,
2579 984 2732 1070 quia
2776 986 2882 1053 vix

278 1108 576 1177 unquam
624 1091 829 1159 libera
868 1096 1026 1157 sunt
1075 1107 1109 1154 a
1158 1088 1485 1156 molestiis
1528 1095 1594 1155 et
1645 1087 2109 1157 incommodis.

369 1200 451 1267 At
499 1199 555 1266 si
606 1197 854 1266 credita
902 1203 1059 1265 sunt
1095 1196 1344 1263 incerta
1379 1194 1479 1263 vel
1517 1195 1802 1279 litigiosa
1843 1196 2133 1264 fatentur
2161 1215 2397 1266 omnes
2440 1197 2717 1267 minoris
2752 1198 2880 1266 emi

282 1324 501 1392 posse,
553 1305 775 1373 habita
825 1303 1079 1371 ratione
1128 1296 1426 1389 periculi,
1476 1302 1741 1385 laboriS‚
1791 1301 2219 1384 difficultatis,
2257 1310 2402 1386 etc„
2456 1322 2605 1392 quae
2657 1303 2881 1373 omnia

279 1420 435 1480 sunt
480 1412 699 1499 pretio
751 1410 1185 1481 aestimabilia.
1234 1412 1331 1477 Ex
1381 1410 1522 1494 lege
1571 1415 1793 1477 autem
1846 1410 2017 1489 civili
2071 1410 2318 1479 credita
2368 1419 2762 1496 reputantur
2795 1413 2873 1480 li-

288 1518 526 1605 tigiosa
579 1516 840 1605 quando
884 1517 1018 1604 jam
1069 1515 1148 1584 de
1199 1515 1328 1583 illis
1378 1515 1563 1583 adest
1603 1514 1937 1602 judicialis
1972 1517 2395 1586 contestatio,
2430 1521 2627 1587 Facta
2660 1526 2880 1587 autem

285 1626 591 1697 cessione
627 1624 776 1694 talis
810 1623 1063 1705 crediti,
1106 1623 1369 1693 debitor
1405 1630 1625 1709 potest
1652 1642 1725 1692 se
1752 1624 2031 1693 liberare
2070 1625 2384 1693 solvendo
2418 1626 2699 1711 emptori
2735 1628 2896 1713 pre-‘

283 1734 445 1803 tium
501 1735 583 1802 ab
634 1731 874 1802 eodem
923 1739 1226 1817 emptore
1276 1731 1571 1799 solutum
1621 1749 1773 1798 cum
1824 1733 2132 1819 expensis
2182 1739 2246 1801 et
2298 1734 2517 1801 usuris
2553 1740 2600 1800 ¹.
2636 1733 2881 1819 Excipe

285 1859 361 1910 ex
400 1842 589 1928 jure:
640 1841 703 1928 1)
748 1861 812 1907 sc
861 1840 925 1906 la
969 1840 1241 1909 cessione
1281 1839 1356 1924 su
1398 1839 1563 1924 satta
1607 1839 1693 1906 ad
1735 1860 1823 1907 un
1855 1841 2104 1909 coerede
2133 1862 2168 1908 o
2202 1841 2754 1928 comproprietario
2787 1842 2883 1909 del

282 1950 490 2017 diritto
537 1949 751 2016 cedato
767 1972 794 2027 ;
840 1946 909 2032 2)
957 1967 1020 2014 se
1063 1947 1137 2032 fu
1177 1947 1342 2032 satta
1385 1945 1472 2012 ad
1514 1964 1602 2012 un
1657 1946 1964 2014 creditore
2008 1949 2077 2014 in
2117 1960 2492 2036 paqamento
2539 1948 2604 2015 di
2651 1959 2881 2033 quanto

282 2058 373 2144 qli
416 2058 449 2124 e
495 2056 718 2123 dovuto
736 2080 762 2135 ,·
809 2054 876 2140 3)
924 2073 988 2120 se
1031 2054 1105 2139 fu
1147 2053 1310 2138 satta
1356 2053 1422 2119 al
1458 2072 1811 2143 possessore
1857 2054 1953 2122 del
1995 2055 2185 2142 fondo
2239 2067 2512 2140 squetto
2559 2057 2626 2123 al
2671 2056 2880 2123 diritto

296 2162 558 2253 litiqt‘oso
608 2162 753 2244 (art.
806 2160 1009 2242 1548)
1055 2157 1108 2228 ².
2813 2196 2816 2203 ·

367 2272 562 2338 412.
613 2271 687 2349 Q.
736 2269 797 2335 3.
845 2269 945 2334 An
990 2267 1114 2349 ille,
1164 2265 1267 2333 cui
1310 2286 1412 2332 res
1456 2286 1497 2332 a
1544 2265 1793 2334 domi-no
1824 2268 2101 2335 traditur
2131 2269 2453 2337 vendenda
2475 2272 2682 2357 pretio
2725 2268 2881 2336 desi-

284 2388 471 2462 quoto
511 2376 713 2462 possit
752 2375 870 2442 sibi
913 2374 1177 2440 retinere
1222 2393 1558 2456 excessum,
1606 2393 1787 2460 quem
1829 2376 1989 2461 sorte
2032 2377 2354 2444 traxerit?

371 2485 441 2551 R.
494 2486 619 2551 Res
659 2480 998 2550 vendenda
1046 2499 1082 2547 a
1130 2480 1401 2548 domino
1458 2480 1696 2548 tradita
1760 2488 1859 2550 est
1910 2484 2011 2552 vel
2061 2502 2183 2551 suo
2231 2483 2475 2552 famulo
2524 2482 2619 2551 vel
2669 2482 2878 2551 amico

284 2590 380 2658 vel
428 2598 812 2677 proxenetae
864 2589 1089 2675 (vulgo
1126 2589 1390 2672 sensate,
1428 2590 2024 2675 commissionario),
2059 2592 2172 2678 qui
2207 2611 2241 2660 a
2298 2590 2633 2678 republica
2669 2589 2877 2675 depu-

287 2705 459 2766 tatur
507 2697 592 2765 ad
638 2698 918 2766 aliorum
995 2697 1259 2785 negotia
1334 2697 1617 2783 gerenda
1688 2698 2019 2785 stipendio
2069 2717 2101 2767 a
2152 2699 2456 2785 partibus
2506 2695 2877 2767 tribuendo.

281 2803 350 2873 Si
398 2810 633 2891 agatur
679 2803 759 2871 de
803 2804 1067 2890 famule,
1117 2810 1377 2873 certum
1426 2810 1528 2872 est
1575 2803 1859 2873 eundem
1910 2823 2041 2873 non
2092 2824 2292 2891 posse
2351 2823 2699 2887 excessum
2746 2803 2877 2874 sibi

292 2911 615 2992 retinere;
664 2910 815 2996 quia
863 2910 1146 2978 ramulus
1182 2910 1318 2996 jam
1352 2916 1618 2978 tenetur
1652 2910 1911 2979 domini
1947 2913 2048 2981 sui
2086 2914 2347 2999 negotia
2387 2912 2635 2982 utiliter
2668 2930 2878 2998 agere,
2989 2992 2996 3001 ¹

294 3023 359 3085 et
402 3017 657 3086 bunum
706 3033 1063 3103 procurare
1112 3017 1368 3086 ratione
1433 3015 1743 3105 stipendii
1821 3020 2041 3088 annui.
2116 3022 2278 3088 Item
2329 3028 2429 3088 est
2476 3018 2558 3089 de
2607 3020 2717 3087 illo
2767 3018 2879 3104 qui

298 3123 427 3211 agit
470 3122 564 3190 uti
613 3123 853 3191 amicus
866 3148 892 3202 ;
938 3141 1016 3191 ex
1066 3123 1191 3191 hoc
1240 3123 1413 3192 enim
1464 3131 1775 3195 censetur
1823 3126 2240 3194 renuntiasse
2278 3126 2588 3195 mercedi.
2623 3127 2688 3194 Si
2727 3145 2878 3195 vero

292 3247 514 3299 sermo
543 3230 629 3298 sit
672 3228 752 3300 de
783 3244 1137 3317 promeneta
1161 3230 1429 3316 speciali
1461 3218 1698 3299 salario
1727 3231 2079 3317 conducto,
2106 3251 2254 3301 vera
2287 3234 2610 3302 sententia
2641 3234 2880 3302 iterum

290 3345 498 3424 negat,
549 3336 702 3423 quia
750 3335 945 3405 debet
994 3355 1139 3406 esse
1189 3336 1301 3404 illo
1350 3337 1587 3406 salario
1622 3344 2014 3422 contentus;
2073 3339 2428 3426 assignatio
2481 3348 2699 3408 autem
2736 3358 2881 3426 pre-

293 3443 360 3511 tii
409 3445 577 3512 facta
626 3462 660 3511 a
711 3441 980 3512 domino
1028 3444 1471 3512 communiter
1519 3444 1930 3530 intelligitur,
1984 3462 2065 3512 ne
2136 3446 2300 3514 infra
2369 3447 2655 3533 pretium
2717 3445 2880 3513 illud

296 3551 581 3621 venditio
629 3558 967 3638 sequatur,
1020 3570 1149 3619 non
1198 3558 1418 3619 autem
1469 3570 1549 3619 ne
1598 3570 1834 3639 supra3
1883 3552 2168 3642 ideoque
2231 3573 2544 3624 excessus
2594 3555 2879 3641 pertinet

287 3674 551 3745 semper
598 3656 679 3725 ad
725 3656 818 3729 rei
870 3656 1231 3724 dominum.
1281 3657 1637 3744 Excipiunt
1686 3666 1902 3727 tamen
1955 3661 2428 3730 communiter:

466 3766 530 3853 1)
581 3765 647 3833 Si
699 3783 806 3833 res
855 3783 975 3853 per
1021 3773 1402 3851 proxenetae
1456 3764 1842 3835 industriam
1897 3786 2026 3837 non
2065 3769 2354 3836 debitam
2395 3767 2690 3835 melioris
2725 3783 2879 3833 con-

285 3870 552 3942 ditionis
602 3873 825 3955 evasit,
862 3879 928 3940 et
966 3871 1052 3940 ob
1104 3871 1169 3939 id
1218 3873 1424 3959 pluris
1474 3873 1663 3942 vendi
1717 3881 1954 3962 queat3
2004 3878 2073 3963 2)
2125 3876 2177 3944 si
2230 3892 2615 3963 expressum
2650 3873 2881 3942 velta-

288 3977 490 4053 citum
537 3986 805 4067 pactum
853 3996 1004 4051 cum
1052 3977 1320 4047 domino
1396 3980 1848 4049 intercesserit
1866 4008 1885 4064 3
1957 3982 2084 4051 hoc
2135 3989 2360 4050 tamen
2439 4000 2571 4049 non
2628 3997 2880 4065 praesu-

340 4247 361 4287 ¹
399 4265 419 4290 ι
456 4248 558 4297 Per
586 4248 835 4308 esempto:
871 4247 1016 4297 Tizio
1049 4247 1299 4310 competo
1334 4248 1370 4298 ll
1393 4247 1593 4300 credito
1614 4248 1845 4311 litigioso
1863 4247 1915 4299 dl
1938 4246 2036 4300 lire
2065 4250 2217 4308 8,000
2237 4260 2330 4311 per
2354 4249 2501 4308 2000
2516 4247 2613 4300 che
2633 4248 2704 4299 ha
2724 4260 2878 4299 verso

277 4308 452 4363 Cat-lo.
502 4309 543 4358 11
593 4307 832 4360 debitore
879 4308 1089 4361 Andrea
1138 4308 1243 4372 puo
1294 4308 1422 4363 tarsi
1470 4310 1698 4365 liberare
1742 4310 1812 4362 da
1861 4309 2016 4362 carlo
2054 4310 2380 4363 cessionario
2430 4310 2513 4361 col
2548 4311 2779 4374 pagarglt
2826 4311 2877 4363 le

282 4370 375 4424 lire
404 4372 571 4432 2000,
606 4369 658 4420 le
688 4381 845 4435 spese
877 4382 907 4423 e
932 4369 1007 4437 ‚gli
1041 4372 1301 4423 interessi.
1346 4392 1365 4417 ι
2031 4430 2040 4441 ,
2195 4412 2200 4417 .
2861 4392 2864 4393 ν

337 4433 363 4475 ²
398 4452 418 4479 ι
457 4434 558 4484 Per
588 4436 844 4499 esempto:
879 4433 936 4485 10
966 4433 1036 4485 ho
1071 4433 1377 4487 l’usutrutto
1409 4434 1577 4486 d’una
1610 4445 1755 4497 casa,
1789 4448 1817 4488 e
1877 4432 2033 4486 carlo
2065 4434 2117 4486 la
2153 4446 2247 4498 pro
2288 4434 2435 4487 rieta.
2471 4436 2549 4487 Un
2585 4435 2724 4487 terzo
2767 4445 2877 4497 pro·

279 4495 433 4548 tende
466 4495 739 4548 d'esserne
772 4493 807 4545 il
879 4495 1205 4568 roprietario
1227 4497 1496 4559 assoluto;
1532 4495 1593 4547 ed
1629 4496 1684 4547 io
1719 4508 1812 4559 per
1842 4499 2205 4550 conservarmi
2239 4497 2255 4548 i
2308 4497 2489 4550 dirilto
2515 4496 2567 4548 di
2606 4498 2875 4550 usufrutto

278 4559 524 4623 acquisto
554 4558 591 4608 il
623 4555 804 4609 diritto
856 4557 1064 4620 ttigioso
1111 4558 1163 4609 di
1203 4571 1298 4622 pro
1339 4560 1471 4612 rieta
1501 4558 1599 4610 cbe
1629 4560 1753 4627 quel
1787 4563 1929 4611 terzo
1966 4559 2228 4624 pretende.
2283 4559 2439 4613 carlo
2481 4571 2590 4612 non
2624 4558 2876 4624 potrebbe

316 4618 593 4694 tetendero
622 4618 676 4670 dl
711 4620 970 4673 versarmi
1004 4620 1042 4673 il
1073 4632 1258 4686 prezzo
1326 4620 1428 4675 ella
1459 4621 1720 4685 cessione,
1770 4633 1802 4674 e
1832 4620 1950 4674 cosi
1980 4635 2108 4676 aver
2158 4624 2194 4675 il
2240 4622 2418 4677 diritto
2480 4623 2710 4687 litigioso
2744 4621 2875 4675 tolto

319 4696 336 4734 1
369 4693 570 4735 mezzo.
604 4700 625 4726 ι
2517 4729 2521 4735 ,
