3292 5167
490 257 617 321 544
1153 275 1271 323 ιιυ.
1321 273 1387 323 n.
1437 277 1652 324 macr.
1699 274 1804 323 vn.
1852 239 2006 326 nlsi‘.
2054 274 2120 324 11.
2166 278 2429 324 Arriano.

577 378 645 441 ln
691 378 1040 442 veracitate
1087 378 1401 442 naturalis
1448 381 1749 442 honestas
1795 380 1988 456 inest,
2028 379 2120 443 uti
2160 377 2478 443 naturalis
2525 376 2855 459 turpitudo
2896 376 3100 439 estin

490 458 860 521 mendacio:
907 456 1105 522 Verba
1147 466 1302 523 sunt
1341 460 1665 535 instituta,
1707 460 1796 523 ait
1838 461 2253 539 AugustinuS,
2295 477 2422 523 non
2457 476 2575 542 per
2616 473 2751 539 quw
2787 475 2855 521 se
2895 456 3097 520 heini-

489 555 593 601 nes
640 540 901 602 invicem
942 539 1206 619 fallant,
1253 539 1358 603 sed
1398 557 1510 619 per
1551 557 1685 619 quoe
1725 541 1793 603 in
1834 540 2102 603 alterius
2162 541 2424 620 quisque
2487 539 2783 604 notitiam
2847 539 3097 619 copita-

493 619 685 682 tienes
729 637 878 681 suas
919 620 1254 699 proferam
1295 620 1501 684 verbis
1564 623 1765 700 iqitur
1826 622 1925 684 uti
1986 622 2070 683 ad
2128 620 2468 700 fallaciam
2527 630 2857 701 peccatum
2921 626 3017 681 est
3047 619 3104 684 ¹.

402 720 412 730 ¹
490 699 707 763 Adde:
754 699 830 762 ad
879 709 1163 763 mutuam
1211 701 1381 763 inter
1426 702 1722 763 homines
1764 701 2130 764 societatem
2176 703 2492 765 veracitas
2537 717 2803 782 prorsus
2843 707 2944 762 est
2976 716 3096 761 ne·

491 783 801 856 cessaria3
846 782 1118 843 societas
1161 782 1332 842 enim
1379 782 1734 844 consistere
1777 784 2033 861 nequit,
2077 783 2197 844 nisi
2247 783 2542 844 homines
2606 782 2731 845 sibi
2800 781 3098 843 invicem

491 862 777 923 credant.
814 860 1022 933 Quare
1065 862 1434 940 Apostolus:
1478 862 1847 939 deponentes
1906 862 2296 925 mendacium
2371 863 2699 941 loquimini
2758 861 3099 924 ceritatem

491 942 926 1020 unusquisque
963 943 1252 1020 proximo
1293 940 1477 1003 su02.
1523 942 1670 1003 Haec
1730 945 1922 1005 etiam
1969 960 2085 1006 nos
2129 942 2375 1006 similes
2442 944 2570 1007 Deo
2634 940 2887 1007 reddit:
2947 959 3099 1004 nam

489 1023 883 1102 principium
924 1020 1250 1084 verborum
1296 1028 1546 1084 tuorum
1588 1021 1826 1084 veritas
1888 1022 1937 1084 ⁸.
2256 1089 2261 1096 ,

570 1100 765 1163 285.
808 1102 1151 1165 voracitati
1201 1106 1545 1181 opponitur
1590 1102 2034 1180 mendacium,
2078 1102 2245 1183 quod
2291 1102 2653 1165 definitur:
2695 1099 2925 1164 locutio
2985 1100 3099 1163 vel

492 1183 874 1264 siqnificatio
916 1191 1140 1247 contra
1173 1189 1432 1245 mentem
1456 1181 1502 1244 ⁴.
1535 1183 1826 1245 Pertinet
1866 1183 1945 1245 ad
1989 1184 2130 1262 eius
2177 1191 2505 1262 naturam,
2548 1192 2619 1246 ut
2658 1186 2764 1262 qni
2815 1181 3099 1244 menda’-

495 1263 664 1324 cium
709 1262 974 1342 profert.
1015 1262 1190 1326 aliud
1237 1264 1520 1326 clausum
1568 1266 1633 1325 in
1684 1271 1937 1341 pectore
1982 1274 2242 1341 teneat,
2285 1264 2460 1352 aliud
2506 1265 2792 1327 exterius
2862 1262 3095 1326 verbis

495 1342 596 1404 vel
642 1343 842 1422 signis
887 1345 1222 1423 exprimat.
1267 1341 1386 1404 Sed
1436 1358 1563 1406 non
1609 1345 1967 1424 requiritur
2022 1345 2216 1407 etiam
2265 1346 2516 1407 animus
2563 1342 2878 1414 fallendi:
2926 1359 3096 1405 men·

496 1424 613 1485 tiri
654 1426 827 1485 enim
870 1423 1108 1486 dictum
1154 1431 1250 1486 est
1294 1426 1472 1502 quasi
1508 1440 1585 1485 ex
1620 1427 1818 1487 verbo
1853 1425 2079 1488 contra
2113 1433 2380 1488 mentem
2408 1426 2518 1486 ire.
2557 1424 2846 1487 Diximus
2922 1421 3098 1485 locu·

496 1504 581 1564 tio
626 1503 726 1566 vel
768 1503 1190 1583 significatio,
1235 1512 1305 1567 ut
1350 1505 1710 1567 indicemus
1752 1506 2162 1568 mendacium
2208 1508 2440 1568 confici
2481 1516 2607 1568 tam
2659 1522 2815 1580 ore,
2861 1519 3103 1582 nempe

494 1583 727 1659 verbm,
774 1586 1029 1664 scriptis
1071 1594 1136 1646 et
1171 1585 1473 1660 nutibus;
1516 1600 1706 1664 quam
1751 1584 1959 1661 facto,
2002 1603 2115 1650 seu
2159 1587 2597 1650 simulatione:
2642 1585 2733 1648 sic
2777 1587 3105 1647 mentitur

495 1663 663 1728 facto
708 1666 841 1744 qui,
882 1681 1024 1727 cum
1071 1666 1325 1727 mortali
1371 1665 1519 1727 odio
1566 1667 1840 1728 interius
1885 1667 2260 1730 exardescat
2305 1677 2525 1728 contra
2587 1662 2906 1746 aliquem,
2949 1679 3103 1728 eum

495 1756 708 1807 tamen
755 1747 1038 1809 exterius
1081 1747 1294 1807 verbis
1338 1748 1637 1807 amicitiae
1681 1746 1889 1809 adbuc
1936 1751 2359 1827 prosequitur.
2407 1746 2497 1809 Ad
2564 1746 3048 1809 simulationem
3082 1791 3104 1821 ,

496 1842 609 1889 seu
651 1825 731 1887 ad
774 1826 1178 1889 mendacium
1225 1827 1372 1890 sacti
1419 1827 1750 1905 pertinent
1781 1827 2141 1905 jactantia,
2188 1826 2559 1907 hypocrisis,
2600 1826 2888 1889 adulatio
2914 1873 2929 1898 ,
2976 1836 3100 1888 etc.

576 1905 885 1969 Omnibus
933 1916 1076 1968 nota
1122 1916 1218 1969 est
1259 1907 1577 1968 mendacii
1634 1906 1914 1970 divisio:
1960 1909 2024 1969 in
2061 1907 2367 1985 jocosum,
2410 1908 2579 1989 quod
2649 1915 2947 1987 patratur
3018 1906 3101 1968 ob

497 1996 777 2049 nostram
826 1985 926 2047 vel
971 1985 1242 2049 aliorum
1287 1984 1606 2063 solatium,
1654 1989 1720 2049 in
1763 1988 2097 2068 officiosum
2140 1989 2306 2067 quod
2354 1998 2645 2069 patratur
2676 1987 2756 2049 ob
2805 1995 3104 2048 nostram

497 2066 599 2128 vel
646 2066 919 2128 aliorum
959 2066 1340 2141 utilitatem3
1388 2069 1451 2129 in
1495 2068 1942 2146 perniciosum,
1987 2069 2156 2148 quod
2210 2080 2501 2149 patratur
2546 2071 2610 2131 in
2659 2067 2976 2146 injustam
3011 2065 3101 2129 al-

501 2151 700 2212 terius
745 2146 1338 2210 damnificationem
1365 2147 1412 2208 ὅ.

576 2226 778 2288 786.
823 2226 887 2300 Q.
932 2228 987 2288 4.
1032 2228 1131 2290 An
1175 2246 1346 2290 omne
1387 2228 1775 2290 mendacium
1816 2229 1908 2292 sit
1943 2233 2327 2308 peccatum?

577 2307 646 2371 R.
698 2307 1065 2370 Docuerunt
1106 2325 1185 2371 ex
1228 2306 1466 2371 Groecis
1516 2308 1832 2386 nonnulli,
1877 2311 1967 2372 uti
2014 2309 2351 2389 Origenes,
2390 2307 2750 2384 CassianuS‚
2790 2306 3085 2370 Theodo-

500 2398 695 2465 retuS,
738 2404 877 2451 esse
926 2388 1027 2450 lici
1063 2404 1169 2451 um
1212 2389 1619 2452 mendacium
1659 2389 1738 2451 ob
1784 2398 2121 2469 urgentem
2156 2392 2620 2453 necessitatem.
2665 2387 2788 2450 Sed
2830 2389 2937 2449 hic
2970 2402 3096 2448 ma·

499 2471 669 2532 xime
714 2470 986 2530 veniunt
1079 2469 1559 2546 riscillianistae‚
1606 2487 1803 2548 penes
1852 2483 2012 2550 quos
2055 2472 2310 2534 celebre
2357 2481 2499 2533 erat
2544 2471 2663 2532 boc
2705 2467 2975 2531 effatum
3013 2467 3089 2529 ad

501 2566 677 2613 suam
727 2549 1169 2612 occultandam
1219 2550 1545 2613 baeresim:
1581 2551 1765 2628 jnra,
1790 2567 2081 2630 perjura,
2114 2560 2423 2614 secretum
2447 2550 2711 2630 prodere
2744 2549 2898 2611 noli.
2937 2548 3096 2610 Con·

508 2642 601 2694 tra
637 2646 794 2770 qusss
830 2644 1060 2772 {mnes
1106 2629 1400 2708 dicimus,
1444 2630 1849 2694 mendacium
1896 2634 1959 2692 in
2007 2634 2179 2694 omni
2231 2647 2381 2694 casu
2426 2647 2540 2712 per
2584 2647 2650 2692 se
2693 2646 2834 2692 esse
2874 2644 3096 2708 pecca-

507 2723 658 2775 tum.
756 2727 825 2772 ro
874 2719 1051 2773 atur:
2063 2736 2072 2746 ·

666 2793 717 2853 1.
767 2788 1151 2869 Scripturis:
1196 2788 1452 2854 verbum
1492 2790 1762 2853 mendam
1809 2792 2035 2870 jis-stus
2089 2788 2547 2855 detestabitur:
2611 2805 2784 2852 omne
2849 2790 3099 2851 menda·

502 2873 669 2935 cium
714 2888 794 2933 ecc
842 2872 1108 2934 veritate
1148 2889 1272 2934 non
1315 2878 1450 2932 est:
1493 2871 1881 2934 mendacium
1923 2870 2167 2953 fugies.-
2212 2873 2427 2951 perdes
2462 2887 2666 2933 omnes
2700 2872 2810 2950 qui
2839 2871 3100 2950 loquun-

507 2961 616 3015 tur
659 2952 1052 3014 mendacium
1078 2950 1126 3011 ⁶.
1176 2953 1357 3030 Atqui
1406 2967 1594 3013 omne
1640 2950 1799 3014 illud
1846 2953 2014 3033 quod
2074 2952 2284 3031 justus
2349 2951 2539 3016 debet
2604 2950 2826 3030 fugere
2856 3000 2872 3027 ‚
2925 2950 3097 3013 dete·

505 3034 702 3108 stari,
747 3031 915 3111 quod
967 3049 1094 3094 non
1140 3041 1239 3094 est
1281 3048 1356 3095 ex
1406 3034 1698 3108 veritate,
1741 3042 1882 3109 etc,
1925 3044 2254 3113 peccatum
2321 3042 2454 3108 est;
2516 3047 2658 3095 cum
2723 3048 2804 3093 ex
2869 3039 3099 3094 natura

508 3129 617 3177 sua
668 3113 1048 3176 adversetur
1092 3110 1244 3186 Deo,
1292 3115 1399 3191 qui
1444 3121 1540 3174 est
1583 3128 1826 3175 summa
1873 3115 2129 3177 veritas.

662 3193 718 3256 2.
789 3192 1114 3256 Patribus:
1154 3192 1388 3255 clamat
1430 3191 1488 3254 d.
1534 3192 1939 3256 Ambrosius:
1990 3192 2070 3257 Os
2118 3194 2293 3272 Justi
2330 3192 2721 3254 mendacium
2781 3192 3027 3253 nescire
3049 3186 3098 3251 ⁷.

503 3273 582 3336 Et
628 3291 677 3336 s.
720 3267 1027 3336 Thomas:
1071 3290 1195 3335 non
1238 3280 1335 3336 est
1379 3272 1626 3335 licitum
1669 3275 2063 3338 mendacium
2104 3276 2309 3337 dicere
2350 3274 2432 3335 ad
2473 3272 2604 3349 hoc,
2646 3271 2809 3414 quod
2856 3271 3097 3351 aliquis

505 3354 704 3416 alium
747 3371 786 3415 a
831 3370 1193 3432 quocunque
1250 3354 1534 3432 periculo
1582 3352 1809 3419 liberet
1833 3353 1878 3416 8.
1924 3355 2129 3429 Quare
2183 3354 2545 3416 Alexander
2591 3351 2642 3415 ll
2715 3360 2940 3432 aperte
3002 3350 3104 3413 do·

504 3435 638 3496 cuit
680 3449 870 3495 omne
917 3435 1322 3497 mendacium
1377 3434 1711 3510 prohiberi
1756 3437 1949 3498 etiam
1994 3435 2072 3496 ad
2119 3442 2315 3497 vitam
2346 3434 2614 3498 alterius
2646 3431 3023 3496 salvandam
3047 3428 3095 3491 9.

662 3513 716 3578 3.
763 3512 1065 3590 Ratione;
1108 3517 1160 3577 si
1225 3519 1401 3577 enim
1470 3515 1661 3577 bomo
1720 3518 1786 3576 in
1830 3530 1980 3579 casu
2023 3516 2237 3596 aliquo
2295 3516 2553 3577 mentiri
2614 3513 2791 3577 licite
2856 3520 3089 3593 posset,

506 3593 678 3656 Deus
703 3594 1030 3664 diceretur
1061 3593 1469 3658 mendacium
1507 3593 1669 3657 illud
1708 3596 2095 3675 approbare:
2129 3599 2256 3657 imo
2302 3596 2365 3656 iii
2422 3595 2532 3657 tali
2565 3609 2713 3657 casu
2750 3594 2919 3656 Deus
2958 3595 3092 3671 ipse

505 3682 718 3754 posset
762 3676 1058 3751 mentiri;
1102 3675 1278 3754 atqui
1321 3677 1455 3738 liaec
1499 3674 1626 3739 duo
1672 3684 2068 3756 repugnant:
2124 3677 2366 3739 veritas
2416 3676 2601 3739 enim
2646 3683 2745 3737 est
2792 3675 3101 3737 essentia·

564 3917 586 3958 ¹
620 3918 805 3978 Eucti„
840 3928 885 3969 c.
919 3927 1048 3990 xqtii.
1421 3917 1448 3959 ²
1473 3918 1608 3981 pr.
1642 3929 1715 3970 iv.
2090 3919 2113 3959 ⁸
2147 3919 2233 3969 Pe.
2270 3929 2464 3979 cxviii3
2501 3917 2668 3980 Stapt,
2704 3917 2730 3979 ς
2760 3916 2873 3968 369.

569 3979 592 4020 ⁴
628 3984 698 4032 De
730 3979 1010 4032 mendacio
1044 3979 1252 4041 prolato
1285 3980 1341 4031 in
1380 3979 1728 4033 confessione
1759 3981 1859 4032 erit
1885 3981 1941 4033 ln
1975 3983 2126 4033 tract.
2161 3983 2230 4032 De
2263 3982 2620 4038 Poenitentim
2652 3979 2718 4029 de
2743 3977 3104 4030 locutionibus

505 4044 988 4157 veffs’Gae‘lmVchsst’
1012 4041 1128 4154 tjain
1164 4046 1340 4155 agilum
1378 4044 1461 4094 est
1493 4044 1548 4154 ig
1581 4045 1732 4095 tract.
1764 4044 1867 4155 elika
1884 4044 2009 4156 Viti-it.
2043 4041 2335 4104 Immonis,
2369 4042 2461 4093 ubi
2495 4041 2560 4092 de
2587 4042 2832 4155 ξυιέἑῐιθι]
2845 4043 2917 4090 to.

506 4111 1174 4228 ..tassice
1229 4102 3108 4231 001:...a:cta:⁵:.a⁰:,a.za²:w..atss:aaa

506 4230 750 4292 diripitur
781 4229 891 4292 (lib.
930 4231 1003 4279 De
1022 4231 1139 4292 jur,
1175 4204 1289 4281 bell.
1325 4237 1374 4284 et
1401 4235 1538 4303 pact.
1576 4232 1623 4289 3,
1666 4242 1715 4283 c.
1757 4232 1803 4290 l,
1843 4232 1868 4294 5
1900 4232 2010 4293 tin
2045 4231 2096 4282 et
2129 4230 2248 4305 ideo
2272 4225 2532 4280 dicitesse
2548 4227 2753 4301 licitum
2771 4228 3110 4299 quotiescun·

507 4303 611 4355 que
645 4291 716 4343 sit
747 4294 874 4345 utile
905 4292 973 4351 ei,
1011 4291 1080 4342 ad
1114 4303 1273 4354 quein
1312 4293 1570 4355 dirigitur,
1605 4303 1654 4340 v.
1687 4305 1757 4356 g„
1791 4293 2013 4356 quando
2046 4289 2288 4355 dirigitur
2319 4303 2350 4342 a
2384 4301 2659 4354 superiore
2691 4288 3106 4361 rid-interiorem,

508 4354 725 4415 quando
758 4354 1021 4418 profertur
1053 4355 1120 4404 ad
1156 4354 1474 4407 salvandum
1507 4355 1866 4417 innocentem,
1902 4357 2000 4406 etc.
2038 4354 2138 4405 Sed
2175 4356 2428 4407 Grotiana
2464 4355 2577 4404 haic
2616 4350 2855 4403 definitio
2904 4348 3109 4422 ³.de

509 4425 616 4466 non
650 4417 836 4502 potest,
869 4427 992 4467 cum
1027 4418 1362 4489 mendacium
1396 4420 1467 4469 sit
1496 4417 1896 4506 evidentissime
1929 4418 2125 4507 contra
2151 4419 2399 4468 naturam
2440 4418 2493 4466 et
2521 4424 2806 4487 commune
2832 4412 3103 4486 societatis
3172 4493 3179 4502 Ι

509 4476 2559 4640 ἢξῐῑῖ..;1ε,εὲ.ήπε]ἰῑῑειὲᾓτὸᾰιεῶῆᾶοῑεῖ-..ἳΐ,ω“ῗ’ἠ“””“
2609 4476 2777 4611 Μ,
2814 4483 3103 4539 ΨΜ*

630 4603 787 4652 Eccli.
821 4614 921 4664 vii,
956 4603 1150 4654 loann.
1187 4617 1225 4667 1,
1259 4618 1304 4656 c.
1338 4609 1395 4666 23
1432 4605 1599 4656 Exod.
1633 4616 1800 4666 xxiii3
1836 4606 1923 4656 Pe.
1957 4615 2014 4656 v.
2047 4629 2112 4642 —
2142 4605 2410 4666 Ferraria,
2449 4602 2508 4652 V.
2544 4598 2882 4653 Mendacium.

569 4664 592 4703 ⁷
632 4666 684 4714 t..
718 4676 753 4713 ii
785 4665 839 4715 in
870 4677 912 4713 c.
948 4677 963 4714 i
1001 4665 1209 4716 Lucam.
1243 4693 1305 4705 --
1348 4667 1404 4718 V.
1439 4666 1603 4730 StapI,
1638 4667 1665 4729 ς
1697 4668 1815 4720 370.
2210 4666 2234 4705 8
2269 4668 2319 4725 2,
2353 4667 2403 4728 2,
2437 4675 2490 4728 q.
2536 4665 2647 4723 110,
2682 4674 2732 4714 a.
2766 4663 2813 4713 3.

573 4727 596 4766 ⁹
631 4727 777 4777 Decr.
815 4727 986 4787 Greg„
1025 4728 1059 4777 l.
1095 4739 1209 4790 xix,
1247 4731 1315 4779 De
1348 4739 1514 4789 usur„
1543 4740 1590 4779 c.
1627 4730 1675 4780 4.
