3292 5167
1139 239 1219 286 nn
1262 239 1666 288 &annunt
2575 218 2707 288 357

167 346 290 410 sunt
329 355 623 424 personae
672 338 934 425 genitae,
986 357 1138 427 quae
1189 340 1690 427 generationem
1757 340 2222 427 multiplicant,
2273 340 2545 427 dempto
2594 342 2711 409 sti-

171 445 306 532 pite:
368 444 459 513 sic
519 444 756 515 fratres
802 446 930 516 sibi
979 446 1259 517 invicem
1306 432 1462 517 sunt
1511 448 1577 517 in
1641 446 1938 517 secundo
1989 448 2217 533 gradu,
2263 448 2447 516 filius
2495 447 2711 520 fratris

170 552 266 621 mei
302 551 361 618 in
407 551 604 621 tertio
647 551 852 638 gradu
898 552 983 622 ad
1029 571 1137 622 me
1183 559 1284 624 est
1335 556 1489 639 (art.
1540 555 1678 640 48).
1727 556 1802 623 ln
1849 555 2350 640 computatione
2398 573 2551 624 vero
2600 572 2708 624 ca-

177 659 353 728 nonica
398 659 577 743 (quae
628 667 731 730 est
777 660 1153 730 communis
1190 680 1266 732 ac
1299 662 1614 748 vulgaris)
1667 662 1890 749 quoad
1936 663 2177 731 lineam
2226 670 2476 733 rectam
2533 663 2711 731 nihil

180 766 508 836 diversitatis
559 774 687 850 est3
738 767 859 837 sed
906 768 1129 855 quoad
1176 770 1517 857 obliquam
1565 770 1664 839 sic
1715 770 1961 856 gradus
1997 777 2493 856 computantur,
2534 771 2712 840 utin

182 872 381 960 obliqua
427 874 670 961 aequali
710 894 791 945 eo
838 876 1046 962 gradu
1101 877 1349 947 distent
1394 877 1836 967 ,collaterales
1906 877 2081 947 inter
2148 897 2240 959 se,
2293 896 2426 965 quo
2502 877 2712 963 gradu

179 1000 299 1048 uuus
338 999 566 1050 eorum
616 982 815 1052 distat
864 1002 899 1051 a
949 984 1211 1072 stipite:
1260 984 1359 1054 sic
1404 985 1641 1054 fratres
1691 984 1938 1053 distant
1985 1002 2119 1052 uno
2169 992 2425 1053 tantum
2507 983 2710 1069 gradu

179 1087 300 1156 inter
336 1107 420 1156 se.
480 1091 567 1158 At
616 1089 683 1159 in
732 1091 1002 1178 obliqua
1071 1092 1386 1179 inaequali
1435 1110 1516 1161 eo
1567 1092 1773 1178 gradu
1845 1092 2110 1175 distant,
2184 1110 2317 1179 quo
2391 1091 2714 1160 remotior
2818 1136 2823 1142 -

176 1194 338 1278 distat,
381 1214 649 1283 semper
698 1199 969 1285 dempto
1011 1199 1281 1286 stipite:
1328 1199 1426 1268 sic
1473 1200 1677 1269 frater
1723 1207 1790 1269 et
1839 1199 2017 1268 filius
2049 1200 2321 1269 atterius
2357 1199 2574 1268 fratris
2608 1198 2711 1266 di-

173 1309 303 1368 stant
342 1301 615 1372 duobus.
654 1305 967 1391 gradibus
1019 1308 1154 1391 (L).
1608 1391 1623 1404 ι
1905 1323 1912 1328 ·

231 1407 409 1470 871).
458 1412 533 1491 Q.
585 1412 649 1480 3.
702 1415 867 1494 Quos
911 1412 1337 1500 complectitur
1380 1412 1713 1481 haereditas
1759 1414 1837 1481 ab
1873 1414 2169 1500 ‚intestato
2214 1432 2324 1481 seu
2391 1413 2662 1499 lepitima
2681 1418 2712 1478 9

231 1517 286 1584 R.
326 1519 415 1584 En
460 1520 664 1589 verba
711 1520 877 1605 legis
931 1520 1150 1607 quoad
1197 1520 1316 1590 has
1380 1520 1879 1590 successiones:
1954 1524 2051 1589 La
2113 1521 2280 1609 teqqe
2340 1521 2588 1588 devolve
2650 1519 2714 1587 la

166 1625 484 1691 successione
527 1627 601 1693 ai
650 1626 1033 1695 discendenti
1082 1628 1391 1715 legitemi,
1455 1629 1587 1715 apli
1652 1627 2041 1712 ascendenti,
2090 1629 2158 1695 ai
2202 1628 2577 1710 collaterali,
2646 1625 2722 1693 ai

166 1729 266 1815 fiqli
299 1733 573 1800 naturali
607 1717 683 1801 ed
719 1736 788 1802 al
818 1736 1094 1821 conjuge,
1157 1734 1525 1803 nell’ordine
1570 1756 1602 1802 e
1647 1736 1905 1804 secondo
1954 1736 2008 1802 le
2051 1736 2257 1822 reyole
2303 1739 2370 1803 in
2415 1721 2710 1822 appresso
2750 1732 2760 1742 '

166 1837 378 1904 stabilite
411 1841 472 1922 ⁸3
521 1840 605 1908 ed
646 1841 715 1909 in
762 1842 895 1910 loro
954 1862 1312 1910 mancanza
1356 1843 1423 1910 al
1473 1843 1863 1931 putrimonio
1909 1843 2067 1910 dello
2115 1844 2282 1910 State
2331 1842 2479 1922 (art.
2531 1841 2708 1925 721).

300 1943 357 2010 ί*
394 1948 506 2014 Est
549 1949 855 2016 successio
900 1948 1413 2032 descendentium,
1478 1966 1675 2035 quam
1725 1948 1821 2017 sic
1867 1947 2142 2034 exponit
2195 1947 2418 2016 Codex
2468 1945 2709 2015 civilis:
2769 1953 2782 1962 '

165 2048 226 2117 At
250 2050 442 2136 padre,
488 2053 630 2120 alla
671 2054 888 2122 madre
931 2074 964 2122 e
1007 2055 1093 2122 ad
1136 2057 1285 2142 eqni
1327 2057 1504 2124 altro
1542 2056 1904 2124 ascendente
1947 2056 2284 2124 succedono
2331 2057 2358 2122 i
2419 2055 2554 2141 fiyli
2622 2055 2708 2121 le-

164 2155 364 2240 cicini,
406 2179 441 2224 o
487 2161 513 2226 i
564 2161 698 2228 loro
739 2162 1122 2230 discendenti
1165 2183 1357 2231 senza
1387 2162 1763 2232 distinzione
1808 2164 1875 2230 di
1919 2181 2104 2245 sessu,
2137 2175 2540 2248 quantunque
2573 2161 2711 2229 nati

166 2262 231 2330 da
264 2268 611 2336 matrimoni
654 2269 890 2340 diversi
914 2273 967 2338 ².
1016 2270 1397 2340 Succedunt
1444 2277 1668 2341 autem
1720 2290 1840 2358 per
1888 2271 2125 2358 capita,
2176 2271 2230 2339 si
2280 2289 2513 2338 omnes
2574 2269 2706 2337 sint

171 2370 219 2437 in
254 2373 445 2457 primo
496 2375 743 2461 gradu:
791 2395 913 2463 per
958 2378 1226 2465 stirpeS,
1277 2378 1333 2446 si
1370 2396 1602 2447 omnes
1653 2377 1755 2448 ve]
1803 2380 2006 2467 aliqui
2056 2380 2356 2467 ipsorum
2421 2376 2707 2465 primum

165 2480 386 2563 gradum
430 2485 866 2555 excesserint.
915 2487 1197 2556 Nomine
1238 2486 1530 2557 filiorum
1577 2487 2031 2574 legitimorum
2094 2487 2292 2556 etiam
2356 2484 2705 2570 legitimati

164 2584 580 2674 intelliguntur
618 2590 668 2661 ⁸.
715 2595 1018 2679 Itemque
1066 2593 1356 2680 adoptivi
1391 2612 1758 2680 eorumque
1794 2593 2275 2664 descendentes
2339 2589 2707 2660 succedunt

161 2691 449 2781 adoptanti
500 2698 572 2766 in
621 2716 953 2769 concursu
1003 2700 1284 2768 aliorum
1318 2700 1607 2769 filiorum
1625 2727 1644 2783 3
1695 2700 1814 2771 sed
1861 2700 2306 2770 excluduntur
2353 2716 2384 2765 a
2435 2715 2704 2766 succes·

159 2798 309 2870 sione
352 2812 705 2891 parentum
754 2806 1135 2893 adoptantis
1169 2804 1227 2876 ⁴.

300 2913 361 2978 2²
402 2918 515 2981 Est
561 2916 862 2982 successio
906 2915 1384 2983 ascendentium.
1435 2915 1503 2983 Si
1554 2916 1713 2984 nulli
1763 2916 1896 2985 sint
1942 2915 2443 2996 descendente8‚
2500 2919 2710 2982 totam

163 3014 577 3089 haereditatem
626 3023 754 3091 sibi
803 3022 1138 3092 vindicant
1186 3021 1658 3092 ascendentes:
1709 3040 1784 3093 ac
1834 3023 1899 3110 1)
1951 3028 2139 3110 pater
2185 3028 2250 3090 et
2310 3028 2521 3089 mater
2588 3017 2704 3086 de-

161 3121 345 3209 functi,
393 3129 447 3197 si
499 3128 718 3198 adhuc
762 3131 977 3198 vivant
1017 3115 1248 3217 '(secus
1281 3148 1514 3199 eorum
1550 3129 1985 3199 ascendentes
2020 3130 2369 3217 proximi):
2401 3128 2512 3214 qui
2551 3144 2707 3196 suc·

160 3230 363 3302 cedunt
384 3236 450 3304 in
487 3236 704 3323 capita
739 3236 875 3305 filio
914 3237 1229 3306 defuncto
1265 3255 1393 3306 una
1420 3238 1914 3306 cumfratribus
1942 3243 2008 3305 et
2034 3237 2379 3306 sororibus
2408 3233 2707 3321 eJusdem

159 3340 466 3425 germanis,
517 3340 575 3409 si
636 3358 805 3428 quos
864 3342 1105 3412 habeat
1153 3343 1247 3429 (et
1295 3342 1349 3410 si
1399 3342 1666 3425 mortui,
1717 3347 2290 3429 repraesentantur.
2329 3341 2409 3410 ab
2473 3356 2707 3408 eorum

159 3438 325 3529 filiis).
374 3446 566 3529 Quod
613 3447 667 3516 si
720 3448 940 3517 adsint
985 3449 1220 3517 fratres
1268 3455 1380 3516 aut
1419 3466 1688 3518 sorores
1722 3448 2196 3535 consanguinei
2228 3449 2329 3517 vel
2360 3446 2601 3516 uterini
2641 3451 2707 3513 et

158 3546 256 3631 ipsi
301 3570 565 3641 quoque
615 3555 1005 3639 succedunt,
1058 3555 1177 3625 sed
1226 3562 1484 3624 tantum
1520 3555 1587 3624 in
1658 3556 1926 3625 dimidia
1987 3564 2173 3643 parte
2240 3564 2485 3643 quotae,
2555 3571 2704 3641 quae

190 3792 224 3868 ,¹
251 3796 295 3849 Si
324 3812 510 3864 nempe
544 3813 653 3854 non
687 3802 795 3853 siut
828 3802 1108 3866 incapaces
1133 3803 1473 3864 succedendi,
1509 3804 1669 3866 prout
1702 3807 1827 3857 sunt
1853 3803 2091 3856 nondum
2126 3805 2364 3866 concepti
2413 3802 2703 3852 successio·

159 3867 224 3907 ms
251 3862 489 3926 tempore,
525 3864 616 3927 qui
652 3866 761 3915 nati
794 3876 902 3916 non
931 3868 1059 3917 sunt
1090 3866 1278 3916 vitales
1310 3869 1362 3917 et
1394 3865 1598 3926 indigni
1654 3871 1786 3923 (art.
1820 3866 1965 3927 mu
2023 3879 2088 3918 ex
2125 3866 2280 3917 dictis
2311 3877 2372 3915 su
2417 3875 2473 3913 ra
2507 3876 2561 3915 n.
2598 3863 2705 3914 353.

205 3919 351 3980 ᾎΑη.
382 3927 499 3986 7sc;
532 3952 597 3963 -
632 3927 687 3978 α
724 3927 784 3976 Α.
818 3929 945 3988 πη
979 3953 1042 3963 -
1076 3928 1129 3979 c.
1169 3928 1227 3978 o.
1264 3929 1383 3990 745;
1417 3953 1478 3999 .-
1516 3928 1564 3980 c.
1601 3928 1650 3978 s.
1687 3931 1811 3988 σθω
1843 3954 1907 3965 -
1944 3929 1997 3979 c.
2029 3931 2083 4000 μ.
2115 3932 2334 4000 eser,—
2412 3923 2703 4034 'aim

160 4003 208 4017 -
233 3983 277 4032 C.
308 3986 373 4036 M.
409 3990 527 4048 911;
561 4014 624 4025 —
662 3989 717 4037 (ἵ.
752 3990 813 4039 Η.
851 3992 907 4050 6;
941 4015 1004 4026 -
1038 3989 1091 4041 C.
1130 3990 1187 4039 T.
1222 3990 1331 4041 43¹.
1369 3991 1539 4041 Titius
1572 3990 1758 4041 habuit
1788 4001 1854 4040 ex
1888 3992 2072 4053 primis
2119 3993 2319 4052 nuptus
2369 3998 2490 4037 cum
2590 3986 2702 4054 itia,

162 4043 334 4097 Petrum
365 4053 420 4099 et
448 4051 702 4102 Paulum:
736 4063 802 4102 ex
833 4050 1081 4102 secundis
1113 4053 1310 4113 nuptiis
1342 4064 1465 4103 cum
1501 4050 1834 4115 Sempronia,
1869 4054 2146 4104 loannem.
2211 4054 2392 4101 Petrus
2427 4055 2589 4106 (nunc
2626 4050 2703 4100 de·

160 4104 349 4182 [urcem-52
382 4113 559 4182 genuit
591 4112 788 4165 filium:
824 4113 948 4163 item
982 4115 1213 4165 loannes
1246 4116 1469 4178 (pariter
1502 4114 1793 4178 defunctus)
1825 4113 1961 4166 duos
1997 4114 2154 4165 nabet
2183 4113 2336 4164 iiiios..
2373 4111 2493 4162 Titii
2545 4110 2704 4185 hiere·

162 4164 269 4221 ditas
294 4171 542 4225 dividitur
571 4176 628 4226 in
658 4176 768 4227 tres
800 4175 975 4238 partes
1006 4176 1267 4240 aequales:
1309 4188 1415 4227 una
1446 4177 1544 4227 erit
1593 4176 1682 4228 titii
1740 4176 1976 4227 defuncti
2033 4177 2189 4236 Petri,
2240 4172 2476 4225 secunda
2503 4173 2703 4246 fault,

163 4228 285 4300 tertia
310 4233 530 4286 duorum
565 4236 796 4287 fitiorum
828 4236 1059 4288 defuncti
1093 4239 1330 4288 Ioannis.
1364 4239 1452 4289 Isti
1491 4240 1667 4290 autem
1702 4238 1994 4300 respective
2018 4237 2312 4288 succedunt
2337 4247 2563 4298 ωορκ-ιω
2592 4247 2700 4287 ma-

165 4291 215 4340 tri
240 4295 312 4344 vei
342 4299 488 4411 εἶξε,
522 4310 717 4362 nempe
735 4299 876 4374 titius
908 4300 1043 4351 Petri
1068 4304 1117 4352 et
1140 4301 1338 4351 Pauius
1356 4300 1646 4352 succedunt
1669 4301 1843 4362 Titiae3
1866 4299 1955 4350 tilii
1981 4302 2157 4351 autem
2176 4299 2396 4350 loannis
2414 4297 2704 4350 succedunt

210 4434 230 4475 ⁸
255 4437 411 4489 Titius
434 4439 596 4493 habet
623 4440 762 4492 duos
796 4440 933 4493 tilios
963 4441 1224 4503 legitimos
1257 4442 1472 4493 Petrum
1504 4442 1556 4494 et
1592 4442 1841 4503 Paulum,
1875 4444 1928 4493 et
1956 4443 2219 4493 Ioannem
2270 4441 2437 4493 fliium
2491 4441 2701 4491 natura·

160 4493 245 4548 lem
270 4500 618 4563 legitimatam.
656 4502 947 4556 Hereditas
976 4503 1093 4555 Titii
1130 4507 1181 4555 in
1218 4507 1323 4558 tres
1355 4506 1530 4567 partes
1562 4503 1797 4567 aequales
1829 4504 1929 4555 erit
1957 4503 2263 4556 dividenda.

208 4558 228 4599 ⁴
254 4562 570 4628 Exemplum:
609 4565 781 4616 Titius
814 4567 993 4620 genuit
1026 4567 1239 4618 Petrum
1265 4578 1279 4628 ;
1308 4567 1494 4618 Petrus
1524 4566 1705 4617 autem
1739 4564 1899 4617 habet
1931 4567 2035 4618 tres
2067 4565 2226 4627 filios,
2262 4565 2486 4617 Paulum
2579 4575 2696 4614 uem

161 4619 411 4688 adoptavit,
440 4630 701 4680 Ioannem
738 4628 1046 4688 tegitimum,
1079 4633 1132 4680 et
1163 4629 1419 4681 Iacobum
1452 4628 1772 4689 naturalem,
1804 4639 1962 4692 quem
1996 4629 2328 4692 legitimavit.
2365 4629 2506 4678 Patri
2588 4630 2699 4677 etro

163 4693 319 4736 omnes
348 4689 438 4742 tres
467 4690 557 4742 titii
594 4690 874 4754 aequanter
904 4690 1216 4753 succedunt,
1252 4690 1345 4743 sed
1377 4702 1480 4743 avo
1518 4691 1659 4742 Titio
1690 4691 1789 4742 soli
1813 4691 2105 4744 succedunt
2124 4694 2355 4743 Joaiines
2372 4693 2424 4742 et
2450 4688 2699 4741 JacobuS.
