3292 5167
1198 196 1276 243 ue
1323 196 1770 243 courmcrmus
1873 180 1880 187 “
2663 175 2798 244 339

160 303 347 371 tiam
395 298 784 386 accipiendo
800 325 821 381 3
869 315 993 368 nec
1041 299 1393 368 restituere
1441 306 1725 381 tenetur,
1780 298 1905 367 nisi
1954 317 2058 369 res
2108 300 2252 386 ipsa
2299 300 2385 369 sit
2426 299 2657 384 aliena,
2692 300 2792 369 vel

164 407 720 496 hypothecatam,
771 405 871 475 vel
920 405 977 474 si
1023 405 1175 475 ideo
1226 405 1556 493 accipiens
1604 406 1818 474 factus
1866 406 1953 474 sit
1987 404 2213 475 ditior.
2260 410 2423 475 Nam
2457 415 2613 475 tunc
2651 426 2779 476 non

167 520 407 602 potest
456 512 587 582 dici
637 512 818 599 quod
866 519 1096 598 peccet
1145 520 1416 599 peccato
1465 513 1809 599 injustitiae
1860 520 2092 581 contra
2139 513 2530 599 creditores,
2559 515 2794 583 volun-

171 621 349 690 tarie
422 619 765 689 reddendo
835 620 1102 689 illorum
1161 619 1484 689 creditum
1558 618 2017 705 impossibile,
2092 637 2244 688 cum
2316 620 2477 688 illud
2528 622 2793 706 penitus

171 731 444 816 ignoret
462 756 480 811 3
547 736 612 797 et
661 729 926 798 aliunde
974 728 1228 797 donans
1278 728 1459 796 dedit
1507 728 1689 814 quod
1736 746 1931 797 suum
1981 735 2162 813 erat,
2212 728 2335 796 etsi
2387 729 2790 814 delinquerit

174 838 277 907 sic
328 837 571 905 dando.
620 841 817 924 Lupo.

264 951 479 1013 4⁷0.
531 947 605 1025 Q.
655 947 715 1010 lt.
768 947 918 1025 Quoe
961 962 1062 1009 res
1107 942 1335 1009 donari
1370 944 1635 1030 possint,
1687 962 1729 1009 a
1772 944 1993 1028 quibus
2038 955 2093 1011 et
2139 942 2288 1010 cui?

260 1055 341 1122 R.
383 1052 487 1120 Ad
536 1055 600 1118 t:
652 1053 894 1120 Omnes
944 1068 1049 1118 res
1100 1058 1465 1135 praesentes
1514 1049 1659 1135 lege
1709 1051 1992 1136 positiva
2032 1058 2097 1118 et
2145 1051 2286 1136 ipsa
2311 1034 2581 1118 ‘ratione
2639 1069 2794 1136 pro-

172 1159 393 1241 bante,
443 1158 675 1227 donari
723 1164 1024 1244 possunt.
1073 1159 1153 1224 Et
1200 1163 1421 1241 potest
1471 1158 1618 1242 quis
1654 1155 1899 1225 donare
1935 1156 2063 1226 sub
2105 1157 2558 1225 reservatione
2599 1175 2794 1224 usus-

175 1266 432 1335 fructus
494 1284 614 1351 pro
677 1283 748 1332 se
777 1318 795 1348 ,
843 1269 908 1332 et
956 1264 1101 1350 ipso
1151 1262 1498 1332 deficiente
1547 1265 1745 1332 etiam
1794 1282 1914 1349 pro
1964 1265 2134 1375 aliis!
2157 1265 2318 1351 (non
2371 1272 2593 1332 tamen
2642 1282 2790 1332 suc-

179 1376 435 1443 cessive
485 1374 650 1441 alios
686 1378 837 1458 post
883 1372 1048 1455 alios
1098 1372 1453 1457 vocando):
1502 1372 1603 1439 'vel
1653 1375 1777 1441 sub
1812 1372 2216 1455 conditione,
2261 1380 2330 1440 ut
2393 1374 2635 1440 iterum
2682 1391 2788 1442 res

174 1482 253 1549 ad
300 1499 373 1549 se
424 1487 811 1561 revertatur,
848 1498 903 1546 v,
953 1497 1033 1564 g.‚
1082 1480 1138 1547 si
1187 1477 1570 1547 donatarius
1621 1480 2103 1565 praemoriatur.
2155 1480 2222 1545 Si
2275 1498 2430 1547 vero
2502 1478 2788 1547 donator

175 1587 299 1656 sibi
329 1594 627 1655 reservat
652 1586 1025 1654 facultatem
1052 1584 1445 1670 disponendi
1481 1584 1561 1651 de
1595 1585 1814 1671 aliquo
1842 1586 2103 1671 obJecto
2141 1586 2238 1653 vel
2266 1586 2484 1671 aliqua
2505 1603 2783 1670 summa,

177 1713 325 1780 quae
377 1695 447 1762 in
495 1694 638 1780 ipsa
686 1694 1039 1762 donatione
1089 1692 1703 1779 comprehenditur,
1753 1691 1808 1760 si
1859 1694 2180 1762 moriatur
2232 1701 2383 1761 ante
2423 1693 2605 1759 illam
2639 1692 2777 1761 dis·

172 1802 597 1889 positionem,
651 1802 777 1869 tale
822 1801 1158 1885 objectum
1208 1801 1308 1869 vel
1356 1818 1613 1868 summa
1689 1802 1922 1868 transit
1961 1801 2041 1867 ad
2089 1801 2389 1870 haeredes
2439 1800 2780 1885 donantiS‚

173 1927 570 1995 quacunque
617 1909 942 1976 contraria
991 1908 1281 1975 clausula
1332 1926 1461 1976 non
1513 1908 1818 1976 obstante
1872 1906 1919 1975 ¹.

254 2020 327 2087 R.
376 2016 477 2083 Ad
523 2018 594 2082 2:
642 2015 739 2082 Illi
790 2015 912 2082 soli
957 2014 1206 2083 donare
1269 2022 1578 2100 possunt,
1630 2017 1738 2101 qui
1801 2016 2074 2084 liberam
2131 2017 2374 2086 habent
2429 2021 2764 2089 bonorum

175 2140 450 2191 suorum
497 2121 1156 2204 administrationem,
1197 2128 1265 2200 et
1304 2123 1527 2189 testari
1578 2122 1850 2206 queunt.
1888 2125 2052 2192 Hinc
2087 2123 2334 2193 donare
2387 2133 2759 2211 nequeunt:

178 2230 239 2315 t)
286 2236 549 2296 tutores
613 2227 693 2296 de
751 2227 944 2296 bonis
988 2228 1357 2311 minorum,
1421 2227 1543 2294 nisi
1600 2236 1831 2312 agatur
1888 2230 1968 2298 de
2017 2231 2232 2323 parvis
2291 2232 2766 2300 donationibus

177 2335 714 2403 remuneratoriis
749 2340 814 2401 et
845 2333 925 2403 de
960 2334 1437 2419 eleemosynis;
1491 2335 1562 2419 2)
1601 2335 1996 2403 inhabilitati
2034 2356 2069 2404 a
2103 2336 2206 2405 die
2242 2356 2373 2423 quo
2410 2355 2759 2424 promossa

179 2442 293 2509 fuit
317 2442 867 2511 inhabilitationis
901 2441 1238 2523 instantia3
1275 2441 1436 2508 item
1474 2441 1826 2521 interdicti,
1868 2450 2088 2510 mente
2137 2443 2401 2525 infirmi,
2463 2444 2760 2529 prodigi;

176 2549 239 2635 3)
283 2550 598 2632 minores,
626 2550 778 2617 licet
812 2549 1133 2618 habilitati
1163 2548 1312 2631 ,nisi
1347 2555 1578 2634 agatur
1625 2549 1706 2616 de
1740 2557 2090 2618 contractu
2139 2551 2624 2634 matrimoniali,
2661 2551 2766 2619 vel

174 2657 636 2727 donationibus
683 2656 999 2739 modicis,
1051 2674 1214 2744 quas
1264 2655 1367 2724 alii
1403 2656 1702 2742 ejnsdem
1750 2658 2150 2726 conditionis
2198 2667 2434 2744 agunt3
2484 2662 2552 2745 4)
2600 2679 2766 2728 uxo-

182 2785 280 2834 res
327 2765 473 2833 sine
523 2783 854 2833 consensu
902 2765 1121 2832 mariti
1176 2768 1226 2832 ².

254 2879 324 2945 R.
372 2876 471 2944 Ad
519 2878 592 2943 3:
647 2879 935 2944 Possunt
993 2873 1396 2943 donationes
1446 2875 1653 2943 valide
1712 2894 1942 2945 omnes
2013 2886 2395 2962 acceptare,
2457 2878 2568 2963 qui
2629 2896 2761 2944 non

174 2985 607 3070 prohibentur
654 3001 688 3050 a
737 2984 900 3067 lege.
948 2981 1397 3050 Prohibentur
1442 2990 1664 3051 autem
1720 2984 1893 3052 inter
1940 2993 2227 3053 ceteros:
2295 2988 2359 3071 l)
2413 2986 2760 3070 incapaces

177 3091 252 3158 ad
281 3090 758 3178 acquirendum
793 3109 911 3176 per
950 3097 1418 3158 testamentum
1432 3115 1453 3170 3
1511 3092 1580 3175 2)
1631 3092 1946 3176 coniuges
1998 3092 2169 3161 iuter
2211 3111 2302 3175 se,
2339 3094 2762 3161 matrimonio

177 3198 476 3268 durante:
527 3199 708 3284 quod
757 3205 1078 3266 statutum
1125 3204 1249 3280 est,
1302 3217 1381 3266 ne
1434 3206 1735 3266 mutuato
1787 3217 2011 3268 amore
2059 3200 2335 3268 invicem
2370 3201 2760 3286 spolientur.
2808 3268 2817 3276 ,
2927 3237 2940 3253 ·

187 3307 300 3387 Qui
348 3306 500 3374 ideo
558 3313 898 3392 nequeunt
948 3305 1155 3373 valide
1202 3313 1544 3390 acceptare
1599 3324 1816 3392 neque
1865 3326 1982 3392 per
2037 3292 2467 3394 interpositas
2521 3328 2752 3393 perso-

177 3428 304 3493 nas,
342 3430 559 3498 neque
593 3412 717 3479 sub
765 3410 986 3495 specie
1035 3417 1414 3479 contractus
1472 3412 1763 3479 onerosi.
1807 3414 1973 3479 Item
2021 3431 2102 3480 ex
2153 3412 2434 3481 Codice:
2483 3398 2542 3481 Ε·
2582 3416 2762 3481 nulla

180 3518 233 3584 la
274 3520 617 3586 donazione
674 3519 780 3586 che
826 3519 910 3585 ha
945 3538 1063 3605 per
1108 3530 1342 3605 oqqetto
1396 3519 1727 3585 ct'istituire
1772 3539 1806 3585 o
1859 3518 2073 3586 dotare
2120 3521 2388 3605 beneficii
2443 3523 2721 3608 semplici
2739 3576 2757 3603 ,

183 3627 553 3714 cappellanie
600 3627 831 3708 laicali,
878 3625 958 3694 od
1000 3627 1161 3691 altre
1202 3627 1398 3693 simili
1441 3626 1807 3712 sondazioni
1855 3627 2002 3712 (art.
2055 3628 2255 3712 1075)
2307 3626 2359 3694 ³.

251 3729 431 3796 471.
483 3736 554 3814 Q.
605 3735 664 3799 5.
717 3735 866 3813 Quae
909 3733 1321 3800 solemnitates
1366 3733 1451 3799 ad
1494 3734 1846 3800 donationis
1881 3734 2160 3801 valorem
2194 3737 2343 3822 jure
2390 3736 2614 3803 civili?

256 3842 322 3908 R.
370 3842 453 3908 Ut
501 3839 770 3907 donatio
819 3838 904 3906 sit
951 3838 1159 3905 valida
1200 3839 1349 3923 jure
1398 3840 1567 3907 civili
1618 3841 2007 3925 requiritur:

344 3950 400 4014 t.
452 3948 534 4015 Ut
583 3964 813 4014 omnes
862 3945 1294 4013 donationum
1344 3954 1529 4014 actus
1586 3946 1745 4013 fiant
1793 3949 2060 4033 publico
2111 3948 2589 4030 instrumento,
2641 3950 2752 4034 qui

180 4059 344 4122 actus
402 4054 482 4122 ab
540 4054 943 4139 Hypothecae
1003 4053 1596 4121 conservatoribus
1645 4055 1917 4123 inscribi
1952 4055 2166 4137 debet,
2205 4055 2258 4122 si
2322 4054 2590 4123 donatio
2651 4074 2752 4122 re-

180 4161 391 4247 spiciat
437 4161 798 4230 immobilia
849 4161 946 4229 vel
980 4160 1102 4228 alia
1141 4162 1333 4242 bona,
1362 4167 1473 4226 aut
1507 4161 1654 4245 J'ura
1704 4179 1853 4246 quae
1902 4162 2290 4247 hypothecae
2348 4161 2559 4248 subjci
2602 4182 2754 4248 pos·

231 4410 664 4474 ¹Art.1069;—
714 4412 767 4463 c.
822 4412 881 4462 c.
932 4411 1089 4473 {osen
1125 4409 1197 4472 ;--
1249 4409 1301 4458 c.
1333 4409 1383 4458 s,
1419 4412 1546 4468 8673
1582 4432 1644 4444 —
1681 4409 1732 4459 c.
1765 4411 1823 4459 P.
1870 4412 2019 4473 190&
2074 4436 2139 4449 -
2188 4413 2241 4464 c,
2291 4412 2645 4474 M.1879;—
2689 4414 2751 4465 c,

188 4474 389 4587 T'29ffi‘t.
426 4537 534 4593 m.
567 4537 678 4597 339,
714 4537 823 4595 763,
863 4538 1014 4598 1052;
1047 4560 1111 4573 -
1144 4535 1197 4586 c,
1235 4537 1293 4586 G.
1329 4536 1451 4596 905;
1485 4558 1549 4569 —
1572 4534 1625 4585 c,
1658 4533 1708 4583 s.
1743 4536 1863 4595 8573
1900 4535 2033 4586 -ο,
2057 4538 2114 4589 P.
2143 4539 2291 4601 18873
2315 4563 2377 4575 —
2402 4538 2453 4591 e.
2491 4539 2560 4589 M.
2597 4538 2744 4599 isc7;

184 4599 887 4724 ‘⁸Cr.TrLe}}3'c2-ansit0rta,
922 4663 986 4713 30
1017 4672 1141 4712 nor.
1178 4663 1320 4723 1865,
1357 4659 1455 4710 art.
1489 4663 1570 4721 22,
1608 4660 1689 4717 27,
1728 4663 1814 4714 282
