<?xml version="1.0" encoding="UTF-8"?>
<!DOCTYPE html PUBLIC "-//W3C//DTD XHTML 1.0 Transitional//EN"
    "http://www.w3.org/TR/xhtml1/DTD/xhtml1-transitional.dtd">
<html xmlns="http://www.w3.org/1999/xhtml" xml:lang="en" lang="en">
 <head>
  <title>
</title>
<meta http-equiv="Content-Type" content="text/html;charset=utf-8" />
  <meta name='ocr-system' content='tesseract 3.04.00' />
  <meta name='ocr-capabilities' content='ocr_page ocr_carea ocr_par ocr_line ocrx_word'/>
</head>
<body>
  <div class='ocr_page' id='page_1' title='image "./theologiamorali04scavgoog_0644.png"; bbox 0 0 3292 5167; ppageno 0'>
   <div class='ocr_carea' id='block_1_1' title="bbox 545 260 2496 328">
    <p class='ocr_par' dir='ltr' id='par_1_1' title="bbox 545 260 2496 328">
     <span class='ocr_line' id='line_1_1' title="bbox 545 260 2496 328; baseline -0.003 -1"><span class='ocrx_word' id='word_1_1' title='bbox 545 260 675 328; x_wconf 68' lang='lat'>634</span> <span class='ocrx_word' id='word_1_2' title='bbox 1241 279 1357 325; x_wconf 77' lang='lat' dir='ltr'>me.</span> <span class='ocrx_word' id='word_1_3' title='bbox 1403 277 1467 324; x_wconf 92' lang='lat'>11.</span> <span class='ocrx_word' id='word_1_4' title='bbox 1516 278 1724 324; x_wconf 62' lang='lat' dir='ltr'>macr.</span> <span class='ocrx_word' id='word_1_5' title='bbox 1774 275 1899 322; x_wconf 77' lang='lat' dir='ltr'>vul.</span> <span class='ocrx_word' id='word_1_6' title='bbox 1948 276 2097 322; x_wconf 71' lang='lat' dir='ltr'>nise.</span> <span class='ocrx_word' id='word_1_7' title='bbox 2145 277 2190 321; x_wconf 89' lang='lat'>1.</span> <span class='ocrx_word' id='word_1_8' title='bbox 2238 277 2369 323; x_wconf 66' lang='lat' dir='ltr'>cae.</span> <span class='ocrx_word' id='word_1_9' title='bbox 2416 273 2496 322; x_wconf 79' lang='lat' dir='ltr'>lv.</span> 
     </span>
    </p>
   </div>
   <div class='ocr_carea' id='block_1_2' title="bbox 625 376 3129 459">
    <p class='ocr_par' dir='ltr' id='par_1_2' title="bbox 625 376 3129 459">
     <span class='ocr_line' id='line_1_2' title="bbox 625 376 3129 459; baseline 0 -16"><span class='ocrx_word' id='word_1_10' title='bbox 625 379 829 443; x_wconf 87' lang='lat' dir='ltr'>Habes</span> <span class='ocrx_word' id='word_1_11' title='bbox 874 378 978 441; x_wconf 91' lang='lat' dir='ltr'>hic</span> <span class='ocrx_word' id='word_1_12' title='bbox 1013 378 1193 459; x_wconf 87' lang='lat' dir='ltr'>plura</span> <span class='ocrx_word' id='word_1_13' title='bbox 1224 378 1448 442; x_wconf 83' lang='lat' dir='ltr'>co&#39;ntra</span> <span class='ocrx_word' id='word_1_14' title='bbox 1481 385 1816 458; x_wconf 81' lang='lat' dir='ltr'><strong>serpentes</strong></span> <span class='ocrx_word' id='word_1_15' title='bbox 1850 393 2138 441; x_wconf 88' lang='lat' dir='ltr'>errores:</span> <span class='ocrx_word' id='word_1_16' title='bbox 2167 411 2244 423; x_wconf 92' lang='lat'>-</span> <span class='ocrx_word' id='word_1_17' title='bbox 2279 377 2341 457; x_wconf 87' lang='grc'>1)</span> <span class='ocrx_word' id='word_1_18' title='bbox 2372 376 2721 440; x_wconf 79' lang='lat' dir='ltr'><strong>Ecclesiam</strong></span> <span class='ocrx_word' id='word_1_19' title='bbox 2750 377 2992 441; x_wconf 86' lang='lat' dir='ltr'>Christi</span> <span class='ocrx_word' id='word_1_20' title='bbox 3020 396 3129 458; x_wconf 75' lang='lat' dir='ltr'>Jus</span> 
     </span>
    </p>
   </div>
   <div class='ocr_carea' id='block_1_3' title="bbox 543 475 3133 1360">
    <p class='ocr_par' dir='ltr' id='par_1_3' title="bbox 543 475 3133 1360">
     <span class='ocr_line' id='line_1_3' title="bbox 543 475 3117 557; baseline -0.001 -15"><span class='ocrx_word' id='word_1_21' title='bbox 543 479 785 542; x_wconf 85' lang='lat' dir='ltr'>habere</span> <span class='ocrx_word' id='word_1_22' title='bbox 827 476 1017 539; x_wconf 88' lang='lat' dir='ltr'>fidem</span> <span class='ocrx_word' id='word_1_23' title='bbox 1064 476 1456 557; x_wconf 73' lang='lat' dir='ltr'>praedicandi</span> <span class='ocrx_word' id='word_1_24' title='bbox 1496 477 1765 555; x_wconf 83' lang='lat' dir='ltr'>uquue3</span> <span class='ocrx_word' id='word_1_25' title='bbox 1806 508 1885 521; x_wconf 90' lang='lat'>—</span> <span class='ocrx_word' id='word_1_26' title='bbox 1928 476 1994 555; x_wconf 75' lang='lat'>2)</span> <span class='ocrx_word' id='word_1_27' title='bbox 2039 476 2158 538; x_wconf 87' lang='lat' dir='ltr'>hoc</span> <span class='ocrx_word' id='word_1_28' title='bbox 2202 490 2385 538; x_wconf 90' lang='lat' dir='ltr'>suum</span> <span class='ocrx_word' id='word_1_29' title='bbox 2424 475 2533 554; x_wconf 82' lang='lat' dir='ltr'>J’us</span> <span class='ocrx_word' id='word_1_30' title='bbox 2577 476 2775 539; x_wconf 89' lang='lat' dir='ltr'>etiam</span> <span class='ocrx_word' id='word_1_31' title='bbox 2825 479 2888 537; x_wconf 83' lang='lat' dir='ltr'>vi</span> <span class='ocrx_word' id='word_1_32' title='bbox 2953 478 3117 540; x_wconf 86' lang='lat' dir='ltr'>tueri</span> 
     </span>
     <span class='ocr_line' id='line_1_4' title="bbox 544 554 3133 640; baseline -0 -19"><span class='ocrx_word' id='word_1_33' title='bbox 544 574 729 640; x_wconf 88' lang='lat' dir='ltr'>posse</span> <span class='ocrx_word' id='word_1_34' title='bbox 771 566 988 620; x_wconf 87' lang='lat' dir='ltr'>contra</span> <span class='ocrx_word' id='word_1_35' title='bbox 1037 572 1146 618; x_wconf 91' lang='lat' dir='ltr'>eos</span> <span class='ocrx_word' id='word_1_36' title='bbox 1189 560 1294 636; x_wconf 89' lang='lat' dir='ltr'>qui</span> <span class='ocrx_word' id='word_1_37' title='bbox 1337 554 1491 619; x_wconf 88' lang='lat' dir='ltr'>illud</span> <span class='ocrx_word' id='word_1_38' title='bbox 1541 556 1856 637; x_wconf 85' lang='lat' dir='ltr'>impedire</span> <span class='ocrx_word' id='word_1_39' title='bbox 1898 565 2238 632; x_wconf 82' lang='lat' dir='ltr'>nituntur,</span> <span class='ocrx_word' id='word_1_40' title='bbox 2281 558 2646 637; x_wconf 89' lang='lat' dir='ltr'>quicunque</span> <span class='ocrx_word' id='word_1_41' title='bbox 2678 555 2940 619; x_wconf 87' lang='lat' dir='ltr'>tandem</span> <span class='ocrx_word' id='word_1_42' title='bbox 2973 560 3133 633; x_wconf 82' lang='lat' dir='ltr'>sint,</span> 
     </span>
     <span class='ocr_line' id='line_1_5' title="bbox 545 636 3126 720; baseline -0 -19"><span class='ocrx_word' id='word_1_43' title='bbox 545 640 774 720; x_wconf 86' lang='lat' dir='ltr'>pagani</span> <span class='ocrx_word' id='word_1_44' title='bbox 817 636 921 699; x_wconf 77' lang='lat' dir='ltr'>vel</span> <span class='ocrx_word' id='word_1_45' title='bbox 969 653 1133 713; x_wconf 92' lang='lat' dir='ltr'>non;</span> <span class='ocrx_word' id='word_1_46' title='bbox 1173 671 1252 683; x_wconf 95' lang='lat'>—</span> <span class='ocrx_word' id='word_1_47' title='bbox 1292 638 1359 716; x_wconf 84' lang='lat'>3)</span> <span class='ocrx_word' id='word_1_48' title='bbox 1402 637 1521 700; x_wconf 89' lang='lat' dir='ltr'>etsi</span> <span class='ocrx_word' id='word_1_49' title='bbox 1566 653 1697 700; x_wconf 91' lang='lat' dir='ltr'>non</span> <span class='ocrx_word' id='word_1_50' title='bbox 1743 639 1941 717; x_wconf 87' lang='lat' dir='ltr'><strong>possit</strong></span> <span class='ocrx_word' id='word_1_51' title='bbox 1994 637 2381 716; x_wconf 76' lang='lat' dir='ltr'>compellere</span> <span class='ocrx_word' id='word_1_52' title='bbox 2448 636 2742 700; x_wconf 81' lang='lat' dir='ltr'>infideles</span> <span class='ocrx_word' id='word_1_53' title='bbox 2791 637 2878 698; x_wconf 91' lang='lat' dir='ltr'>ad</span> <span class='ocrx_word' id='word_1_54' title='bbox 2928 637 3126 700; x_wconf 85' lang='lat' dir='ltr'>fidem</span> 
     </span>
     <span class='ocr_line' id='line_1_6' title="bbox 546 716 3126 799; baseline -0.001 -14"><span class='ocrx_word' id='word_1_55' title='bbox 546 716 1052 799; x_wconf 85' lang='lat' dir='ltr'>suspiciendam3</span> <span class='ocrx_word' id='word_1_56' title='bbox 1096 733 1278 798; x_wconf 90' lang='lat' dir='ltr'>posse</span> <span class='ocrx_word' id='word_1_57' title='bbox 1321 726 1534 780; x_wconf 86' lang='lat' dir='ltr'>tamen</span> <span class='ocrx_word' id='word_1_58' title='bbox 1595 719 1789 795; x_wconf 83' lang='lat' dir='ltr'>etiam</span> <span class='ocrx_word' id='word_1_59' title='bbox 1853 728 2120 781; x_wconf 81' lang='lat' dir='ltr'>externa</span> <span class='ocrx_word' id='word_1_60' title='bbox 2185 719 2512 781; x_wconf 74' lang='lat' dir='ltr'>coactione</span> <span class='ocrx_word' id='word_1_61' title='bbox 2579 716 2972 797; x_wconf 80' lang='lat' dir='ltr'>compellere</span> <span class='ocrx_word' id='word_1_62' title='bbox 3015 724 3126 798; x_wconf 81' lang='lat' dir='ltr'>qui</span> 
     </span>
     <span class='ocr_line' id='line_1_7' title="bbox 545 796 3129 885; baseline -0.002 -20"><span class='ocrx_word' id='word_1_63' title='bbox 545 799 741 865; x_wconf 89' lang='lat' dir='ltr'>semel</span> <span class='ocrx_word' id='word_1_64' title='bbox 787 797 978 861; x_wconf 86' lang='lat' dir='ltr'>fidem</span> <span class='ocrx_word' id='word_1_65' title='bbox 1022 808 1464 876; x_wconf 87' lang='lat' dir='ltr'>susceperunt,</span> <span class='ocrx_word' id='word_1_66' title='bbox 1496 806 1565 860; x_wconf 89' lang='lat' dir='ltr'>nt</span> <span class='ocrx_word' id='word_1_67' title='bbox 1606 814 1748 862; x_wconf 89' lang='lat' dir='ltr'>eam</span> <span class='ocrx_word' id='word_1_68' title='bbox 1787 807 2069 861; x_wconf 80' lang='lat' dir='ltr'>teneant.</span> <span class='ocrx_word' id='word_1_69' title='bbox 2112 796 2377 885; x_wconf 33' lang='lat' dir='ltr'>Quod-si</span> <span class='ocrx_word' id='word_1_70' title='bbox 2412 798 2756 878; x_wconf 85' lang='lat' dir='ltr'>aliqnando</span> <span class='ocrx_word' id='word_1_71' title='bbox 2802 798 3129 861; x_wconf 83' lang='lat' dir='ltr'>Praelatns</span> 
     </span>
     <span class='ocr_line' id='line_1_8' title="bbox 546 877 3121 962; baseline -0.002 -18"><span class='ocrx_word' id='word_1_72' title='bbox 546 882 665 944; x_wconf 90' lang='lat' dir='ltr'>hac</span> <span class='ocrx_word' id='word_1_73' title='bbox 706 887 1044 962; x_wconf 77' lang='lat' dir='ltr'>potestate,</span> <span class='ocrx_word' id='word_1_74' title='bbox 1091 879 1291 941; x_wconf 90' lang='lat' dir='ltr'>nimio</span> <span class='ocrx_word' id='word_1_75' title='bbox 1335 878 1432 941; x_wconf 88' lang='lat' dir='ltr'>vel</span> <span class='ocrx_word' id='word_1_76' title='bbox 1478 879 1930 958; x_wconf 86' lang='lat' dir='ltr'>intempestivo</span> <span class='ocrx_word' id='word_1_77' title='bbox 1977 878 2137 955; x_wconf 76' lang='lat' dir='ltr'>zain,</span> <span class='ocrx_word' id='word_1_78' title='bbox 2177 879 2412 941; x_wconf 86' lang='lat' dir='ltr'>abusus</span> <span class='ocrx_word' id='word_1_79' title='bbox 2454 886 2573 956; x_wconf 86' lang='lat' dir='ltr'>est,</span> <span class='ocrx_word' id='word_1_80' title='bbox 2618 877 2680 940; x_wconf 91' lang='lat' dir='ltr'>id</span> <span class='ocrx_word' id='word_1_81' title='bbox 2731 880 2964 941; x_wconf 83' lang='lat' dir='ltr'>vitium</span> <span class='ocrx_word' id='word_1_82' title='bbox 3012 879 3121 940; x_wconf 89' lang='lat' dir='ltr'>ho·</span> 
     </span>
     <span class='ocr_line' id='line_1_9' title="bbox 543 957 3131 1038; baseline -0.002 -13"><span class='ocrx_word' id='word_1_83' title='bbox 543 962 741 1025; x_wconf 85' lang='lat' dir='ltr'>minis</span> <span class='ocrx_word' id='word_1_84' title='bbox 785 961 930 1032; x_wconf 77' lang='lat' dir='ltr'>fuit,</span> <span class='ocrx_word' id='word_1_85' title='bbox 978 975 1104 1021; x_wconf 92' lang='lat' dir='ltr'>non</span> <span class='ocrx_word' id='word_1_86' title='bbox 1150 974 1303 1021; x_wconf 88' lang='lat' dir='ltr'>vero</span> <span class='ocrx_word' id='word_1_87' title='bbox 1349 961 1460 1022; x_wconf 90' lang='lat' dir='ltr'>rei.</span> <span class='ocrx_word' id='word_1_88' title='bbox 1506 957 1662 1021; x_wconf 85' lang='lat' dir='ltr'>Item</span> <span class='ocrx_word' id='word_1_89' title='bbox 1710 975 1916 1038; x_wconf 89' lang='lat' dir='ltr'>neque</span> <span class='ocrx_word' id='word_1_90' title='bbox 1959 960 2284 1022; x_wconf 85' lang='lat' dir='ltr'>mirum&#39;si</span> <span class='ocrx_word' id='word_1_91' title='bbox 2325 959 2620 1023; x_wconf 80' lang='lat' dir='ltr'>nonnulli</span> <span class='ocrx_word' id='word_1_92' title='bbox 2656 958 2878 1021; x_wconf 88' lang='lat' dir='ltr'>Patres</span> <span class='ocrx_word' id='word_1_93' title='bbox 2910 968 3131 1021; x_wconf 83' lang='lat' dir='ltr'>exter·</span> 
     </span>
     <span class='ocr_line' id='line_1_10' title="bbox 548 1039 3127 1120; baseline -0.001 -15"><span class='ocrx_word' id='word_1_94' title='bbox 548 1054 695 1107; x_wconf 91' lang='lat' dir='ltr'>nam</span> <span class='ocrx_word' id='word_1_95' title='bbox 739 1042 1131 1104; x_wconf 81' lang='lat' dir='ltr'>coactionem</span> <span class='ocrx_word' id='word_1_96' title='bbox 1174 1040 1475 1102; x_wconf 67' lang='lat' dir='ltr'>Ecclesiae</span> <span class='ocrx_word' id='word_1_97' title='bbox 1523 1052 1761 1103; x_wconf 84' lang='lat' dir='ltr'>sanctae</span> <span class='ocrx_word' id='word_1_98' title='bbox 1806 1054 2045 1120; x_wconf 87' lang='lat' dir='ltr'>negare</span> <span class='ocrx_word' id='word_1_99' title='bbox 2105 1039 2481 1115; x_wconf 85' lang='lat' dir='ltr'>videantnr3</span> <span class='ocrx_word' id='word_1_100' title='bbox 2524 1039 2588 1103; x_wconf 91' lang='lat' dir='ltr'>id</span> <span class='ocrx_word' id='word_1_101' title='bbox 2653 1056 2783 1102; x_wconf 91' lang='lat' dir='ltr'>non</span> <span class='ocrx_word' id='word_1_102' title='bbox 2827 1040 3127 1104; x_wconf 88' lang='lat' dir='ltr'>absolute</span> 
     </span>
     <span class='ocr_line' id='line_1_11' title="bbox 546 1119 3124 1209; baseline -0.002 -22"><span class='ocrx_word' id='word_1_103' title='bbox 546 1121 994 1194; x_wconf 85' lang='lat' dir='ltr'>intendebant,</span> <span class='ocrx_word' id='word_1_104' title='bbox 1040 1119 1152 1183; x_wconf 87' lang='lat' dir='ltr'>sed</span> <span class='ocrx_word' id='word_1_105' title='bbox 1203 1119 1503 1183; x_wconf 86' lang='lat' dir='ltr'>volebant</span> <span class='ocrx_word' id='word_1_106' title='bbox 1547 1121 1879 1199; x_wconf 84' lang='lat' dir='ltr'>corrigere</span> <span class='ocrx_word' id='word_1_107' title='bbox 1924 1136 2241 1191; x_wconf 85' lang='lat' dir='ltr'>excessus,</span> <span class='ocrx_word' id='word_1_108' title='bbox 2269 1120 2371 1183; x_wconf 75' lang='lat' dir='ltr'>vel</span> <span class='ocrx_word' id='word_1_109' title='bbox 2403 1137 2511 1182; x_wconf 92' lang='lat' dir='ltr'>eos</span> <span class='ocrx_word' id='word_1_110' title='bbox 2548 1121 2972 1209; x_wconf 65' lang='lat' dir='ltr'>redarguere,</span> <span class='ocrx_word' id='word_1_111' title='bbox 3014 1121 3124 1200; x_wconf 88' lang='lat' dir='ltr'>qui</span> 
     </span>
     <span class='ocr_line' id='line_1_12' title="bbox 549 1199 3133 1282; baseline -0.002 -15"><span class='ocrx_word' id='word_1_112' title='bbox 549 1221 675 1267; x_wconf 93' lang='lat' dir='ltr'>non</span> <span class='ocrx_word' id='word_1_113' title='bbox 723 1202 1074 1282; x_wconf 86' lang='lat' dir='ltr'>baptizatos</span> <span class='ocrx_word' id='word_1_114' title='bbox 1117 1210 1181 1263; x_wconf 89' lang='lat' dir='ltr'>et</span> <span class='ocrx_word' id='word_1_115' title='bbox 1226 1201 1460 1262; x_wconf 90' lang='lat' dir='ltr'>invitos</span> <span class='ocrx_word' id='word_1_116' title='bbox 1506 1201 1583 1263; x_wconf 92' lang='lat' dir='ltr'>ad</span> <span class='ocrx_word' id='word_1_117' title='bbox 1631 1199 1822 1262; x_wconf 88' lang='lat' dir='ltr'>fidem</span> <span class='ocrx_word' id='word_1_118' title='bbox 1869 1202 2062 1262; x_wconf 91' lang='lat' dir='ltr'>minis</span> <span class='ocrx_word' id='word_1_119' title='bbox 2097 1209 2160 1276; x_wconf 81' lang='lat' dir='ltr'>et</span> <span class='ocrx_word' id='word_1_120' title='bbox 2199 1202 2402 1281; x_wconf 88' lang='lat' dir='ltr'>poenis</span> <span class='ocrx_word' id='word_1_121' title='bbox 2446 1201 2933 1281; x_wconf 85' lang='lat' dir='ltr'>compellebant.</span> <span class='ocrx_word' id='word_1_122' title='bbox 2970 1199 3133 1263; x_wconf 86' lang='lat' dir='ltr'>Con·</span> 
     </span>
     <span class='ocr_line' id='line_1_13' title="bbox 547 1281 2159 1360; baseline -0.005 -13"><span class='ocrx_word' id='word_1_123' title='bbox 547 1284 795 1349; x_wconf 89' lang='lat' dir='ltr'>sulatur</span> <span class='ocrx_word' id='word_1_124' title='bbox 841 1282 1131 1356; x_wconf 85' lang='lat' dir='ltr'>historia,</span> <span class='ocrx_word' id='word_1_125' title='bbox 1181 1289 1246 1343; x_wconf 92' lang='lat' dir='ltr'>et</span> <span class='ocrx_word' id='word_1_126' title='bbox 1291 1281 1426 1343; x_wconf 84' lang='lat' dir='ltr'>haec</span> <span class='ocrx_word' id='word_1_127' title='bbox 1469 1283 1708 1344; x_wconf 87' lang='lat' dir='ltr'>veritas</span> <span class='ocrx_word' id='word_1_128' title='bbox 1752 1290 1968 1360; x_wconf 89' lang='lat' dir='ltr'>aperta</span> <span class='ocrx_word' id='word_1_129' title='bbox 2013 1284 2159 1345; x_wconf 88' lang='lat' dir='ltr'>erit.</span> 
     </span>
    </p>
   </div>
   <div class='ocr_carea' id='block_1_4' title="bbox 544 1417 3151 2475">
    <p class='ocr_par' dir='ltr' id='par_1_4' title="bbox 634 1417 2883 1506">
     <span class='ocr_line' id='line_1_14' title="bbox 634 1417 2883 1506; baseline 0.002 -25"><span class='ocrx_word' id='word_1_130' title='bbox 634 1418 831 1481; x_wconf 71' lang='grc'>918.</span> <span class='ocrx_word' id='word_1_131' title='bbox 883 1421 960 1499; x_wconf 87' lang='lat' dir='ltr'>Q.</span> <span class='ocrx_word' id='word_1_132' title='bbox 1007 1421 1067 1485; x_wconf 77' lang='lat'>4.</span> <span class='ocrx_word' id='word_1_133' title='bbox 1113 1418 1215 1484; x_wconf 77' lang='lat' dir='ltr'>An</span> <span class='ocrx_word' id='word_1_134' title='bbox 1262 1417 1441 1484; x_wconf 80' lang='lat' dir='ltr'>liceat</span> <span class='ocrx_word' id='word_1_135' title='bbox 1482 1417 1762 1503; x_wconf 66' lang='lat' dir='ltr'>fidelibus</span> <span class='ocrx_word' id='word_1_136' title='bbox 1806 1418 2262 1485; x_wconf 77' lang='lat' dir='ltr'>communicare</span> <span class='ocrx_word' id='word_1_137' title='bbox 2306 1438 2447 1485; x_wconf 86' lang='lat' dir='ltr'>cum</span> <span class='ocrx_word' id='word_1_138' title='bbox 2491 1418 2883 1506; x_wconf 76' lang='lat' dir='ltr'>infidelibus?</span> 
     </span>
    </p>

    <p class='ocr_par' dir='ltr' id='par_1_5' title="bbox 546 1522 3133 1824">
     <span class='ocr_line' id='line_1_15' title="bbox 635 1522 3133 1611; baseline -0.002 -14"><span class='ocrx_word' id='word_1_139' title='bbox 635 1532 706 1597; x_wconf 90' lang='lat' dir='ltr'>R.</span> <span class='ocrx_word' id='word_1_140' title='bbox 755 1524 1013 1611; x_wconf 81' lang='lat' dir='ltr'>Duplex</span> <span class='ocrx_word' id='word_1_141' title='bbox 1067 1523 1613 1591; x_wconf 81' lang='lat' dir='ltr'>communicatio:</span> <span class='ocrx_word' id='word_1_142' title='bbox 1677 1524 1879 1590; x_wconf 81' lang='lat' dir='ltr'>civilis</span> <span class='ocrx_word' id='word_1_143' title='bbox 1926 1530 1990 1591; x_wconf 91' lang='lat' dir='ltr'>et</span> <span class='ocrx_word' id='word_1_144' title='bbox 2035 1524 2349 1610; x_wconf 74' lang='lat' dir='ltr'>reliqiosa.</span> <span class='ocrx_word' id='word_1_145' title='bbox 2420 1525 2635 1592; x_wconf 89' lang='lat' dir='ltr'>Prima</span> <span class='ocrx_word' id='word_1_146' title='bbox 2706 1522 3012 1597; x_wconf 77' lang='lat' dir='ltr'>consistit</span> <span class='ocrx_word' id='word_1_147' title='bbox 3060 1523 3133 1592; x_wconf 83' lang='lat' dir='ltr'>in</span> 
     </span>
     <span class='ocr_line' id='line_1_16' title="bbox 547 1630 3125 1719; baseline -0.004 -12"><span class='ocrx_word' id='word_1_148' title='bbox 547 1638 744 1707; x_wconf 88' lang='lat' dir='ltr'>rebus</span> <span class='ocrx_word' id='word_1_149' title='bbox 792 1633 874 1700; x_wconf 90' lang='lat' dir='ltr'>ad</span> <span class='ocrx_word' id='word_1_150' title='bbox 920 1630 1388 1700; x_wconf 84' lang='lat' dir='ltr'>commercium</span> <span class='ocrx_word' id='word_1_151' title='bbox 1440 1630 1625 1699; x_wconf 88' lang='lat' dir='ltr'>civile</span> <span class='ocrx_word' id='word_1_152' title='bbox 1671 1638 1737 1698; x_wconf 88' lang='lat' dir='ltr'>et</span> <span class='ocrx_word' id='word_1_153' title='bbox 1780 1631 2112 1717; x_wconf 85' lang='lat' dir='ltr'>politicam</span> <span class='ocrx_word' id='word_1_154' title='bbox 2163 1630 2551 1701; x_wconf 88' lang='lat' dir='ltr'>societatem</span> <span class='ocrx_word' id='word_1_155' title='bbox 2599 1632 3125 1719; x_wconf 89' lang='lat' dir='ltr'>pertinentibus:</span> 
     </span>
     <span class='ocr_line' id='line_1_17' title="bbox 546 1734 2216 1824; baseline -0.005 -9"><span class='ocrx_word' id='word_1_156' title='bbox 546 1746 747 1815; x_wconf 88' lang='lat' dir='ltr'>altera</span> <span class='ocrx_word' id='word_1_157' title='bbox 795 1740 857 1808; x_wconf 90' lang='lat' dir='ltr'>in</span> <span class='ocrx_word' id='word_1_158' title='bbox 911 1739 1108 1807; x_wconf 88' lang='lat' dir='ltr'>rebus</span> <span class='ocrx_word' id='word_1_159' title='bbox 1156 1738 1611 1824; x_wconf 78' lang='lat' dir='ltr'>spectantibus</span> <span class='ocrx_word' id='word_1_160' title='bbox 1662 1737 1744 1805; x_wconf 91' lang='lat' dir='ltr'>ad</span> <span class='ocrx_word' id='word_1_161' title='bbox 1789 1734 2216 1824; x_wconf 83' lang='lat' dir='ltr'>Religionem.</span> 
     </span>
    </p>

    <p class='ocr_par' dir='ltr' id='par_1_6' title="bbox 544 1844 3151 2475">
     <span class='ocr_line' id='line_1_18' title="bbox 635 1844 3131 1932; baseline -0.002 -14"><span class='ocrx_word' id='word_1_162' title='bbox 635 1844 1159 1918; x_wconf 77' lang='lat' dir='ltr'>communicatio</span> <span class='ocrx_word' id='word_1_163' title='bbox 1207 1844 1414 1913; x_wconf 88' lang='lat' dir='ltr'>civilis</span> <span class='ocrx_word' id='word_1_164' title='bbox 1465 1863 1701 1931; x_wconf 58' lang='lat' dir='ltr'>pense</span> <span class='ocrx_word' id='word_1_165' title='bbox 1751 1865 1883 1914; x_wconf 92' lang='lat' dir='ltr'>non</span> <span class='ocrx_word' id='word_1_166' title='bbox 1932 1853 2031 1914; x_wconf 91' lang='lat' dir='ltr'>est</span> <span class='ocrx_word' id='word_1_167' title='bbox 2080 1847 2310 1928; x_wconf 78' lang='lat' dir='ltr'>vetita3</span> <span class='ocrx_word' id='word_1_168' title='bbox 2359 1846 2573 1931; x_wconf 89' lang='lat' dir='ltr'>inquit</span> <span class='ocrx_word' id='word_1_169' title='bbox 2621 1845 2796 1914; x_wconf 90' lang='lat' dir='ltr'>enim</span> <span class='ocrx_word' id='word_1_170' title='bbox 2844 1847 3131 1932; x_wconf 79' lang='lat' dir='ltr'>Aposto-</span> 
     </span>
     <span class='ocr_line' id='line_1_19' title="bbox 548 1952 3125 2042; baseline -0.002 -16"><span class='ocrx_word' id='word_1_171' title='bbox 548 1961 685 2026; x_wconf 87' lang='lat' dir='ltr'>lus:</span> <span class='ocrx_word' id='word_1_172' title='bbox 735 1957 799 2025; x_wconf 82' lang='lat' dir='ltr'>Si</span> <span class='ocrx_word' id='word_1_173' title='bbox 835 1956 976 2041; x_wconf 78' lang='lat' dir='ltr'>quis</span> <span class='ocrx_word' id='word_1_174' title='bbox 1021 1965 1195 2022; x_wconf 74' lang='lat' dir='ltr'>vocat</span> <span class='ocrx_word' id='word_1_175' title='bbox 1257 1973 1364 2020; x_wconf 86' lang='lat' dir='ltr'>vos</span> <span class='ocrx_word' id='word_1_176' title='bbox 1409 1953 1749 2040; x_wconf 73' lang='lat' dir='ltr'>infidelium</span> <span class='ocrx_word' id='word_1_177' title='bbox 1795 1966 1851 2021; x_wconf 82' lang='lat' dir='ltr'>et</span> <span class='ocrx_word' id='word_1_178' title='bbox 1896 1956 2083 2021; x_wconf 81' lang='lat' dir='ltr'>vultis</span> <span class='ocrx_word' id='word_1_179' title='bbox 2128 1957 2239 2037; x_wconf 82' lang='lat' dir='ltr'>ire,</span> <span class='ocrx_word' id='word_1_180' title='bbox 2291 1976 2465 2021; x_wconf 79' lang='lat' dir='ltr'>omne</span> <span class='ocrx_word' id='word_1_181' title='bbox 2510 1955 2673 2038; x_wconf 80' lang='lat' dir='ltr'>quod</span> <span class='ocrx_word' id='word_1_182' title='bbox 2718 1955 2886 2020; x_wconf 76' lang='lat' dir='ltr'>vobis</span> <span class='ocrx_word' id='word_1_183' title='bbox 2930 1952 3125 2042; x_wconf 73' lang='lat' dir='ltr'>appo-</span> 
     </span>
     <span class='ocr_line' id='line_1_20' title="bbox 544 2061 3151 2149; baseline -0 -15"><span class='ocrx_word' id='word_1_184' title='bbox 544 2067 737 2147; x_wconf 82' lang='lat' dir='ltr'>nitur,</span> <span class='ocrx_word' id='word_1_185' title='bbox 783 2062 1149 2130; x_wconf 76' lang='lat' dir='ltr'>manducate</span> <span class='ocrx_word' id='word_1_186' title='bbox 1180 2068 1228 2128; x_wconf 84' lang='lat'>¹.</span> <span class='ocrx_word' id='word_1_187' title='bbox 1280 2063 1587 2129; x_wconf 77' lang='lat' dir='ltr'>Ceterum</span> <span class='ocrx_word' id='word_1_188' title='bbox 1623 2080 1756 2149; x_wconf 84' lang='lat' dir='ltr'>per</span> <span class='ocrx_word' id='word_1_189' title='bbox 1800 2061 2102 2130; x_wconf 86' lang='lat' dir='ltr'>accidens</span> <span class='ocrx_word' id='word_1_190' title='bbox 2151 2064 2275 2130; x_wconf 87' lang='lat' dir='ltr'>erit</span> <span class='ocrx_word' id='word_1_191' title='bbox 2322 2061 2671 2149; x_wconf 89' lang='lat' dir='ltr'>prohibita,</span> <span class='ocrx_word' id='word_1_192' title='bbox 2714 2062 2767 2130; x_wconf 90' lang='lat' dir='ltr'>si</span> <span class='ocrx_word' id='word_1_193' title='bbox 2811 2062 2897 2129; x_wconf 90' lang='lat' dir='ltr'>sit</span> <span class='ocrx_word' id='word_1_194' title='bbox 2932 2061 3151 2133; x_wconf 76' lang='lat' dir='ltr'>nimis,</span> 
     </span>
     <span class='ocr_line' id='line_1_21' title="bbox 548 2168 3133 2255; baseline -0.002 -14"><span class='ocrx_word' id='word_1_195' title='bbox 548 2171 901 2251; x_wconf 81' lang='lat' dir='ltr'>familiaris,</span> <span class='ocrx_word' id='word_1_196' title='bbox 950 2168 1098 2236; x_wconf 91' lang='lat' dir='ltr'>ideo</span> <span class='ocrx_word' id='word_1_197' title='bbox 1146 2176 1211 2236; x_wconf 90' lang='lat' dir='ltr'>et</span> <span class='ocrx_word' id='word_1_198' title='bbox 1260 2168 1653 2253; x_wconf 85' lang='lat' dir='ltr'>periculosa.</span> <span class='ocrx_word' id='word_1_199' title='bbox 1701 2172 1782 2238; x_wconf 84' lang='lat' dir='ltr'>At</span> <span class='ocrx_word' id='word_1_200' title='bbox 1825 2169 2335 2238; x_wconf 87' lang='lat' dir='ltr'>communicatio</span> <span class='ocrx_word' id='word_1_201' title='bbox 2387 2169 2689 2254; x_wconf 88' lang='lat' dir='ltr'>religiosa</span> <span class='ocrx_word' id='word_1_202' title='bbox 2734 2169 3133 2255; x_wconf 87' lang='lat' dir='ltr'>prohibetur</span> 
     </span>
     <span class='ocr_line' id='line_1_22' title="bbox 546 2276 3127 2365; baseline -0.002 -15"><span class='ocrx_word' id='word_1_203' title='bbox 546 2285 701 2350; x_wconf 83' lang='lat' dir='ltr'>Iure</span> <span class='ocrx_word' id='word_1_204' title='bbox 736 2286 872 2346; x_wconf 88' lang='lat' dir='ltr'>tum</span> <span class='ocrx_word' id='word_1_205' title='bbox 908 2276 1207 2355; x_wconf 87' lang='lat' dir='ltr'>naturali,</span> <span class='ocrx_word' id='word_1_206' title='bbox 1253 2283 1390 2344; x_wconf 88' lang='lat' dir='ltr'>tum</span> <span class='ocrx_word' id='word_1_207' title='bbox 1439 2276 1696 2356; x_wconf 84' lang='lat' dir='ltr'>divino;</span> <span class='ocrx_word' id='word_1_208' title='bbox 1745 2285 1846 2347; x_wconf 92' lang='lat' dir='ltr'>est</span> <span class='ocrx_word' id='word_1_209' title='bbox 1878 2279 2054 2346; x_wconf 90' lang='lat' dir='ltr'>enim</span> <span class='ocrx_word' id='word_1_210' title='bbox 2105 2278 2406 2364; x_wconf 82' lang='lat' dir='ltr'>quaedam</span> <span class='ocrx_word' id='word_1_211' title='bbox 2458 2278 2749 2347; x_wconf 82' lang='lat' dir='ltr'>exterior</span> <span class='ocrx_word' id='word_1_212' title='bbox 2795 2278 3127 2365; x_wconf 83' lang='lat' dir='ltr'>professio</span> 
     </span>
     <span class='ocr_line' id='line_1_23' title="bbox 548 2383 3131 2475; baseline -0.002 -17"><span class='ocrx_word' id='word_1_213' title='bbox 548 2397 614 2458; x_wconf 90' lang='lat' dir='ltr'>et</span> <span class='ocrx_word' id='word_1_214' title='bbox 645 2385 1032 2475; x_wconf 86' lang='lat' dir='ltr'>approbatio</span> <span class='ocrx_word' id='word_1_215' title='bbox 1071 2383 1250 2452; x_wconf 83' lang='lat' dir='ltr'>falsae</span> <span class='ocrx_word' id='word_1_216' title='bbox 1284 2385 1662 2470; x_wconf 83' lang='lat' dir='ltr'>Religionis.</span> <span class='ocrx_word' id='word_1_217' title='bbox 1708 2384 1890 2455; x_wconf 88' lang='lat' dir='ltr'>Unde</span> <span class='ocrx_word' id='word_1_218' title='bbox 1938 2385 2111 2454; x_wconf 90' lang='lat' dir='ltr'>idem</span> <span class='ocrx_word' id='word_1_219' title='bbox 2158 2387 2549 2473; x_wconf 86' lang='lat' dir='ltr'>Apostolus:</span> <span class='ocrx_word' id='word_1_220' title='bbox 2589 2389 2738 2468; x_wconf 78' lang='lat' dir='ltr'>Quoe</span> <span class='ocrx_word' id='word_1_221' title='bbox 2773 2407 2939 2475; x_wconf 81' lang='lat' dir='ltr'>pars</span> <span class='ocrx_word' id='word_1_222' title='bbox 2966 2387 3131 2474; x_wconf 78' lang='lat' dir='ltr'>fideli</span> 
     </span>
    </p>
   </div>
   <div class='ocr_carea' id='block_1_5' title="bbox 547 2491 1091 2579">
    <p class='ocr_par' dir='ltr' id='par_1_7' title="bbox 547 2491 1091 2579">
     <span class='ocr_line' id='line_1_24' title="bbox 547 2491 1091 2579; baseline -0.013 -16"><span class='ocrx_word' id='word_1_223' title='bbox 547 2515 687 2563; x_wconf 79' lang='lat' dir='ltr'>cum</span> <span class='ocrx_word' id='word_1_224' title='bbox 729 2491 963 2579; x_wconf 75' lang='lat' dir='ltr'>infideli</span> <span class='ocrx_word' id='word_1_225' title='bbox 1009 2493 1035 2535; x_wconf 81' lang='lat'><strong>²</strong></span> <span class='ocrx_word' id='word_1_226' title='bbox 1060 2498 1091 2556; x_wconf 73' lang='lat' dir='ltr'><em>P</em></span> 
     </span>
    </p>
   </div>
   <div class='ocr_carea' id='block_1_6' title="bbox 546 2632 3131 3840">
    <p class='ocr_par' dir='ltr' id='par_1_8' title="bbox 546 2632 3129 3196">
     <span class='ocr_line' id='line_1_25' title="bbox 627 2632 3129 2716; baseline 0 -18"><span class='ocrx_word' id='word_1_227' title='bbox 627 2632 972 2716; x_wconf 90' lang='lat' dir='ltr'>Speciatim</span> <span class='ocrx_word' id='word_1_228' title='bbox 1017 2649 1170 2696; x_wconf 86' lang='lat' dir='ltr'>vero</span> <span class='ocrx_word' id='word_1_229' title='bbox 1212 2633 1285 2694; x_wconf 80' lang='lat' dir='ltr'>de</span> <span class='ocrx_word' id='word_1_230' title='bbox 1325 2632 1599 2712; x_wconf 78' lang='lat' dir='ltr'>fidelium</span> <span class='ocrx_word' id='word_1_231' title='bbox 1627 2635 2181 2697; x_wconf 75' lang='lat' dir='ltr'>communicatione</span> <span class='ocrx_word' id='word_1_232' title='bbox 2216 2652 2355 2696; x_wconf 78' lang='lat' dir='ltr'>cum</span> <span class='ocrx_word' id='word_1_233' title='bbox 2378 2635 2632 2712; x_wconf 72' lang='lat' dir='ltr'>judaeis,</span> <span class='ocrx_word' id='word_1_234' title='bbox 2665 2644 2795 2698; x_wconf 91' lang='lat' dir='ltr'>tum</span> <span class='ocrx_word' id='word_1_235' title='bbox 2833 2636 2913 2698; x_wconf 91' lang='lat' dir='ltr'>ad</span> <span class='ocrx_word' id='word_1_236' title='bbox 2957 2647 3129 2700; x_wconf 89' lang='lat' dir='ltr'>tuen-</span> 
     </span>
     <span class='ocr_line' id='line_1_26' title="bbox 549 2712 3123 2796; baseline 0 -17"><span class='ocrx_word' id='word_1_237' title='bbox 549 2717 693 2779; x_wconf 89' lang='lat' dir='ltr'>dam</span> <span class='ocrx_word' id='word_1_238' title='bbox 738 2717 1106 2779; x_wconf 80' lang='lat' dir='ltr'>christianae</span> <span class='ocrx_word' id='word_1_239' title='bbox 1136 2712 1492 2791; x_wconf 80' lang='lat' dir='ltr'>Religionis</span> <span class='ocrx_word' id='word_1_240' title='bbox 1529 2714 1932 2795; x_wconf 88' lang='lat' dir='ltr'>dignitatem‚</span> <span class='ocrx_word' id='word_1_241' title='bbox 1974 2724 2105 2778; x_wconf 92' lang='lat' dir='ltr'>tum</span> <span class='ocrx_word' id='word_1_242' title='bbox 2137 2714 2214 2776; x_wconf 87' lang='lat' dir='ltr'>ad</span> <span class='ocrx_word' id='word_1_243' title='bbox 2253 2714 2512 2779; x_wconf 85' lang='lat' dir='ltr'>vitanda</span> <span class='ocrx_word' id='word_1_244' title='bbox 2557 2718 2996 2796; x_wconf 86' lang='lat' dir='ltr'>perversionis</span> <span class='ocrx_word' id='word_1_245' title='bbox 3066 2732 3123 2779; x_wconf 86' lang='lat' dir='ltr'>e·</span> 
     </span>
     <span class='ocr_line' id='line_1_27' title="bbox 548 2733 3123 2876; baseline 0 -17"><span class='ocrx_word' id='word_1_246' title='bbox 548 2795 776 2872; x_wconf 87' lang='lat' dir='ltr'>ricula,</span> <span class='ocrx_word' id='word_1_247' title='bbox 806 2801 1111 2857; x_wconf 89' lang='lat' dir='ltr'>statutum</span> <span class='ocrx_word' id='word_1_248' title='bbox 1157 2802 1254 2855; x_wconf 89' lang='lat' dir='ltr'>est</span> <span class='ocrx_word' id='word_1_249' title='bbox 1296 2794 1372 2856; x_wconf 89' lang='lat' dir='ltr'>ab</span> <span class='ocrx_word' id='word_1_250' title='bbox 1418 2793 1694 2857; x_wconf 87' lang='lat' dir='ltr'>Ecclesia</span> <span class='ocrx_word' id='word_1_251' title='bbox 1744 2794 1809 2855; x_wconf 80' lang='lat'>⁸:</span> <span class='ocrx_word' id='word_1_252' title='bbox 1856 2795 1918 2875; x_wconf 85' lang='grc'>1)</span> <span class='ocrx_word' id='word_1_253' title='bbox 1963 2811 2043 2857; x_wconf 91' lang='lat' dir='ltr'>ne</span> <span class='ocrx_word' id='word_1_254' title='bbox 2088 2796 2421 2857; x_wconf 88' lang='lat' dir='ltr'>christiani</span> <span class='ocrx_word' id='word_1_255' title='bbox 2466 2812 2606 2859; x_wconf 88' lang='lat' dir='ltr'>cum</span> <span class='ocrx_word' id='word_1_256' title='bbox 2662 2796 2898 2876; x_wconf 78' lang='lat' dir='ltr'>judaeis</span> <span class='ocrx_word' id='word_1_257' title='bbox 2946 2733 3123 2860; x_wconf 54' lang='lat' dir='ltr'>hagi-</span> 
     </span>
     <span class='ocr_line' id='line_1_28' title="bbox 547 2876 3126 2953; baseline 0 -14"><span class='ocrx_word' id='word_1_258' title='bbox 547 2887 724 2950; x_wconf 88' lang='lat' dir='ltr'>tent;</span> <span class='ocrx_word' id='word_1_259' title='bbox 767 2890 972 2953; x_wconf 90' lang='lat' dir='ltr'>neque</span> <span class='ocrx_word' id='word_1_260' title='bbox 1014 2889 1234 2936; x_wconf 88' lang='lat' dir='ltr'>eorum</span> <span class='ocrx_word' id='word_1_261' title='bbox 1292 2877 1608 2937; x_wconf 86' lang='lat' dir='ltr'>conviviis</span> <span class='ocrx_word' id='word_1_262' title='bbox 1656 2879 1980 2952; x_wconf 85' lang='lat' dir='ltr'>intersint,</span> <span class='ocrx_word' id='word_1_263' title='bbox 2022 2885 2131 2939; x_wconf 89' lang='lat' dir='ltr'>aut</span> <span class='ocrx_word' id='word_1_264' title='bbox 2173 2879 2495 2939; x_wconf 90' lang='lat' dir='ltr'>communi</span> <span class='ocrx_word' id='word_1_265' title='bbox 2542 2876 2770 2939; x_wconf 87' lang='lat' dir='ltr'>balneo</span> <span class='ocrx_word' id='word_1_266' title='bbox 2817 2888 3126 2950; x_wconf 80' lang='lat' dir='ltr'>utantur:</span> 
     </span>
     <span class='ocr_line' id='line_1_29' title="bbox 546 2953 3121 3037; baseline 0 -17"><span class='ocrx_word' id='word_1_267' title='bbox 546 2959 613 3037; x_wconf 74' lang='lat'>2)</span> <span class='ocrx_word' id='word_1_268' title='bbox 645 2960 709 3020; x_wconf 93' lang='lat' dir='ltr'>in</span> <span class='ocrx_word' id='word_1_269' title='bbox 746 2955 971 3019; x_wconf 90' lang='lat' dir='ltr'>iisdem</span> <span class='ocrx_word' id='word_1_270' title='bbox 1009 2953 1431 3029; x_wconf 86' lang='lat' dir='ltr'>famulentur,</span> <span class='ocrx_word' id='word_1_271' title='bbox 1464 2965 1571 3018; x_wconf 87' lang='lat' dir='ltr'>aut</span> <span class='ocrx_word' id='word_1_272' title='bbox 1600 2956 1859 3018; x_wconf 88' lang='lat' dir='ltr'>eosdem</span> <span class='ocrx_word' id='word_1_273' title='bbox 1905 2956 2188 3018; x_wconf 90' lang='lat' dir='ltr'>medicos</span> <span class='ocrx_word' id='word_1_274' title='bbox 2232 2957 2618 3031; x_wconf 79' lang='lat' dir='ltr'>adhibeant3</span> <span class='ocrx_word' id='word_1_275' title='bbox 2656 2959 2724 3037; x_wconf 84' lang='lat'>3)</span> <span class='ocrx_word' id='word_1_276' title='bbox 2770 2974 2853 3019; x_wconf 90' lang='lat' dir='ltr'>ne</span> <span class='ocrx_word' id='word_1_277' title='bbox 2898 2974 3121 3021; x_wconf 89' lang='lat' dir='ltr'>eorum</span> 
     </span>
     <span class='ocr_line' id='line_1_30' title="bbox 549 3034 3125 3118; baseline 0 -18"><span class='ocrx_word' id='word_1_278' title='bbox 549 3040 788 3118; x_wconf 81' lang='lat' dir='ltr'>azymis</span> <span class='ocrx_word' id='word_1_279' title='bbox 831 3044 1215 3108; x_wconf 87' lang='lat' dir='ltr'>vescantur;</span> <span class='ocrx_word' id='word_1_280' title='bbox 1252 3034 1318 3114; x_wconf 82' lang='lat'>4)</span> <span class='ocrx_word' id='word_1_281' title='bbox 1362 3051 1444 3096; x_wconf 87' lang='lat' dir='ltr'>ne</span> <span class='ocrx_word' id='word_1_282' title='bbox 1489 3034 1791 3098; x_wconf 90' lang='lat' dir='ltr'>mulieres</span> <span class='ocrx_word' id='word_1_283' title='bbox 1835 3038 2203 3100; x_wconf 83' lang='lat' dir='ltr'>christianae</span> <span class='ocrx_word' id='word_1_284' title='bbox 2250 3037 2483 3100; x_wconf 87' lang='lat' dir='ltr'>lactent</span> <span class='ocrx_word' id='word_1_285' title='bbox 2518 3038 2882 3116; x_wconf 68' lang='lat' dir='ltr'>judaeorum</span> <span class='ocrx_word' id='word_1_286' title='bbox 2921 3039 3125 3101; x_wconf 80' lang='lat' dir='ltr'>inian-</span> 
     </span>
     <span class='ocr_line' id='line_1_31' title="bbox 552 3115 2175 3196; baseline -0.003 -15"><span class='ocrx_word' id='word_1_287' title='bbox 552 3127 644 3181; x_wconf 88' lang='lat' dir='ltr'>tes</span> <span class='ocrx_word' id='word_1_288' title='bbox 691 3127 813 3180; x_wconf 87' lang='lat' dir='ltr'>tam</span> <span class='ocrx_word' id='word_1_289' title='bbox 860 3131 1081 3179; x_wconf 88' lang='lat' dir='ltr'>eorum</span> <span class='ocrx_word' id='word_1_290' title='bbox 1126 3115 1318 3191; x_wconf 83' lang='lat' dir='ltr'>domi,</span> <span class='ocrx_word' id='word_1_291' title='bbox 1362 3131 1550 3195; x_wconf 88' lang='lat' dir='ltr'>quam</span> <span class='ocrx_word' id='word_1_292' title='bbox 1597 3116 1765 3178; x_wconf 90' lang='lat' dir='ltr'>domi</span> <span class='ocrx_word' id='word_1_293' title='bbox 1816 3119 2089 3196; x_wconf 83' lang='lat' dir='ltr'>propriae</span> <span class='ocrx_word' id='word_1_294' title='bbox 2131 3115 2175 3176; x_wconf 73' lang='lat'>⁴.</span> 
     </span>
    </p>

    <p class='ocr_par' dir='ltr' id='par_1_9' title="bbox 550 3195 3131 3840">
     <span class='ocr_line' id='line_1_32' title="bbox 629 3195 3127 3277; baseline 0 -18"><span class='ocrx_word' id='word_1_295' title='bbox 629 3200 846 3277; x_wconf 80' lang='lat' dir='ltr'>Ajunt,</span> <span class='ocrx_word' id='word_1_296' title='bbox 889 3195 1053 3276; x_wconf 87' lang='lat' dir='ltr'>quod</span> <span class='ocrx_word' id='word_1_297' title='bbox 1099 3197 1356 3258; x_wconf 80' lang='lat' dir='ltr'>excluso</span> <span class='ocrx_word' id='word_1_298' title='bbox 1402 3204 1782 3275; x_wconf 83' lang='lat' dir='ltr'>quocunque</span> <span class='ocrx_word' id='word_1_299' title='bbox 1825 3197 2124 3260; x_wconf 88' lang='lat' dir='ltr'>scandalo</span> <span class='ocrx_word' id='word_1_300' title='bbox 2155 3206 2221 3259; x_wconf 90' lang='lat' dir='ltr'>et</span> <span class='ocrx_word' id='word_1_301' title='bbox 2253 3197 2683 3274; x_wconf 85' lang='lat' dir='ltr'>perversionis</span> <span class='ocrx_word' id='word_1_302' title='bbox 2729 3198 3021 3276; x_wconf 87' lang='lat' dir='ltr'>periculo</span> <span class='ocrx_word' id='word_1_303' title='bbox 3050 3213 3127 3261; x_wconf 91' lang='lat' dir='ltr'>ac</span> 
     </span>
     <span class='ocr_line' id='line_1_33' title="bbox 552 3276 3127 3359; baseline 0.001 -20"><span class='ocrx_word' id='word_1_304' title='bbox 552 3277 859 3359; x_wconf 90' lang='lat' dir='ltr'>peculiari</span> <span class='ocrx_word' id='word_1_305' title='bbox 902 3276 1375 3356; x_wconf 87' lang='lat' dir='ltr'>prohibitione,</span> <span class='ocrx_word' id='word_1_306' title='bbox 1418 3277 1833 3355; x_wconf 87' lang='lat' dir='ltr'>probabiliter</span> <span class='ocrx_word' id='word_1_307' title='bbox 1871 3295 1997 3340; x_wconf 88' lang='lat' dir='ltr'>non</span> <span class='ocrx_word' id='word_1_308' title='bbox 2040 3286 2136 3341; x_wconf 87' lang='lat' dir='ltr'>est</span> <span class='ocrx_word' id='word_1_309' title='bbox 2180 3278 2449 3354; x_wconf 88' lang='lat' dir='ltr'>lethale,</span> <span class='ocrx_word' id='word_1_310' title='bbox 2491 3280 2543 3341; x_wconf 91' lang='lat' dir='ltr'>si</span> <span class='ocrx_word' id='word_1_311' title='bbox 2569 3281 2711 3357; x_wconf 88' lang='lat' dir='ltr'>quis</span> <span class='ocrx_word' id='word_1_312' title='bbox 2754 3278 2852 3341; x_wconf 89' lang='lat' dir='ltr'>vel</span> <span class='ocrx_word' id='word_1_313' title='bbox 2900 3295 3127 3342; x_wconf 87' lang='lat' dir='ltr'>eorum</span> 
     </span>
     <span class='ocr_line' id='line_1_34' title="bbox 552 3356 3121 3437; baseline 0 -16"><span class='ocrx_word' id='word_1_314' title='bbox 552 3356 736 3421; x_wconf 85' lang='lat' dir='ltr'>adeat</span> <span class='ocrx_word' id='word_1_315' title='bbox 777 3357 1161 3437; x_wconf 75' lang='lat' dir='ltr'>synagogas,</span> <span class='ocrx_word' id='word_1_316' title='bbox 1206 3358 1305 3420; x_wconf 90' lang='lat' dir='ltr'>vel</span> <span class='ocrx_word' id='word_1_317' title='bbox 1351 3358 1592 3436; x_wconf 90' lang='lat' dir='ltr'>nuptiis</span> <span class='ocrx_word' id='word_1_318' title='bbox 1660 3361 1937 3435; x_wconf 80' lang='lat' dir='ltr'>intersit,</span> <span class='ocrx_word' id='word_1_319' title='bbox 1979 3357 2075 3421; x_wconf 81' lang='lat' dir='ltr'>vel</span> <span class='ocrx_word' id='word_1_320' title='bbox 2125 3358 2303 3421; x_wconf 88' lang='lat' dir='ltr'>ludat</span> <span class='ocrx_word' id='word_1_321' title='bbox 2346 3374 2487 3421; x_wconf 91' lang='lat' dir='ltr'>cum</span> <span class='ocrx_word' id='word_1_322' title='bbox 2549 3359 2723 3437; x_wconf 89' lang='lat' dir='ltr'>ipsis.</span> <span class='ocrx_word' id='word_1_323' title='bbox 2771 3357 2900 3420; x_wconf 90' lang='lat' dir='ltr'>Imo</span> <span class='ocrx_word' id='word_1_324' title='bbox 2950 3358 3121 3422; x_wconf 84' lang='lat' dir='ltr'>nulla</span> 
     </span>
     <span class='ocr_line' id='line_1_35' title="bbox 550 3436 3127 3517; baseline 0 -16"><span class='ocrx_word' id='word_1_325' title='bbox 550 3446 650 3501; x_wconf 89' lang='lat' dir='ltr'>est</span> <span class='ocrx_word' id='word_1_326' title='bbox 692 3437 893 3516; x_wconf 84' lang='lat' dir='ltr'>culpa,</span> <span class='ocrx_word' id='word_1_327' title='bbox 938 3439 988 3498; x_wconf 92' lang='lat' dir='ltr'>si</span> <span class='ocrx_word' id='word_1_328' title='bbox 1037 3437 1094 3498; x_wconf 89' lang='lat' dir='ltr'>id</span> <span class='ocrx_word' id='word_1_329' title='bbox 1143 3436 1254 3499; x_wconf 83' lang='lat' dir='ltr'>fiat</span> <span class='ocrx_word' id='word_1_330' title='bbox 1297 3437 1375 3498; x_wconf 91' lang='lat' dir='ltr'>ob</span> <span class='ocrx_word' id='word_1_331' title='bbox 1412 3437 1858 3500; x_wconf 79' lang='lat' dir='ltr'>rationabilem</span> <span class='ocrx_word' id='word_1_332' title='bbox 1891 3439 2168 3517; x_wconf 89' lang='lat' dir='ltr'>aliquam</span> <span class='ocrx_word' id='word_1_333' title='bbox 2201 3454 2477 3514; x_wconf 84' lang='lat' dir='ltr'>causam,</span> <span class='ocrx_word' id='word_1_334' title='bbox 2515 3438 2613 3501; x_wconf 88' lang='lat' dir='ltr'>vel</span> <span class='ocrx_word' id='word_1_335' title='bbox 2654 3440 3127 3502; x_wconf 84' lang='lat' dir='ltr'>consuetudine</span> 
     </span>
     <span class='ocr_line' id='line_1_36' title="bbox 553 3514 3119 3599; baseline 0.001 -18"><span class='ocrx_word' id='word_1_336' title='bbox 553 3520 1059 3581; x_wconf 87' lang='lat' dir='ltr'>interveniente:</span> <span class='ocrx_word' id='word_1_337' title='bbox 1104 3532 1245 3595; x_wconf 79' lang='lat' dir='ltr'>quae</span> <span class='ocrx_word' id='word_1_338' title='bbox 1293 3514 1482 3578; x_wconf 88' lang='lat' dir='ltr'>hodie</span> <span class='ocrx_word' id='word_1_339' title='bbox 1526 3517 1731 3579; x_wconf 80' lang='lat' dir='ltr'>ferme</span> <span class='ocrx_word' id='word_1_340' title='bbox 1776 3518 2010 3596; x_wconf 91' lang='lat' dir='ltr'>ubique</span> <span class='ocrx_word' id='word_1_341' title='bbox 2074 3520 2366 3591; x_wconf 88' lang='lat' dir='ltr'>obtinet,</span> <span class='ocrx_word' id='word_1_342' title='bbox 2427 3528 2760 3599; x_wconf 84' lang='lat' dir='ltr'>postquam</span> <span class='ocrx_word' id='word_1_343' title='bbox 2806 3521 3119 3598; x_wconf 84' lang='lat' dir='ltr'>gnbernia</span> 
     </span>
     <span class='ocr_line' id='line_1_37' title="bbox 552 3598 3131 3679; baseline 0.001 -17"><span class='ocrx_word' id='word_1_344' title='bbox 552 3598 982 3678; x_wconf 73' lang='lat' dir='ltr'>aequalitatem</span> <span class='ocrx_word' id='word_1_345' title='bbox 1021 3598 1264 3675; x_wconf 84' lang='lat' dir='ltr'>jnrium</span> <span class='ocrx_word' id='word_1_346' title='bbox 1307 3598 1594 3660; x_wconf 83' lang='lat' dir='ltr'>civilium</span> <span class='ocrx_word' id='word_1_347' title='bbox 1637 3615 1782 3660; x_wconf 91' lang='lat' dir='ltr'>cum</span> <span class='ocrx_word' id='word_1_348' title='bbox 1847 3600 2222 3662; x_wconf 90' lang='lat' dir='ltr'>christianis</span> <span class='ocrx_word' id='word_1_349' title='bbox 2287 3599 2739 3677; x_wconf 85' lang='lat' dir='ltr'>contulerunt,</span> <span class='ocrx_word' id='word_1_350' title='bbox 2791 3616 3131 3679; x_wconf 83' lang='lat' dir='ltr'>supremos</span> 
     </span>
     <span class='ocr_line' id='line_1_38' title="bbox 552 3677 3126 3762; baseline 0 -18"><span class='ocrx_word' id='word_1_351' title='bbox 552 3682 742 3744; x_wconf 88' lang='lat' dir='ltr'>etiam</span> <span class='ocrx_word' id='word_1_352' title='bbox 789 3679 1197 3758; x_wconf 83' lang='lat' dir='ltr'>magistratus</span> <span class='ocrx_word' id='word_1_353' title='bbox 1232 3695 1304 3739; x_wconf 90' lang='lat' dir='ltr'>ac</span> <span class='ocrx_word' id='word_1_354' title='bbox 1347 3677 1762 3756; x_wconf 68' lang='lat' dir='ltr'>praefecturas</span> <span class='ocrx_word' id='word_1_355' title='bbox 1794 3677 2148 3743; x_wconf 82' lang='lat' dir='ltr'>tribuentes</span> <span class='ocrx_word' id='word_1_356' title='bbox 2178 3679 2225 3740; x_wconf 80' lang='lat'>⁵.</span> <span class='ocrx_word' id='word_1_357' title='bbox 2262 3680 2497 3743; x_wconf 87' lang='lat' dir='ltr'>Verum</span> <span class='ocrx_word' id='word_1_358' title='bbox 2529 3681 2778 3760; x_wconf 89' lang='lat' dir='ltr'>(monet</span> <span class='ocrx_word' id='word_1_359' title='bbox 2807 3680 3126 3762; x_wconf 82' lang='lat' dir='ltr'>Perrone)</span> 
     </span>
     <span class='ocr_line' id='line_1_39' title="bbox 552 3757 3128 3840; baseline 0 -16"><span class='ocrx_word' id='word_1_360' title='bbox 552 3761 695 3824; x_wconf 88' lang='lat' dir='ltr'>ideo</span> <span class='ocrx_word' id='word_1_361' title='bbox 736 3757 1060 3839; x_wconf 73' lang='lat' dir='ltr'>magisah</span> <span class='ocrx_word' id='word_1_362' title='bbox 1102 3757 1236 3820; x_wconf 87' lang='lat' dir='ltr'>illis</span> <span class='ocrx_word' id='word_1_363' title='bbox 1280 3757 1637 3821; x_wconf 86' lang='lat' dir='ltr'>cavendum</span> <span class='ocrx_word' id='word_1_364' title='bbox 1683 3768 1819 3833; x_wconf 81' lang='lat' dir='ltr'>est3</span> <span class='ocrx_word' id='word_1_365' title='bbox 1864 3776 2012 3822; x_wconf 87' lang='lat' dir='ltr'>nam</span> <span class='ocrx_word' id='word_1_366' title='bbox 2054 3776 2133 3822; x_wconf 84' lang='lat' dir='ltr'>ex</span> <span class='ocrx_word' id='word_1_367' title='bbox 2177 3777 2301 3823; x_wconf 89' lang='lat' dir='ltr'>una</span> <span class='ocrx_word' id='word_1_368' title='bbox 2350 3771 2528 3840; x_wconf 90' lang='lat' dir='ltr'>parte</span> <span class='ocrx_word' id='word_1_369' title='bbox 2564 3761 2661 3822; x_wconf 88' lang='lat' dir='ltr'>his</span> <span class='ocrx_word' id='word_1_370' title='bbox 2695 3759 2844 3823; x_wconf 76' lang='lat' dir='ltr'>freti</span> <span class='ocrx_word' id='word_1_371' title='bbox 2898 3760 3128 3825; x_wconf 81' lang='lat' dir='ltr'>fulcris</span> 
     </span>
    </p>
   </div>
   <div class='ocr_carea' id='block_1_7' title="bbox 491 3977 3139 4790">
    <p class='ocr_par' dir='ltr' id='par_1_10' title="bbox 609 3977 2994 4041">
     <span class='ocr_line' id='line_1_40' title="bbox 609 3977 2994 4041; baseline 0.001 -10"><span class='ocrx_word' id='word_1_372' title='bbox 609 3981 631 4021; x_wconf 85' lang='lat'><strong>¹</strong></span> <span class='ocrx_word' id='word_1_373' title='bbox 668 3994 704 4040; x_wconf 88' lang='grc' dir='ltr'>ι,</span> <span class='ocrx_word' id='word_1_374' title='bbox 738 3983 857 4033; x_wconf 85' lang='lat' dir='ltr'>Cor.</span> <span class='ocrx_word' id='word_1_375' title='bbox 889 3990 946 4030; x_wconf 79' lang='lat' dir='ltr'>x.</span> <span class='ocrx_word' id='word_1_376' title='bbox 980 4003 1044 4015; x_wconf 93' lang='lat'>—</span> <span class='ocrx_word' id='word_1_377' title='bbox 1084 3979 1136 4027; x_wconf 89' lang='lat' dir='ltr'>V.</span> <span class='ocrx_word' id='word_1_378' title='bbox 1172 3977 1405 4040; x_wconf 81' lang='lat' dir='ltr'>Lignori,</span> <span class='ocrx_word' id='word_1_379' title='bbox 1443 3977 1534 4040; x_wconf 81' lang='lat' dir='ltr'>op.</span> <span class='ocrx_word' id='word_1_380' title='bbox 1569 3980 1727 4039; x_wconf 66' lang='lat' dir='ltr'>Mor„</span> <span class='ocrx_word' id='word_1_381' title='bbox 1763 3980 1797 4029; x_wconf 90' lang='lat' dir='ltr'>l.</span> <span class='ocrx_word' id='word_1_382' title='bbox 1831 3992 1888 4040; x_wconf 90' lang='grc' dir='ltr'>ιι,</span> <span class='ocrx_word' id='word_1_383' title='bbox 1922 3990 1974 4029; x_wconf 89' lang='grc' dir='ltr'>ιι.</span> <span class='ocrx_word' id='word_1_384' title='bbox 2009 3981 2069 4032; x_wconf 85' lang='grc'>18</span> <span class='ocrx_word' id='word_1_385' title='bbox 2623 3979 2649 4021; x_wconf 79' lang='lat'>²</span> <span class='ocrx_word' id='word_1_386' title='bbox 2679 3992 2736 4041; x_wconf 85' lang='lat'>11,</span> <span class='ocrx_word' id='word_1_387' title='bbox 2767 3981 2885 4033; x_wconf 85' lang='lat' dir='ltr'>Cor.</span> <span class='ocrx_word' id='word_1_388' title='bbox 2917 3994 2994 4034; x_wconf 77' lang='lat' dir='ltr'>vi.</span> 
     </span>
    </p>

    <p class='ocr_par' dir='ltr' id='par_1_11' title="bbox 548 4043 3134 4167">
     <span class='ocr_line' id='line_1_41' title="bbox 609 4043 3134 4108; baseline 0 -13"><span class='ocrx_word' id='word_1_389' title='bbox 609 4044 631 4084; x_wconf 81' lang='lat'>⁸</span> <span class='ocrx_word' id='word_1_390' title='bbox 664 4045 721 4095; x_wconf 88' lang='lat' dir='ltr'>C.</span> <span class='ocrx_word' id='word_1_391' title='bbox 752 4044 962 4100; x_wconf 80' lang='lat' dir='ltr'>nullus,·</span> <span class='ocrx_word' id='word_1_392' title='bbox 994 4054 1040 4092; x_wconf 86' lang='lat' dir='ltr'>c.</span> <span class='ocrx_word' id='word_1_393' title='bbox 1075 4043 1260 4100; x_wconf 80' lang='lat' dir='ltr'>omnis,</span> <span class='ocrx_word' id='word_1_394' title='bbox 1292 4051 1340 4091; x_wconf 91' lang='lat' dir='ltr'>c.</span> <span class='ocrx_word' id='word_1_395' title='bbox 1365 4043 1546 4104; x_wconf 77' lang='lat' dir='ltr'>judoei.</span> <span class='ocrx_word' id='word_1_396' title='bbox 1579 4066 1642 4079; x_wconf 89' lang='lat'><em>-</em></span> <span class='ocrx_word' id='word_1_397' title='bbox 1682 4043 1738 4092; x_wconf 76' lang='lat' dir='ltr'>V.</span> <span class='ocrx_word' id='word_1_398' title='bbox 1771 4043 2083 4093; x_wconf 85' lang='lat' dir='ltr'>Benedictus</span> <span class='ocrx_word' id='word_1_399' title='bbox 2115 4043 2250 4103; x_wconf 85' lang='lat' dir='ltr'>XIV,</span> <span class='ocrx_word' id='word_1_400' title='bbox 2306 4043 2586 4107; x_wconf 67' lang='lat' dir='ltr'>encyclica</span> <span class='ocrx_word' id='word_1_401' title='bbox 2635 4043 2679 4094; x_wconf 74' lang='lat' dir='ltr'><em>A</em></span> <span class='ocrx_word' id='word_1_402' title='bbox 2728 4056 2827 4106; x_wconf 75' lang='lat' dir='ltr'>quo</span> <span class='ocrx_word' id='word_1_403' title='bbox 2875 4046 3134 4108; x_wconf 78' lang='lat' dir='ltr'>primuni,</span> 
     </span>
     <span class='ocr_line' id='line_1_42' title="bbox 548 4093 2369 4167; baseline -0.001 -9"><span class='ocrx_word' id='word_1_404' title='bbox 548 4118 691 4158; x_wconf 88' lang='lat' dir='ltr'>anno</span> <span class='ocrx_word' id='word_1_405' title='bbox 726 4108 859 4158; x_wconf 75' lang='grc'><strong>1751.</strong></span> <span class='ocrx_word' id='word_1_406' title='bbox 893 4130 954 4142; x_wconf 92' lang='lat'>-</span> <span class='ocrx_word' id='word_1_407' title='bbox 989 4103 1206 4165; x_wconf 85' lang='lat' dir='ltr'>Rupert,</span> <span class='ocrx_word' id='word_1_408' title='bbox 1243 4093 1481 4166; x_wconf 73' lang='lat' dir='ltr'>L&#39;eqise</span> <span class='ocrx_word' id='word_1_409' title='bbox 1511 4106 1559 4152; x_wconf 76' lang='lat' dir='ltr'>et</span> <span class='ocrx_word' id='word_1_410' title='bbox 1590 4106 1645 4154; x_wconf 84' lang='lat' dir='ltr'>ta</span> <span class='ocrx_word' id='word_1_411' title='bbox 1680 4106 1973 4167; x_wconf 69' lang='lat' dir='ltr'>Synaqoque</span> <span class='ocrx_word' id='word_1_412' title='bbox 2030 4105 2196 4166; x_wconf 82' lang='lat' dir='ltr'>Paris,</span> <span class='ocrx_word' id='word_1_413' title='bbox 2230 4107 2369 4156; x_wconf 78' lang='lat'><strong>1859.</strong></span> 
     </span>
    </p>

    <p class='ocr_par' dir='ltr' id='par_1_12' title="bbox 491 4165 3123 4291">
     <span class='ocr_line' id='line_1_43' title="bbox 608 4165 3123 4230; baseline 0 -11"><span class='ocrx_word' id='word_1_414' title='bbox 608 4168 631 4207; x_wconf 77' lang='lat'>⁴</span> <span class='ocrx_word' id='word_1_415' title='bbox 665 4168 792 4219; x_wconf 83' lang='lat' dir='ltr'>Pius</span> <span class='ocrx_word' id='word_1_416' title='bbox 828 4168 910 4225; x_wconf 86' lang='lat' dir='ltr'>IV,</span> <span class='ocrx_word' id='word_1_417' title='bbox 943 4168 1127 4217; x_wconf 87' lang='lat' dir='ltr'>Const.</span> <span class='ocrx_word' id='word_1_418' title='bbox 1166 4165 1291 4216; x_wconf 81' lang='lat' dir='ltr'>Cum</span> <span class='ocrx_word' id='word_1_419' title='bbox 1322 4169 1474 4217; x_wconf 78' lang='lat' dir='ltr'>enim.</span> <span class='ocrx_word' id='word_1_420' title='bbox 1510 4165 1562 4216; x_wconf 85' lang='lat' dir='ltr'>S.</span> <span class='ocrx_word' id='word_1_421' title='bbox 1598 4168 1656 4217; x_wconf 90' lang='lat' dir='ltr'>C.</span> <span class='ocrx_word' id='word_1_422' title='bbox 1689 4169 1742 4217; x_wconf 82' lang='lat' dir='ltr'>C.</span> <span class='ocrx_word' id='word_1_423' title='bbox 1779 4169 1838 4217; x_wconf 76' lang='grc'>15</span> <span class='ocrx_word' id='word_1_424' title='bbox 1870 4168 2063 4227; x_wconf 83' lang='lat' dir='ltr'>martIi,</span> <span class='ocrx_word' id='word_1_425' title='bbox 2098 4169 2238 4219; x_wconf 74' lang='lat'><strong>1612.</strong></span> <span class='ocrx_word' id='word_1_426' title='bbox 2271 4192 2335 4203; x_wconf 90' lang='lat'>—</span> <span class='ocrx_word' id='word_1_427' title='bbox 2366 4168 2492 4230; x_wconf 89' lang='lat' dir='ltr'>Cap.</span> <span class='ocrx_word' id='word_1_428' title='bbox 2526 4169 2559 4218; x_wconf 74' lang='lat'>5</span> <span class='ocrx_word' id='word_1_429' title='bbox 2589 4170 2645 4221; x_wconf 83' lang='lat' dir='ltr'>et</span> <span class='ocrx_word' id='word_1_430' title='bbox 2683 4172 2732 4230; x_wconf 84' lang='lat'>8,</span> <span class='ocrx_word' id='word_1_431' title='bbox 2789 4172 2864 4221; x_wconf 76' lang='lat' dir='ltr'>tit.</span> <span class='ocrx_word' id='word_1_432' title='bbox 2922 4170 2995 4220; x_wconf 75' lang='lat' dir='ltr'>De</span> <span class='ocrx_word' id='word_1_433' title='bbox 3041 4171 3123 4219; x_wconf 71' lang='lat' dir='ltr'>Ja-</span> 
     </span>
     <span class='ocr_line' id='line_1_44' title="bbox 491 4229 1808 4291; baseline -0.007 -6"><span class='ocrx_word' id='word_1_434' title='bbox 491 4276 498 4285; x_wconf 77' lang='grc'><strong>.</strong></span> <span class='ocrx_word' id='word_1_435' title='bbox 547 4234 670 4284; x_wconf 74' lang='lat' dir='ltr'>doeis</span> <span class='ocrx_word' id='word_1_436' title='bbox 699 4236 748 4282; x_wconf 86' lang='lat' dir='ltr'>et</span> <span class='ocrx_word' id='word_1_437' title='bbox 779 4230 1020 4281; x_wconf 81' lang='lat' dir='ltr'>Saracen.</span> <span class='ocrx_word' id='word_1_438' title='bbox 1056 4251 1119 4262; x_wconf 91' lang='lat'>—</span> <span class='ocrx_word' id='word_1_439' title='bbox 1153 4229 1420 4291; x_wconf 83' lang='lat' dir='ltr'>Ferraris;</span> <span class='ocrx_word' id='word_1_440' title='bbox 1459 4229 1516 4279; x_wconf 87' lang='lat' dir='ltr'>V.</span> <span class='ocrx_word' id='word_1_441' title='bbox 1551 4229 1808 4279; x_wconf 68' lang='lat' dir='ltr'>Hebraeus.</span> 
     </span>
    </p>

    <p class='ocr_par' dir='ltr' id='par_1_13' title="bbox 543 4288 3139 4790">
     <span class='ocr_line' id='line_1_45' title="bbox 609 4288 3131 4354; baseline -0.001 -9"><span class='ocrx_word' id='word_1_442' title='bbox 609 4293 634 4333; x_wconf 78' lang='lat'>³</span> <span class='ocrx_word' id='word_1_443' title='bbox 668 4290 933 4345; x_wconf 84' lang='lat' dir='ltr'>Gubernia</span> <span class='ocrx_word' id='word_1_444' title='bbox 965 4289 1094 4341; x_wconf 91' lang='lat' dir='ltr'>olim</span> <span class='ocrx_word' id='word_1_445' title='bbox 1116 4288 1323 4351; x_wconf 69' lang='lat' dir='ltr'>judaeos</span> <span class='ocrx_word' id='word_1_446' title='bbox 1354 4293 1469 4341; x_wconf 87' lang='lat' dir='ltr'>sine</span> <span class='ocrx_word' id='word_1_447' title='bbox 1504 4290 1866 4341; x_wconf 83' lang='lat' dir='ltr'>misericordia</span> <span class='ocrx_word' id='word_1_448' title='bbox 1900 4288 2368 4354; x_wconf 86' lang='lat' dir='ltr'>persequebantur,</span> <span class='ocrx_word' id='word_1_449' title='bbox 2404 4289 2561 4342; x_wconf 88' lang='lat' dir='ltr'>bodie</span> <span class='ocrx_word' id='word_1_450' title='bbox 2590 4292 2695 4343; x_wconf 89' lang='lat' dir='ltr'>illis</span> <span class='ocrx_word' id='word_1_451' title='bbox 2729 4293 2913 4343; x_wconf 86' lang='lat' dir='ltr'>omnia</span> <span class='ocrx_word' id='word_1_452' title='bbox 2946 4303 3131 4344; x_wconf 80' lang='lat' dir='ltr'>conce·</span> 
     </span>
     <span class='ocr_line' id='line_1_46' title="bbox 549 4351 3133 4419; baseline -0.001 -12"><span class='ocrx_word' id='word_1_453' title='bbox 549 4357 698 4414; x_wconf 88' lang='lat' dir='ltr'>dunt,</span> <span class='ocrx_word' id='word_1_454' title='bbox 734 4366 797 4404; x_wconf 84' lang='lat' dir='ltr'>ac</span> <span class='ocrx_word' id='word_1_455' title='bbox 829 4351 1098 4403; x_wconf 75' lang='lat' dir='ltr'>blanditiis</span> <span class='ocrx_word' id='word_1_456' title='bbox 1132 4351 1409 4411; x_wconf 88' lang='lat' dir='ltr'>deliniunt,</span> <span class='ocrx_word' id='word_1_457' title='bbox 1445 4352 1575 4402; x_wconf 78' lang='lat' dir='ltr'>falso</span> <span class='ocrx_word' id='word_1_458' title='bbox 1608 4352 1955 4404; x_wconf 83' lang='lat' dir='ltr'>humanitatis</span> <span class='ocrx_word' id='word_1_459' title='bbox 1989 4353 2258 4415; x_wconf 76' lang='lat' dir='ltr'>praetextu.</span> <span class='ocrx_word' id='word_1_460' title='bbox 2296 4354 2460 4404; x_wconf 78' lang='lat' dir='ltr'>Aliter</span> <span class='ocrx_word' id='word_1_461' title='bbox 2494 4354 2736 4406; x_wconf 82' lang='lat' dir='ltr'>Romana</span> <span class='ocrx_word' id='word_1_462' title='bbox 2770 4354 2952 4415; x_wconf 74' lang='lat' dir='ltr'>SedeS,</span> <span class='ocrx_word' id='word_1_463' title='bbox 2986 4367 3133 4419; x_wconf 71' lang='lat' dir='ltr'>-quae</span> 
     </span>
     <span class='ocr_line' id='line_1_47' title="bbox 548 4413 3126 4485; baseline -0.001 -16"><span class='ocrx_word' id='word_1_464' title='bbox 548 4420 605 4469; x_wconf 85' lang='lat' dir='ltr'>in</span> <span class='ocrx_word' id='word_1_465' title='bbox 641 4417 978 4468; x_wconf 77' lang='lat' dir='ltr'>Lateranensi</span> <span class='ocrx_word' id='word_1_466' title='bbox 1013 4414 1085 4466; x_wconf 93' lang='lat' dir='ltr'>IV</span> <span class='ocrx_word' id='word_1_467' title='bbox 1118 4413 1282 4465; x_wconf 87' lang='lat' dir='ltr'>edidit</span> <span class='ocrx_word' id='word_1_468' title='bbox 1313 4426 1559 4485; x_wconf 45' lang='lat' dir='ltr'>canones,</span> <span class='ocrx_word' id='word_1_469' title='bbox 1576 4415 1644 4465; x_wconf 86' lang='lat' dir='ltr'>ad</span> <span class='ocrx_word' id='word_1_470' title='bbox 1682 4415 1894 4466; x_wconf 86' lang='lat' dir='ltr'>illorum</span> <span class='ocrx_word' id='word_1_471' title='bbox 1927 4414 2311 4466; x_wconf 86' lang='lat' dir='ltr'>retundendam</span> <span class='ocrx_word' id='word_1_472' title='bbox 2362 4416 2760 4478; x_wconf 83' lang='lat' dir='ltr'>improbitatem</span> <span class='ocrx_word' id='word_1_473' title='bbox 2809 4420 2861 4468; x_wconf 90' lang='lat' dir='ltr'>et</span> <span class='ocrx_word' id='word_1_474' title='bbox 2894 4427 3126 4478; x_wconf 82' lang='lat' dir='ltr'>usuras;</span> 
     </span>
     <span class='ocr_line' id='line_1_48' title="bbox 549 4475 3137 4542; baseline -0 -11"><span class='ocrx_word' id='word_1_475' title='bbox 549 4483 604 4531; x_wconf 87' lang='lat' dir='ltr'>at</span> <span class='ocrx_word' id='word_1_476' title='bbox 634 4489 910 4542; x_wconf 82' lang='lat' dir='ltr'>nunquam</span> <span class='ocrx_word' id='word_1_477' title='bbox 942 4486 1130 4527; x_wconf 85' lang='lat' dir='ltr'>eorum</span> <span class='ocrx_word' id='word_1_478' title='bbox 1165 4487 1422 4540; x_wconf 84' lang='lat' dir='ltr'>personas</span> <span class='ocrx_word' id='word_1_479' title='bbox 1454 4487 1518 4526; x_wconf 86' lang='lat' dir='ltr'>ac</span> <span class='ocrx_word' id='word_1_480' title='bbox 1542 4488 1665 4538; x_wconf 66' lang='lat' dir='ltr'>jura</span> <span class='ocrx_word' id='word_1_481' title='bbox 1695 4478 1932 4539; x_wconf 81' lang='lat' dir='ltr'>vexavit;</span> <span class='ocrx_word' id='word_1_482' title='bbox 1966 4478 2077 4527; x_wconf 87' lang='lat' dir='ltr'>imo</span> <span class='ocrx_word' id='word_1_483' title='bbox 2099 4475 2291 4539; x_wconf 81' lang='lat' dir='ltr'>jugiter</span> <span class='ocrx_word' id='word_1_484' title='bbox 2324 4478 2432 4529; x_wconf 90' lang='lat' dir='ltr'>RR.</span> <span class='ocrx_word' id='word_1_485' title='bbox 2467 4478 2751 4531; x_wconf 83' lang='lat' dir='ltr'>Pontifices</span> <span class='ocrx_word' id='word_1_486' title='bbox 2784 4491 2878 4531; x_wconf 90' lang='lat' dir='ltr'>eos</span> <span class='ocrx_word' id='word_1_487' title='bbox 2913 4478 3137 4530; x_wconf 75' lang='lat' dir='ltr'>tueban-</span> 
     </span>
     <span class='ocr_line' id='line_1_49' title="bbox 547 4537 3133 4609; baseline -0.001 -14"><span class='ocrx_word' id='word_1_488' title='bbox 547 4544 634 4595; x_wconf 86' lang='lat' dir='ltr'>tur</span> <span class='ocrx_word' id='word_1_489' title='bbox 664 4541 842 4603; x_wconf 84' lang='lat' dir='ltr'>(etiam</span> <span class='ocrx_word' id='word_1_490' title='bbox 878 4544 1062 4589; x_wconf 86' lang='lat' dir='ltr'>contra</span> <span class='ocrx_word' id='word_1_491' title='bbox 1095 4537 1731 4609; x_wconf 60' lang='lat' dir='ltr'>populorumregumque</span> <span class='ocrx_word' id='word_1_492' title='bbox 1754 4539 2063 4599; x_wconf 74' lang='lat' dir='ltr'>molestias),</span> <span class='ocrx_word' id='word_1_493' title='bbox 2100 4541 2175 4590; x_wconf 85' lang='lat' dir='ltr'>ita</span> <span class='ocrx_word' id='word_1_494' title='bbox 2207 4543 2381 4591; x_wconf 86' lang='lat' dir='ltr'>tamen</span> <span class='ocrx_word' id='word_1_495' title='bbox 2414 4542 2472 4592; x_wconf 86' lang='lat' dir='ltr'>ut</span> <span class='ocrx_word' id='word_1_496' title='bbox 2503 4545 2841 4594; x_wconf 88' lang='lat' dir='ltr'>consulerent</span> <span class='ocrx_word' id='word_1_497' title='bbox 2887 4541 3133 4593; x_wconf 77' lang='lat' dir='ltr'>christia-</span> 
     </span>
     <span class='ocr_line' id='line_1_50' title="bbox 546 4600 3139 4664; baseline -0.001 -8"><span class='ocrx_word' id='word_1_498' title='bbox 546 4615 740 4656; x_wconf 87' lang='lat' dir='ltr'>norum</span> <span class='ocrx_word' id='word_1_499' title='bbox 780 4601 1067 4652; x_wconf 82' lang='lat' dir='ltr'>securitati.</span> <span class='ocrx_word' id='word_1_500' title='bbox 1098 4600 1177 4650; x_wconf 88' lang='lat' dir='ltr'>Ita</span> <span class='ocrx_word' id='word_1_501' title='bbox 1226 4601 1508 4662; x_wconf 79' lang='lat' dir='ltr'>Gregorius</span> <span class='ocrx_word' id='word_1_502' title='bbox 1551 4603 1801 4663; x_wconf 81' lang='lat' dir='ltr'>Magnus,</span> <span class='ocrx_word' id='word_1_503' title='bbox 1835 4603 2099 4652; x_wconf 85' lang='lat' dir='ltr'>Honorius</span> <span class='ocrx_word' id='word_1_504' title='bbox 2131 4601 2220 4661; x_wconf 86' lang='lat' dir='ltr'>Ill,</span> <span class='ocrx_word' id='word_1_505' title='bbox 2256 4602 2507 4654; x_wconf 77' lang='lat' dir='ltr'>Martinus</span> <span class='ocrx_word' id='word_1_506' title='bbox 2541 4604 2582 4655; x_wconf 94' lang='lat' dir='ltr'>V</span> <span class='ocrx_word' id='word_1_507' title='bbox 2631 4605 2829 4655; x_wconf 82' lang='lat' dir='ltr'>Paulus</span> <span class='ocrx_word' id='word_1_508' title='bbox 2861 4603 2952 4664; x_wconf 87' lang='lat'>111,</span> <span class='ocrx_word' id='word_1_509' title='bbox 2981 4605 3139 4656; x_wconf 66' lang='lat' dir='ltr'>Ioan-</span> 
     </span>
     <span class='ocr_line' id='line_1_51' title="bbox 545 4639 3139 4735; baseline 0.001 -16"><span class='ocrx_word' id='word_1_510' title='bbox 545 4678 641 4719; x_wconf 86' lang='lat' dir='ltr'>nes</span> <span class='ocrx_word' id='word_1_511' title='bbox 674 4665 835 4722; x_wconf 83' lang='lat' dir='ltr'>XXII,</span> <span class='ocrx_word' id='word_1_512' title='bbox 869 4663 1111 4733; x_wconf 81' lang='lat' dir='ltr'>Clemens</span> <span class='ocrx_word' id='word_1_513' title='bbox 1135 4662 1206 4733; x_wconf 28' lang='lat' dir='ltr'>tv,</span> <span class='ocrx_word' id='word_1_514' title='bbox 1245 4662 1352 4734; x_wconf 74' lang='lat' dir='ltr'>VII,</span> <span class='ocrx_word' id='word_1_515' title='bbox 1388 4662 1522 4735; x_wconf 55' lang='grc' dir='ltr'>ΧΠ,</span> <span class='ocrx_word' id='word_1_516' title='bbox 1558 4664 1683 4712; x_wconf 82' lang='lat' dir='ltr'>Pius</span> <span class='ocrx_word' id='word_1_517' title='bbox 1720 4663 1801 4723; x_wconf 88' lang='lat' dir='ltr'>Vl,</span> <span class='ocrx_word' id='word_1_518' title='bbox 1839 4664 2121 4725; x_wconf 83' lang='lat' dir='ltr'>Gregorius</span> <span class='ocrx_word' id='word_1_519' title='bbox 2155 4664 2289 4724; x_wconf 84' lang='lat' dir='ltr'>xvl,</span> <span class='ocrx_word' id='word_1_520' title='bbox 2319 4665 2446 4715; x_wconf 90' lang='lat' dir='ltr'>Pius</span> <span class='ocrx_word' id='word_1_521' title='bbox 2475 4666 2565 4716; x_wconf 83' lang='lat' dir='ltr'>IX.</span> <span class='ocrx_word' id='word_1_522' title='bbox 2585 4639 2715 4717; x_wconf 58' lang='lat' dir='ltr'>Vide</span> <span class='ocrx_word' id='word_1_523' title='bbox 2746 4668 2884 4717; x_wconf 89' lang='lat' dir='ltr'>inter</span> <span class='ocrx_word' id='word_1_524' title='bbox 2910 4668 3139 4721; x_wconf 73' lang='lat' dir='ltr'>ceteras,</span> 
     </span>
     <span class='ocr_line' id='line_1_52' title="bbox 543 4723 2939 4790; baseline -0 -9"><span class='ocrx_word' id='word_1_525' title='bbox 543 4729 727 4781; x_wconf 83' lang='lat' dir='ltr'>const.</span> <span class='ocrx_word' id='word_1_526' title='bbox 768 4725 1064 4776; x_wconf 66' lang='lat' dir='ltr'>Christiana</span> <span class='ocrx_word' id='word_1_527' title='bbox 1088 4727 1256 4785; x_wconf 77' lang='lat' dir='ltr'>pietas</span> <span class='ocrx_word' id='word_1_528' title='bbox 1287 4723 1536 4785; x_wconf 71' lang='lat' dir='ltr'>infelicem</span> <span class='ocrx_word' id='word_1_529' title='bbox 1567 4723 1885 4776; x_wconf 63' lang='lat' dir='ltr'>lucebi-eorum</span> <span class='ocrx_word' id='word_1_530' title='bbox 1915 4728 2105 4777; x_wconf 75' lang='lat' dir='ltr'>statum</span> <span class='ocrx_word' id='word_1_531' title='bbox 2138 4730 2505 4778; x_wconf 72' lang='lat' dir='ltr'>commiserans</span> <span class='ocrx_word' id='word_1_532' title='bbox 2535 4728 2668 4782; x_wconf 83' lang='lat' dir='ltr'>Sixti</span> <span class='ocrx_word' id='word_1_533' title='bbox 2707 4730 2764 4790; x_wconf 89' lang='lat' dir='ltr'>V,</span> <span class='ocrx_word' id='word_1_534' title='bbox 2800 4730 2939 4780; x_wconf 78' lang='lat'><strong>1586·</strong></span> 
     </span>
    </p>
   </div>
  </div>
 </body>
</html>
