3292 5167
1278 77 1302 124 τ

1049 207 1127 253 nu
1176 207 1432 253 viarum
1478 162 1764 252 sosimus
2587 187 2708 256 197

321 313 379 399 l)
421 308 753 395 Significat
800 309 981 396 quod
1027 317 1129 379 est
1177 318 1377 379 rectae
1431 309 1666 378 rationi
1718 316 2276 378 consentaneum:
2333 326 2467 395 quo
2502 327 2707 378 sensu

178 409 487 498 TerentiuS,
534 423 607 483 ut
655 415 1113 485 adolescentes
1163 423 1417 485 arceret
1465 433 1501 485 a
1551 415 1876 484 malorum
1913 415 2281 498 consortio,
2336 414 2710 501 inquiebat:

179 527 305 613 Quid
350 545 481 594 cum
547 523 678 591 iltis
736 519 935 609 σφω’,
977 525 1084 608 qui
1129 544 1322 609 neque
1356 524 1469 611 jus
1490 577 1511 610 ,
1558 543 1750 610 neque
1802 523 2027 590 bonum
2074 535 2129 589 et
2175 542 2422 608 (equum
2465 523 2716 590 scium?

180 644 229 724 ὲ)
253 631 564 704 scientiam
600 629 812 716 ipsam
845 629 1020 717 aequi
1060 637 1126 699 et
1157 631 1350 700 honi:
1386 638 1452 700 et
1484 630 1635 699 ideo
1651 630 1737 697 .in
1785 629 1908 699 hac
1956 628 2232 699 scientia
2267 636 2562 699 versatos
2593 631 2712 697 Ju-

184 741 435 833 iisperitos
478 738 576 807 vel
623 738 1112 806 Iurisconsultos
1162 757 1662 825 noncupamus;
1712 740 1781 823 3)
1837 738 2046 825 ipsam
2097 736 2566 807 collectionem
2614 736 2712 805 le-

184 870 308 939 gum,
347 847 584 935 quibus
638 843 893 932 regitur
940 847 1140 915 homo
1189 846 1256 915 in
1308 846 1615 931 religiosa
1664 865 1740 914 ac
1788 846 1962 916 civili
2017 846 2372 914 societate:
2408 843 2503 913 sic
2538 844 2734 913 venit·

184 962 358 1046 corpus
389 954 559 1042 juris
611 962 748 1022 tum
794 953 1081 1021 canonici
1131 960 1273 1023 tum
1335 954 1582 1033 civilis5
1630 954 1699 1040 4)
1742 953 1985 1040 judicis
2035 952 2435 1020 sententiam
2489 952 2583 1019 vel
2617 951 2748 1040 lo-,

181 1082 285 1133 cum
322 1062 421 1132 ubi
462 1060 715 1147 judicia
764 1060 964 1129 fiunt:
1018 1058 1191 1131 unde
1224 1059 1468 1130 dicitur
1507 1060 1713 1146 J‘udex
1763 1062 1862 1141 ius
1910 1058 2151 1142 dicere,
2198 1068 2263 1129 et
2314 1067 2465 1128 reus
2503 1059 2569 1126 in
2598 1060 2709 1145 jus

181 1169 365 1251 vocari3
410 1169 477 1254 5)
527 1187 670 1237 rem
720 1168 934 1254 ipsam
981 1186 1131 1253 quae
1184 1168 1484 1254 rigorose
1532 1168 1755 1237 debita
1804 1175 1941 1236 est:
1993 1167 2089 1236 sic
2139 1185 2244 1235 res
2317 1175 2543 1236 nostra
2615 1164 2708 1233 di-

176 1280 300 1345 citur
323 1279 427 1364 jus
468 1289 795 1356 nostrum;
842 1282 907 1343 et
947 1275 1058 1364 jus
1106 1275 1195 1343 ita
1243 1285 1587 1362 sumptum
1635 1284 1740 1344 est
1781 1276 2058 1361 Justitiae
2108 1276 2445 1362 obiectum
2461 1300 2482 1357 3
2516 1275 2586 1360 6)
2626 1276 2708 1342 le—

171 1387 397 1470 qicimom
434 1384 806 1470 facultatem
850 1384 935 1450 ad
977 1383 1239 1469 aliquid,
1291 1382 1464 1453 idest
1511 1384 1593 1451 ad
1641 1382 1892 1469 aliquid
1942 1383 2289 1469 agendum,
2356 1383 2707 1468 acquiren-

171 1493 303 1574 dum,
343 1490 435 1564 vel
481 1488 941 1558 retinendum:
991 1507 1125 1577 quo
1174 1507 1379 1559 sensu
1430 1489 1535 1559 hic
1586 1490 1872 1559 maxime
1933 1489 2256 1576 accipitur
2289 1490 2399 1575 jus
2452 1497 2500 1556 ¹.

231 1603 287 1668 li.
330 1598 418 1666 Ad
462 1600 538 1665 2:
588 1600 706 1666 Jus
756 1597 1094 1684 praecipue
1142 1596 1455 1666 dividitur
1501 1598 1568 1666 in
1610 1598 1721 1684 jus
1770 1597 1852 1665 ad
1902 1616 2039 1666 rem
2080 1606 2145 1667 et
2186 1598 2296 1684 jus
2344 1597 2410 1664 in
2463 1616 2552 1665 re.
2594 1600 2708 1664 Jus

173 1707 233 1776 ad
263 1726 373 1774 rem
415 1711 514 1774 est
557 1704 695 1791 juS,
744 1702 925 1790 quod
973 1703 1123 1792 quis
1172 1704 1392 1789 habet,
1442 1712 1515 1773 ut
1564 1723 1670 1774 res
1735 1705 1952 1790 aliqua
2019 1703 2129 1771 fiat
2199 1722 2348 1786 sua3
2421 1703 2708 1789 ideoque

172 1812 251 1880 dat
284 1811 597 1881 actionem
648 1829 781 1882 non
827 1811 895 1879 in
944 1828 1109 1894 rem,
1156 1809 1275 1879 sed
1325 1818 1585 1880 tantum
1630 1811 1701 1881 in
1755 1830 1794 1898 p
1824 1829 2144 1880 arsonam:
2187 1811 2398 1908 ,efficit
2446 1827 2706 1896 nempe,

175 1929 230 1987 nt
263 1937 515 2007 persona
570 1918 789 2006 possit
837 1936 957 2004 per
996 1919 1242 2004 iudicis
1291 1921 1691 1989 sententiam
1743 1919 1914 2005 cogi,
1966 1927 2212 1988 utrem
2255 1919 2351 1988 vel
2385 1919 2528 2004 ejus
2566 1936 2708 2004 pre-

179 2029 305 2097 tium
336 2028 530 2098 tradat
546 2054 571 2111 3
622 2046 753 2097 non
804 2036 1027 2096 autem
1076 2028 1299 2111 efficit,
1348 2037 1422 2096 ut
1466 2047 1572 2097 res
1622 2036 1773 2096 ante
1825 2029 2222 2097 sententiam
2259 2029 2469 2115 possit
2503 2046 2704 2095 occu—

182 2137 302 2220 pari.
335 2138 423 2206 Sic
468 2136 525 2206 si
576 2135 790 2206 Titius
830 2147 970 2203 rem
1018 2135 1302 2222 aliquam
1355 2136 1510 2222 Cajo
1554 2137 1693 2224 jam
1741 2137 2053 2205 donatam
2094 2136 2280 2205 alteri
2318 2134 2551 2216 tradat,
2591 2136 2707 2202 Ca-

173 2246 257 2328 jns
291 2245 596 2314 actionem
646 2244 845 2312 habet
892 2243 955 2310 in
1007 2242 1228 2329 ipsum
1277 2243 1564 2330 Titium,
1614 2254 1689 2313 ut
1737 2263 1889 2313 eum
1938 2253 2130 2331 cogat
2194 2244 2350 2330 (nisi
2415 2245 2518 2313 lex
2582 2243 2700 2311 ob-

173 2358 267 2419 stet
306 2348 360 2436 ²)
402 2350 482 2419 ad
531 2369 680 2420 rem
726 2349 908 2418 illam
956 2349 1082 2418 sibi
1132 2348 1436 2418 dandam.

228 2460 407 2528 Jusin
435 2480 502 2527 re
554 2466 663 2527 est
714 2455 899 2540 illud,
938 2456 1119 2543 quod
1168 2457 1318 2543 quis
1367 2457 1566 2528 habet
1613 2459 1679 2527 in
1733 2477 1804 2528 re
1844 2458 1980 2547 jam
2028 2477 2167 2542 sua,
2218 2458 2503 2545 ideoque
2552 2475 2704 2526 con·

168 2565 258 2634 tert
296 2567 617 2636 actionem
668 2565 936 2648 realem,
988 2582 1143 2651 quae
1193 2584 1434 2652 nempe
1485 2585 1625 2635 rem
1670 2566 1882 2653 ipsam
1955 2566 2209 2636 directe
2279 2567 2504 2635 afficit:
2580 2566 2709 2633 tale

166 2680 239 2739 ost
268 2672 363 2760 jus
408 2673 609 2756 illius,
660 2672 769 2740 cui
824 2670 1062 2739 tradita
1089 2672 1225 2759 jam
1259 2672 1382 2741 fuit
1415 2693 1522 2742 res
1556 2681 1670 2742 aut
1709 2673 1972 2743 donata.
2008 2675 2117 2743 Sic
2155 2674 2221 2743 in
2257 2674 2454 2742 allato
2489 2691 2708 2741 exem—

166 2781 263 2864 plo,
303 2783 349 2849 si
396 2802 501 2851 res
552 2783 670 2850 illa
720 2781 878 2867 Caj0
928 2799 1061 2849 non
1109 2779 1327 2848 solum
1378 2781 1593 2851 verbis
1641 2781 1887 2851 donata
1935 2782 2042 2864 sit,
2091 2781 2209 2852 sed
2258 2781 2474 2852 eidem
2509 2781 2705 2849 etiam

164 2888 368 2974 tradita,
400 2890 517 2959 sed
556 2895 790 2976 postea
841 2889 1015 2956 furto
1065 2887 1328 2957 sublata
1378 2898 1444 2957 et
1489 2906 1525 2957 a
1573 2889 1718 2982 fure
1751 2890 1818 2958 in
1854 2890 2059 2959 alium
2091 2898 2463 2976 emptorem
2498 2897 2706 2956 trans·

163 2995 356 3076 missa,
415 2997 617 3082 Cajus
666 2996 995 3064 actionem
1044 2993 1242 3063 habet
1292 3000 1431 3062 tum
1481 2994 1546 3062 in
1598 2996 1810 3064 furem
1862 3004 2001 3065 tum
2035 2996 2100 3064 in
2152 3004 2522 3083 emptorem
2565 3003 2704 3062 tum

165 3101 210 3167 in
246 3121 367 3171 rem
411 3104 649 3190 ipsam,
696 3103 775 3170 ad
826 3119 1281 3188 quascumque
1329 3120 1563 3172 manus
1613 3121 1689 3172 ea
1737 3103 2093 3173 devenerit.

215 3242 396 3309 m.
435 3246 501 3322 Q.
548 3248 609 3311 3.
656 3245 957 3322 Quomodo
997 3245 1363 3324 acquiritur
1397 3246 1512 3324 jus
1555 3248 1637 3310 ad
1680 3263 1812 3310 rem
1852 3255 1914 3311 et
1945 3248 2063 3326 jus
2106 3249 2176 3311 in
2231 3264 2323 3322 re,
2358 3255 2421 3310 et
2449 3264 2583 3327 quw
2628 3246 2703 3309 tt·

167 3325 320 3388 hrum
355 3334 503 3391 sunt
572 3329 793 3391 omes?

214 3403 267 3467 ll.
298 3407 375 3470 Ad
422 3408 481 3470 1:
587 3420 610 3471 t
647 3408 752 3487 jus
795 3406 873 3471 ad
921 3419 1055 3468 rem
1090 3407 1487 3484 acquiratur,
1531 3407 1766 3470 sufficit
1802 3408 2013 3487 justus
2061 3408 2308 3482 titulus„
2358 3423 2413 3468 v,
2444 3423 2500 3485 g.
2546 3424 2695 3470 con·

166 3494 352 3550 tractus
390 3490 513 3551 rite
558 3489 941 3562 celebratuS,
1003 3486 1068 3548 vi
1125 3490 1305 3564 cujus
1367 3489 1534 3565 exigi
1587 3496 1784 3565 possit
1829 3491 2028 3568 ipsius
2082 3490 2173 3550 rei
2244 3491 2577 3567 possessio.
2623 3489 2702 3552 Ut

164 3579 278 3628 vero
312 3575 674 3648 acquiratur
712 3569 817 3648 jus
861 3571 924 3631 in
973 3585 1040 3635 re
1087 3583 1347 3631 necesse
1389 3578 1523 3632 est:
1571 3570 1634 3646 l)
1678 3571 2017 3633 existentia
2058 3571 2196 3642 ντί,-
2243 3571 2393 3631 hinc
2437 3570 2696 3633 usufru-

163 3649 391 3712 etuarius
434 3665 563 3712 non
610 3649 803 3713 habet
839 3650 945 3728 jus
991 3654 1054 3714 in
1105 3665 1172 3710 re
1219 3650 1283 3709 in
1329 3647 1645 3712 fructibus
1699 3666 1868 3713 anno
1930 3651 2223 3731 sequenti
2289 3650 2702 3728 colligendis,

164 3727 273 3801 quia
312 3731 588 3793 nondum
632 3732 957 3805 existunt3
998 3733 1064 3809 2)
1112 3730 1337 3793 citatos
1402 3730 1738 3808 loquimus,
1803 3749 1860 3792 v.
1903 3748 1958 3810 g.
2025 3739 2392 3793 contractus
2461 3732 2697 3793 initus:

165 3802 279 3870 hinc
315 3808 407 3872 fur
445 3814 554 3891 jus
600 3814 663 3872 in
711 3827 779 3873 re
825 3812 950 3874 non
998 3810 1192 3874 habet
1237 3810 1300 3870 in
1347 3810 1532 3872 honis
1573 3827 1716 3889 quae
1760 3812 1929 3875 furto
1963 3811 2285 3891 possidet;
2326 3811 2392 3886 3)
2431 3811 2701 3873 traditio

163 3888 233 3947 rei
263 3892 444 4029 rma
485 3888 744 3955 mobilia
789 3890 849 3951 ⁸:
895 3894 1046 3954 liinc
1089 3892 1196 3971 qui
1243 3890 1411 3953 dono
1455 3897 1702 3969 accepit
1742 3908 1998 3973 equum,
2043 3906 2171 3954 non
2232 3893 2424 3955 habet
2481 3906 2589 3968 Jus
2635 3894 2698 3952 in

170 3969 393 4033 reilius
435 3975 584 4051 equi
632 3973 939 4051 quamdiu
982 3973 1103 4050 ipsi
1149 3987 1277 4033 non
1326 3971 1631 4035 tradatur.

224 4045 275 4110 it
308 4052 390 4112 Ad
435 4052 512 4114 2:
558 4051 806 4122 Fontes,
851 4068 885 4115 e
929 4054 1162 4131 quibus
1199 4052 1305 4130 jns
1347 4053 1482 4114 sive
1526 4053 1602 4114 ad
1654 4069 1786 4116 rem
1832 4053 1968 4115 sive
2015 4053 2077 4114 in
2127 4067 2195 4113 re
2256 4060 2532 4129 emanat,
2576 4049 2703 4118 duo

173 4138 297 4204 sunt,
334 4147 559 4212 nempe
602 4133 942 4196 dominium
987 4141 1052 4195 et
1093 4133 1387 4195 servitus.

210 4346 227 4385 ¹
258 4350 303 4401 V.
330 4352 556 4414 Ltguori,
589 4354 725 4416 opus
775 4354 931 4415 Hor„
962 4353 1000 4404 l.
1032 4366 1109 4414 m,
1142 4364 1237 4404 nn.
1268 4355 1363 4406 486
1391 4355 1446 4406 et
1474 4366 1622 4417 seqq.
1657 4379 1719 4390 -
1751 4351 2017 4413 Ferraris3
2049 4355 2108 4404 V.
2142 4355 2252 4412 Ius,
2286 4354 2519 4403 Iustitia.

210 4408 230 4449 ²
252 4412 415 4467 Obstat
443 4416 637 4467 alicubi
672 4418 776 4475 lex,
803 4418 850 4467 si
884 4429 967 4468 res
998 4417 1071 4466 sit
1105 4416 1334 4476 mobilis,
1358 4418 1411 4469 et
1436 4417 1520 4466 nic
1545 4415 1812 4466 secundus
1832 4427 1948 4465 eain
1974 4417 2279 4488 acquisierit
2313 4418 2364 4466 in
2390 4415 2532 4466 bona
2559 4416 2689 4468 flcio:

166 4472 274 4523 unde
300 4478 413 4527 tunc
445 4478 649 4539 primns
680 4477 781 4528 hoc
814 4480 1019 4529 tantum
1055 4478 1230 4536 nabet,
1266 4480 1324 4529 ut
1356 4478 1454 4528 sibi
1489 4479 1732 4529 satisfiat.
1791 4505 1827 4515 -
1858 4478 1908 4526 C.
1934 4481 1993 4528 Α.
2022 4494 2116 4529 cco.
2139 4481 2259 4539 43⁰3
2283 4506 2344 4516 —
2368 4481 2420 4529 G.
2457 4480 2514 4528 G.
2536 4481 2649 4530 tilii
2677 4492 2691 4540 ;

163 4556 211 4568 —
237 4536 630 4600 C.s.1095;-
664 4541 718 4592 C.
754 4542 811 4590 P.
848 4542 995 4602 1114;
1028 4565 1092 4578 -
1126 4540 1179 4590 C.
1214 4540 1282 4591 M.
1319 4544 1463 4598 {¹913
1498 4565 1556 4576 -
1596 4541 1647 4590 C.
1691 4543 1742 4590 Τ.
1777 4542 1890 4590 550.

210 4597 468 4652 miximus
497 4605 666 4665 quood
701 4604 938 4662 mobilia,·
975 4615 1096 4653 nam
1131 4601 1307 4666 quoad
1343 4602 1655 4663 immobilia,
1692 4602 2000 4664 generatim,
2037 4603 2153 4653 sola
2185 4602 2378 4654 sufficit
2401 4601 2692 4664 acceptatio

164 4657 217 4707 ad
241 4662 637 4715 transferendum
672 4663 988 4724 dominium,
1024 4667 1077 4716 et
1111 4664 1451 4716 tribuendum
1480 4665 1570 4728 jus
1599 4667 1656 4717 in
1689 4677 1764 4726 re,
1799 4677 1862 4716 ex
1897 4665 2153 4717 dicendis.

234 4742 473 4827 Sctvmi,
527 4749 849 4834 Theoloqt'a
896 4756 1020 4816 etc.
1074 4750 1145 4816 T.
1196 4749 1276 4816 11.
2444 4748 2524 4813 {3
