3292 5167
535 223 662 292 584
1163 227 1218 280 Ο
1525 246 1639 291 tm.
1690 244 1756 291 11.
1804 244 2015 291 macr.
2062 244 2143 290 vr.

534 344 844 412 sententia
871 392 887 419 ‚
932 346 992 407 si
1031 344 1168 408 alia
1210 344 1316 408 via
1357 361 1482 408 nort
1519 351 1724 425 potest
1782 344 2078 409 innocens
2110 344 2409 407 damnum
2448 343 2713 410 evitare.
2779 342 2970 407 Ratio
3006 350 3136 420 est,

540 434 671 490 tum
714 426 866 505 quia
905 422 1199 488 defensio
1244 426 1311 487 in
1357 426 1476 488 hoc
1505 442 1656 488 casu
1700 435 1799 489 est
1839 427 2105 488 omnino
2150 426 2500 501 excessiva‚
2529 440 2671 489 cum
2711 424 2957 487 directe
2996 438 3135 486 non

541 506 846 585 procedat
889 504 1194 568 damnum
1237 521 1318 568 ex
1360 505 1761 569 detensionis
1803 508 2172 584 omissione,
2215 505 2323 568 sed
2372 520 2453 570 ex
2496 507 2720 585 iniqua
2762 503 3132 580 sententia3

543 594 675 650 tum
720 587 867 665 quia
915 587 1035 648 hoc
1079 585 1276 650 semel
1322 601 1646 663 concesso,
1698 586 2111 651 turbarentur
2170 585 2420 666 publica
2460 585 2705 664 judicia
2748 601 2895 650 cum
2937 585 3127 664 gravi

541 668 631 728 rei
684 666 914 732 ublicae
958 665 1373 730 detrimento.

675 745 814 806 521.
860 745 926 819 Q.
971 747 1027 810 [ι.
1073 747 1174 810 An
1217 747 1410 809 liceat·
1447 748 1788 826 proevenire
1831 762 2256 827 oppressorem
2297 761 2555 825 eumque
2597 744 2929 807 occidere?

621 826 692 888 R.
737 826 865 888 Alii
911 843 1055 890 cum
1099 826 1316 907 Sylvio
1363 836 1633 907 negant;
1677 830 1823 905 quia
1869 828 2229 907 praevenire
2276 835 2534 898 nontest
2576 842 2644 888 se
2679 824 3033 887 defendere
3067 825 3137 886 in

540 906 777 970 actuali
824 909 1255 986 aggressione.
1298 907 1422 969 Alii
1470 924 1612 969 cum
1660 907 1830 984 Lugo
1873 908 2229 984 affirmant3
2277 923 2425 970 nam
2476 906 2584 985 qui
2652 906 2757 967 hic
2830 913 2897 968 et
2957 919 3138 969 nnnc

540 997 799 1131 garatus
846 996 942 1050 est
986 988 1240 1064 laedere,
1278 989 1412 1066 J'am
1456 997 1554 1050 est
1596 1004 1952 1068 aggressor.
2014 987 2136 1049 Alii
2206 1002 2362 1051 vero
2437 1002 2581 1049 cum
2646 984 2994 1064 Roncaglia
3068 992 3141 1047 et

586 1068 1160 1131 almanticensibus
1224 1071 1580 1132 sententias
1643 1067 2111 1148 quodammodo
2191 1066 2615 1130 conciliantes
2684 1065 3135 1144 distinguunt:

541 1156 780 1228 negant
822 1148 886 1210 id
942 1164 1125 1227 posse
1167 1149 1274 1228 qui
1323 1157 1567 1212 tantum
1613 1151 2070 1228 suspicionem,
2113 1164 2227 1211 seu
2273 1146 2538 1210 dubium
2573 1146 2869 1210 timorem
2904 1147 3142 1210 babeat

543 1228 623 1290 de
666 1229 1034 1303 invasione;
1077 1228 1386 1307 iniustum
1432 1231 1606 1293 enim
1651 1239 1751 1292 est
1794 1231 1862 1292 in
1908 1229 2105 1292 dubio
2167 1228 2501 1291 violentiae
2572 1228 2934 1306 proximum
3003 1228 3143 1290 vita

544 1309 818 1387 privare.
864 1308 1219 1385 Affirmant,
1261 1309 1313 1371 si
1359 1326 1438 1372 ex
1481 1310 1693 1389 aliqua
1741 1310 2080 1373 manifesta
2126 1311 2378 1371 actione
2423 1309 2573 1388 quis
2616 1317 2795 1370 certo
2874 1307 3140 1370 morali·

547 1397 643 1452 ter
687 1390 865 1451 novit
909 1406 1352 1468 aggressorem
1396 1406 1534 1454 esse
1580 1391 2085 1453 determinatum
2130 1389 2208 1451 ad
2256 1386 2720 1466 invadendum,
2764 1388 2859 1451 uti
2915 1389 2967 1450 si
3027 1390 3139 1450 vi·

543 1469 691 1532 deat
727 1469 990 1548 jamjam
1034 1472 1241 1549 ipsum
1286 1470 1673 1550 catapultam
1717 1481 2052 1551 parantem
2102 1469 2201 1530 vel
2270 1469 2560 1548 gladium
2626 1470 3130 1548 evaginantem:

545 1557 610 1612 et
653 1550 907 1614 invasus
954 1560 1229 1630 nequeat
1271 1550 1460 1613 aliter
1503 1551 1762 1629 salvari,
1803 1567 1990 1630 quam
2037 1549 2440 1624 occidendo;
2486 1552 2539 1611 si
2584 1557 2928 1629 expectare
2961 1555 3146 1611 tene·

544 1638 722 1692 retur
767 1633 1269 1710 aggressionem,
1305 1631 1437 1708 jam
1484 1640 1754 1695 mortem
1800 1631 2069 1706 subiret,
2134 1646 2253 1692 nec
2300 1639 2512 1710 posset
2558 1631 2646 1691 uti
2717 1629 2890 1706 jure,
2958 1627 3133 1707 quod

548 1711 761 1773 omnia
804 1711 950 1790 jura
994 1711 1363 1773 concedunt
1410 1711 1630 1775 tuendi
1681 1714 2001 1792 propriam
2048 1712 2270 1773 vitam.

627 1790 734 1852 His
781 1798 992 1854 tamen
1039 1806 1167 1854 non
1212 1791 1614 1855 obstantibus
1659 1809 1888 1856 censeo
1937 1795 2101 1854 banc
2143 1793 2554 1864 sententiam,
2613 1789 2730 1851 illa
2798 1789 2999 1851 etiam
3045 1788 3147 1851 di·

546 1871 900 1933 stinctione
944 1872 1293 1951 supposita,
1338 1875 1443 1935 vix
1490 1875 1554 1935 in
1602 1876 1780 1952 praxi
1833 1890 2013 1953 posse
2058 1872 2265 1951 sequi,
2316 1879 2576 1949 propter
2636 1869 3142 1933 allucinationis

548 1950 923 2030 periculum.
966 1951 1134 2030 quod
1180 1954 1246 2014 in
1292 1953 1659 2032 hujusmodi
1708 1970 1776 2016 re
1819 1953 2045 2016 adesse
2089 1958 2333 2031 potest:
2400 1958 2465 2012 et
2538 1951 2656 2011 hoc
2733 1952 3018 2012 maxime
3078 1951 3141 2013 si

548 2034 873 2110 aggressio
919 2049 1044 2094 non
1090 2033 1175 2095 sit
1221 2034 1304 2097 ita
1353 2037 1643 2112 proxime
1691 2034 2029 2109 insidians,
2072 2042 2167 2094 uti
2214 2033 2267 2094 si
2313 2032 2515 2093 sciam
2558 2029 2797 2092 Titium
2870 2030 3140 2093 manda·

551 2118 682 2173 tum
715 2110 983 2176 dedisse
1025 2128 1212 2176 servo
1257 2121 1324 2176 ut
1369 2129 1468 2176 me
1513 2116 2002 2190 circumveniat,
2045 2128 2119 2177 ac
2162 2111 2243 2175 de
2288 2110 2498 2173 medio
2547 2109 2751 2173 tollat.
2796 2142 2877 2155 -·
2938 2108 3000 2172 V.
3035 2110 3133 2171 Li·

552 2193 758 2270 guori,
805 2191 910 2274 Op.
956 2192 1138 2268 Mor„
1184 2192 1222 2257 l.
1268 2211 1363 2269 ιιι,
1396 2210 1455 2256 ιι.
1497 2194 1634 2257 387.
1679 2227 1754 2240 -
1798 2193 2061 2275 Sporer,
2092 2194 2201 2273 qui
2247 2188 2455 2272 plura.

1582 2452 1719 2533 (M)
1764 2454 1918 2534 Paq.
1971 2452 2109 2517 506.

632 2671 829 2731 855.
874 2671 1170 2748 Quoad
1210 2682 1640 2755 stum-uma
1686 2678 1824 2739 haec
1868 2677 2189 2758 praecipue
2233 2685 2557 2738 notamus:
2995 2750 3005 2760 ⁵

606 2830 615 2842 ·
658 2831 670 2842 ·
721 2751 773 2812 1.
817 2750 969 2815 Cum
1013 2753 1471 2818 Continuatore
1514 2755 1860 2836 Tournely,
1907 2756 2092 2819 valde
2149 2757 2307 2818 utile
2351 2754 2490 2817 fore
2525 2751 2603 2816 ad
2638 2749 3009 2830 hujusmodi
3044 2749 3149 2811 ssa·

601 2840 783 2896 rtrum
827 2833 1180 2909 vitandum,
1223 2835 1388 2914 quod
1437 2838 1889 2914 promissiones
1934 2837 2329 2900 matrimonii
2386 2835 2463 2899 ad
2532 2830 2962 2897 obtinendam
3029 2827 3142 2892 de·

607 2912 985 2987 orationem,
1027 2915 1220 2977 etiam
1266 2915 1431 2978 torte
1469 2916 1838 2996 juramento
1884 2918 2173 2993 firmatas,
2220 2915 2462 2979 nullius
2505 2913 2766 2977 roboris
2812 2910 3144 2975 declaren-

556 3000 658 3054 tur
700 2992 777 3054 ab
819 2991 1173 3072 Episcopis3
1206 3007 1392 3074 prout
1435 2995 1561 3061 fert
1589 3008 1813 3063 auctor
1851 2998 2153 3076 proefatus
2184 2996 2248 3058 id
2291 2999 2357 3058 in
2395 2997 2573 3075 praxi
2607 2994 2953 3056 deductum
2999 3005 3147 3054 esse

555 3072 628 3214 {a
667 3071 938 3212 qualdam
979 3074 1249 3219 Dioegflsi
1289 3076 1604 3156 gallicana
1640 3094 1784 3141 cum
1820 3093 2051 3158 magno
2087 3077 2392 3158 profectu.
2416 3108 2496 3124 -
2534 3074 2595 3137 V.
2627 3073 2906 3152 Liguori‚
2944 3070 3146 3150 opus.

625 3169 737 3228 or„
794 3200 808 3215 .
854 3170 950 3227 111,
995 3172 1056 3216 n.
1223 3205 1235 3218 .

631 3312 641 3320 .
713 3232 767 3294 2.
812 3231 1148 3314 Quousque
1181 3256 1213 3299 a
1252 3234 1537 3316 legitima
1573 3238 1960 3301 auctoritate
2006 3236 2249 3302 nullius
2306 3236 2560 3302 roboris
2603 3233 2965 3298 habeantur
3025 3246 3152 3324 ma·

564 3314 850 3376 trimonii
895 3316 1033 3377 sive
1079 3316 1244 3379 fictae
1285 3319 1421 3379 sive
1463 3334 1634 3382 verae
1674 3319 2145 3398 promissiones
2180 3334 2214 3380 a
2270 3326 2636 3397 stupratore
2680 3318 2958 3389 emissae,
3016 3328 3151 3376 vim

560 3390 856 3456 obtinent
898 3396 965 3457 in
1008 3398 1422 3473 conscientia,
1465 3408 1529 3461 et
1571 3399 1940 3476 defloratur,
1984 3400 2036 3461 si
2081 3397 2258 3462 aliud
2306 3396 2584 3478 speciale
2618 3411 2748 3458 non
2778 3393 3015 3467 obstet,
3051 3402 3142 3454 te·

559 3481 752 3535 netur
791 3472 872 3565 ad
919 3477 1173 3555 nuptias
1217 3478 1577 3555 promissas.
1621 3478 1687 3541 ld
1758 3480 1981 3559 probat
2043 3487 2108 3542 et
2166 3478 2477 3558 stupenda
2533 3475 3015 3554 Theologorum
3084 3478 3152 3564 et

557 3549 1055 3618 canonistarum
1102 3562 1458 3635 consensio,
1501 3567 1565 3622 et
1607 3559 1666 3622 S.
1715 3559 1984 3623 Concilii
2022 3558 2470 3638 Congregatio,
2516 3566 2587 3622 ut
2638 3557 3009 3618 notavimus
3081 3567 3149 3614 in

560 3641 760 3708 textu,
802 3642 867 3697 et
912 3636 1042 3714 ipsa
1090 3640 1282 3714 ratio3
1329 3653 1485 3702 sane
1528 3640 1834 3720 obligatio
1876 3642 2085 3704 oritur
2128 3656 2211 3703 ex
2253 3640 2491 3718 injuria
2538 3651 2727 3717 quam
2785 3633 3038 3697 faceres
3066 3632 3151 3696 al·

561 3715 680 3775 teri
725 3714 776 3776 si
826 3714 982 3778 illud
1029 3733 1316 3796 negares,
1358 3720 1475 3782 sub
1521 3721 1703 3799 cujus
1747 3721 2120 3784 conditione
2163 3729 2231 3784 et
2271 3718 2548 3799 exegisti
2603 3725 2669 3780 et
2711 3715 3016 3795 recepisti
3064 3712 3153 3792 id,

558 3795 724 3874 quod
771 3794 934 3859 alter
975 3797 1092 3860 sub
1134 3814 1209 3860 eo
1255 3807 1500 3863 tantum
1545 3811 1726 3878 pacto
1772 3803 2114 3880 praestitit3
2176 3817 2321 3880 quae
2366 3799 2599 3878 injuria
2671 3797 2964 3875 reparari
3015 3793 3151 3858 nul-

559 3873 810 3938 latenus
855 3885 1080 3955 potest,
1124 3879 1244 3941 nisi
1290 3878 1453 3944 alter
1501 3880 1660 3943 illud
1705 3882 1994 3960 recipiat,
2022 3883 2137 3945 sub
2182 3883 2366 3960 quus
2425 3878 2797 3943 conditione
2828 3891 3018 3940 suum
3049 3874 3150 3938 de·

558 3954 671 4018 dit.
713 3955 926 4048 Neque
971 3960 1109 4021 haec
1149 3957 1459 4038 obligatio
1503 3969 1608 4023 tua
1655 3962 1721 4022 in
1765 3977 1833 4025 se
1881 3963 2082 4041 turpis
2126 3971 2243 4038 est,
2287 3969 2399 4025 aut
2446 3959 2525 4023 ad
2557 3975 2696 4023 rem
2732 3966 2991 4036 turpem
3020 3955 3151 4019 adi-

556 4039 668 4115 git.
712 4035 876 4100 Hinc
919 4041 1240 4102 contraria
1297 4041 1699 4120 quorundam
1763 4043 2083 4105 sententia
2147 4045 2254 4121 qui
2337 4055 2479 4104 cum
2545 4038 2924 4103 Frassinetti
2992 4044 3151 4099 tunc

559 4125 807 4208 tantum
852 4116 1139 4199 obligant
1181 4127 1631 4200 stupratorem,
1675 4122 1933 4201 quando
1979 4121 2191 4203 proles
2252 4129 2559 4200 concepta
2584 4128 2701 4195 est,
2727 4118 2828 4181 vel
2860 4118 3148 4181 interve·

560 4208 659 4259 nit
701 4213 851 4261 vera
895 4200 1270 4278 sponsalitia
1318 4203 1680 4281 promissio,
1722 4205 1898 4266 omni
1943 4204 2324 4268 destituitur
2379 4200 2853 4281 probabilitate,
2894 4206 2963 4262 et
3006 4210 3150 4264 eam

560 4277 1183 4425 ἔηῖζῑαεῦαόηὲἒηιὸιπ
1224 4281 1466 4346 dixeris
1509 4282 1998 4362 aberrationem,
2044 4293 2113 4349 ut
2156 4284 2384 4347 scribit
2428 4281 2757 4357 Ballerini,
2815 4279 2893 4342 In
2937 4276 3150 4342 Aduo·

588 4374 627 4418 a
662 4377 787 4424 tom
833 4378 905 4423 us
1138 4379 1278 4443 ary.

717 4440 776 4504 3.
831 4466 853 4495 ι
896 4439 978 4506 Se
1020 4443 1189 4510 colui
1235 4444 1352 4507 che
1395 4445 1464 4508 fu
1504 4446 1914 4509 condannato
1961 4445 2025 4506 in
2071 4443 2419 4506 criminale
2463 4458 2497 4505 a
2548 4455 2811 4520 sposare
2840 4454 2969 4502 una
2998 4438 3154 4501 don·

563 4517 720 4582 zella
769 4529 1080 4601 stuprata,
1127 4523 1206 4587 od
1249 4524 1310 4587 al
1354 4541 1612 4589 carcere
1656 4544 1693 4588 o
1735 4542 1770 4589 a
1815 4524 2085 4597 dotarla‚
2127 4523 2315 4587 abbia
2398 4519 2606 4587 subita
2681 4521 2742 4585 la
2812 4535 2979 4599 pena
3045 4516 3157 4581 del

568 4613 850 4677 carcere,
895 4618 1028 4666 non
1073 4605 1196 4682 puo
1237 4620 1450 4668 essere
1493 4605 1824 4686 impedito,
1876 4621 1989 4685 per
2021 4615 2203 4683 parte
2234 4602 2404 4668 della
2437 4603 2674 4678 donna,
2717 4599 2781 4664 cli
2810 4608 3161 4664 contrarre

569 4695 781 4742 nuove
825 4696 1039 4748 nozze.
1081 4683 1219 4746 Non
1258 4694 1469 4748 monta
1515 4686 1634 4749 che
1680 4686 1738 4749 la
1783 4701 1947 4766 pena
1991 4684 2097 4749 del
2141 4700 2403 4749 carcere
2450 4683 2543 4747 sia
2589 4690 2753 4747 stata
2800 4680 3159 4746 diminuit:
