3292 5167
487 210 619 280 296
1191 234 1308 279 un.
1351 230 1416 279 ιι.
1465 234 1678 280 macr.
1728 232 1806 278 νι.
1853 234 2000 279 mss.
2046 234 2126 279 ιν.
2177 233 2305 280 cu».
2354 230 2443 279 ιιι.
2519 282 2538 295 ,

585 334 652 401 Si
725 349 904 402 vero·
938 334 1173 402 vitium
1238 335 1410 404 circa
1459 335 1844 421 qualitatem
1891 343 1994 403 est
2040 334 2377 402 occultum
2423 342 2489 404 et
2535 335 2769 418 latum,
2803 340 3088 413 ‚tenetur

490 441 798 509 venditor
845 440 1074 509 vitium
1123 441 1379 529 aperire
1428 460 1605 525 casu,
1657 459 1790 528 quo
1835 440 1995 509 illud
2029 442 2117 507 ita
2153 441 2426 510 noxium
2463 441 2748 528 emptori
2782 441 3085 511 futurum

488 555 689 630 esset,
744 553 813 614 ut
864 566 1024 617 usus
1072 549 1166 616 rei
1213 568 1342 617 non
1393 551 1676 635 amplius
1724 549 1811 617 sit
1844 548 1904 617 ei
1937 548 2376 630 conveniens;
2423 548 2717 635 alioquin
2751 548 2938 618 illum
2968 549 3087 620 de-

488 654 759 740 ciperet,
811 663 876 722 et
923 655 1311 740 injustitiam
1365 661 1673 741 patraret.
1707 657 1789 723 At
1821 656 1873 723 si
1912 656 2140 723 vitium
2192 655 2444 724 nonita
2479 656 2752 724 noxium
2783 656 3086 725 futurum

491 770 612 843 est,
665 769 823 829 tunc
871 762 925 830 si
978 771 1249 847 rogetur
1295 764 1376 832 ab
1427 771 1730 848 emptore
1779 760 1859 830 de
1906 762 2020 830 illo
2053 763 2208 831 vitio
2244 765 2509 831 occulto
2543 763 2607 831 in
2643 763 2887 849 specie,
2921 784 2979 831 v.
3015 783 3080 851 g.

489 869 572 937 de
647 878 841 936 aetate
915 870 1065 955 equi
1117 869 1462 952 vendendi,
1505 877 1769 937 tenetur
1817 888 2213 955 responsum
2261 870 2416 938 dare
2466 888 2586 956 pro
2638 870 2906 940 veritate
2946 870 3042 939 roi
3060 897 3080 953 3

492 992 647 1042 nam
697 960 1114 1043 mendacium
1164 993 1431 1060 semper
1477 982 1577 1042 est
1628 975 1948 1057 illicitum,
2000 984 2064 1042 et
2111 985 2373 1062 emptor
2412 976 2522 1062 jus
2569 976 2785 1059 babet,
2834 985 2906 1045 ut
2951 978 3082 1047 sibi

491 1081 571 1149 de
623 1082 903 1167 quaesita
953 1083 1045 1150 rei
1097 1082 1411 1169 qualitate
1459 1088 1638 1151 recte
1688 1083 2189 1167 respondeatur.
2243 1086 2487 1152 Verum
2521 1084 2574 1151 si
2617 1102 2748 1151 non
2784 1092 3083 1170 rogetur,

492 1209 626 1258 non
687 1199 949 1258 tenetur
993 1190 1224 1257 vitium
1274 1190 1436 1259 illud
1469 1191 1747 1277 aperire,
1783 1191 2074 1287 alioquin
2116 1190 2252 1260 fere
2301 1192 2460 1258 nulli
2496 1198 2875 1260 contractus
2907 1191 3083 1261 firmi

499 1305 753 1378 essent3
802 1304 1067 1383 oportet
1115 1305 1335 1365 tamen
1386 1305 1456 1365 ut
1505 1297 1811 1366 venditor
1856 1306 2113 1365 tantum
2159 1299 2486 1366 subtrahat
2515 1311 2819 1384 quantum
2848 1312 3089 1387 oportet

491 1406 562 1471 de
602 1406 827 1491 pretio,
878 1405 972 1472 uti
1024 1405 1110 1471 ait
1157 1405 1510 1491 Angelicus
1564 1414 1614 1473 ¹.
2079 1389 2102 1405 ’

579 1514 793 1577 4112.
849 1512 1014 1593 Quid
1060 1512 1297 1597 (dices)
1345 1514 1402 1578 si
1449 1514 1730 1580 venditor
1767 1524 2141 1600 protestetur
2184 1533 2249 1579 se
2290 1514 2454 1599 nolle
2497 1514 2806 1580 rationem
2834 1512 3093 1580 reddere

494 1618 569 1686 de
614 1620 882 1703 quolibet
927 1620 1022 1686 rei
1051 1639 1182 1687 suoe
1224 1620 1505 1705 defectu?

580 1729 649 1793 R.
700 1725 976 1794 Videtur
1022 1735 1178 1794 tunc
1227 1726 1306 1793 ad
1355 1726 1513 1793 nihil
1563 1725 1772 1793 teneri
1824 1725 2266 1805 venditorem3
2322 1725 2476 1811 quia
2512 1744 2630 1811 per
2660 1727 2827 1795 hanc
2860 1732 3092 1812 prote-

491 1834 844 1900 stationem
882 1842 1191 1902 censetur
1221 1851 1486 1901 omnem
1522 1850 1555 1899 a
1589 1852 1662 1900 se
1696 1833 1911 1901 labem
1947 1831 2289 1918 injustitiae
2331 1833 2676 1920 repellere,
2713 1841 2778 1901 et
2817 1842 3090 1919 emptor

492 1940 652 2006 satis
701 1949 971 2025 apparet
1020 1941 1397 2009 admonitus
1448 1949 1519 2008 ut
1567 1941 1693 2008 sibi
1759 1940 2081 2009 consulat.
2149 1940 2314 2007 Hinc
2389 1942 2625 2010 merito
2698 1940 3088 2010 Tamburini

497 2047 820 2131 approbat
869 2048 1418 2116 consuetudinem
1452 2048 1693 2116 alicubi
1732 2047 2077 2132 vigentem,
2117 2048 2488 2134 praesertim
2523 2049 2585 2115 in
2620 2048 2873 2134 magnis
2908 2067 3088 2116 nun-

494 2150 687 2235 dinis,
721 2154 809 2220 ita
844 2153 1166 2222 vendendi
1219 2155 1331 2237 (ad
1373 2174 1623 2221 saccum
1670 2155 1903 2221 ossium
1945 2155 2321 2240 fractm‘um,
2376 2163 2446 2222 ut
2498 2155 2707 2241 aiunt)
2754 2155 3088 2238 animalia,

490 2261 616 2328 etsi
668 2261 818 2328 vitia
869 2262 1002 2329 sint
1050 2260 1519 2329 occultissima.
1569 2259 1667 2328 Ad
1716 2260 2041 2330 tollendas
2090 2263 2266 2330 enim
2323 2263 2700 2331 innumeras
2749 2263 2899 2332 lites
2949 2263 3087 2333 boc

493 2368 651 2436 satis
702 2368 957 2437 videtur
1004 2368 1459 2438 cohonestari:
1511 2367 1708 2436 modo
1760 2367 1970 2454 (quod
2000 2376 2191 2436 caute
2228 2369 2796 2456 perpendendum)
2830 2388 2933 2438 res
2970 2369 3087 2437 ul-

496 2485 593 2543 tra
645 2477 927 2561 pretium
969 2477 1225 2562 justum
1272 2476 1505 2544 saltem
1554 2493 1941 2561 supremum
1990 2494 2120 2543 non
2173 2475 2508 2561 vendatur,
2550 2478 2770 2545 habita
2819 2476 3085 2546 ratione

491 2582 667 2651 illius
717 2584 848 2651 vitii
900 2585 1161 2652 occulti.
1210 2583 1281 2650 Id
1332 2584 1647 2670 probatur
1696 2583 1892 2651 etiam
1941 2600 1984 2649 a·
2022 2583 2167 2669 lege
2215 2583 2406 2665 civili,
2456 2583 2675 2671 quoad
2722 2583 2873 2651 vitia
2922 2601 3084 2669 quae

493 2689 715 2773 ignota
765 2691 1028 2757 fuerunt
1078 2689 1201 2773 ipsi
1252 2690 1579 2758 venditori
1631 2692 1783 2775 (art.
1837 2690 2059 2774 1500).

579 2794 793 2863 403.
846 2799 917 2877 Q.
968 2801 1028 2864 6.
1081 2801 1382 2878 Quaenam
1426 2811 1571 2865 suut
1615 2798 1908 2883 emptoris
1954 2797 2359 2882 obligationes
2405 2800 2482 2864 ²?

583 2906 654 2970 R.
703 2905 867 2971 Duae
917 2911 1074 2973 sunt
1123 2907 1479 2997 praecipquae
1529 2905 1849 2989 emptoris
1900 2904 2374 2989 obligationes:
2428 2903 2487 2970 1·
2522 2910 2593 2970 ut
2631 2903 2914 2990 pretium
2949 2903 3088 2972 sol·

495 3016 600 3078 vat
651 3030 730 3079 eo
781 3011 929 3080 loco
979 3031 1053 3082 ac
1102 3021 1422 3099 tempore,
1462 3031 1593 3099 quo
1630 3033 1735 3081 res
1770 3020 1871 3081 est
1911 3013 2032 3098 ipsi
2070 3013 2404 3094 tradenda,
2438 3011 2563 3080 nisi
2599 3012 2777 3080 aliud
2815 3020 3088 3098 pactum

498 3120 606 3201 sit,
656 3120 756 3187 vel
806 3121 929 3188 nisi
977 3139 1013 3189 a
1063 3122 1488 3208 possessione
1539 3122 1629 3189 rei
1681 3122 2036 3189 molestari
2071 3122 2313 3203 timeat,
2364 3126 2429 3187 et
2475 3120 2779 3189 venditor
2822 3119 3087 3188 cautio-

498 3245 648 3296 nem
686 3247 813 3295 non
853 3230 1271 3313 praestiterit,
1323 3230 1388 3297 2²
1429 3237 1499 3296 ut
1546 3230 1755 3297 solvat
1792 3228 1984 3314 pretii
2035 3247 2265 3297 usuras
2315 3228 2582 3314 (nempe
2631 3229 2921 3315 quinque
2956 3244 3086 3313 pro

506 3334 805 3417 quolibet
853 3337 1231 3404 centenario
1246 3362 1265 3419 3
1317 3344 1417 3405 est
1464 3337 1638 3405 enim
1675 3337 1996 3404 interesse
2030 3334 2262 3422 legale)
2280 3362 2300 3418 ;
2349 3337 2403 3403 si
2440 3343 2658 3405 tamen
2695 3338 2834 3405 haec
2880 3335 3088 3404 fuerit

496 3441 868 3524 conventio,
919 3443 1019 3509 vel
1065 3442 1119 3510 si
1171 3462 1276 3511 res
1325 3443 1583 3512 vendita
1631 3451 1697 3511 et
1745 3442 1982 3511 tradita
2035 3442 2288 3510 fructus
2337 3443 2682 3529 producat,
2731 3443 2830 3512 vel
2876 3442 2963 3511 sit
3013 3442 3087 3511 in

495 3562 680 3614 mora
728 3548 1044 3617 solvendi.

583 3652 794 3719 Mu.
846 3659 918 3737 Q.
968 3659 1027 3724 7.
1080 3657 1244 3739 Quid
1286 3670 1374 3726 est
1412 3659 1687 3745 pretium
1722 3659 1968 3744 justum
2013 3667 2066 3723 et
2113 3657 2502 3742 quotupleoe?

585 3764 655 3830 R.
708 3765 1000 3831 Pretium
1042 3765 1299 3852 justum
1346 3765 1590 3832 dicitur
1659 3762 1840 3850 quod
1900 3762 1991 3831 rei
2065 3756 2310 3831 venalis
2379 3762 2669 3831 valorem
2737 3759 3085 3846 adaequat:

494 3875 595 3937 est
642 3871 819 3938 aliud
867 3871 1230 3956 legitimum
1280 3872 1375 3940 vel
1427 3872 1655 3956 legale,
1691 3869 1872 3957 quod
1906 3877 2165 3937 taxatur
2195 3887 2231 3937 a
2269 3870 2413 3954 lege
2450 3869 2552 3938 vel
2586 3886 2619 3936 a
2654 3868 3086 3954 magistratu;

497 3976 672 4043 aliud
722 3978 984 4063 vulgare
1033 3980 1180 4064 (seu
1230 3977 1576 4063 naturale),
1630 3976 1831 4063 quod,
1882 3975 2197 4062 spectatis
2239 3976 2776 4057 circumstantiis»,
2827 3973 3086 4061 perito-

485 4102 643 4151 rum
687 4085 936 4170 judicio
985 4086 1482 4154 determinatur.
1536 4086 1902 4170 Legitimum
1950 4084 2149 4151 situm
2200 4088 2300 4152 est
2346 4083 2412 4153 in
2450 4083 2845 4165 indivisibili,
2886 4083 2973 4150 ita
3012 4088 3090 4151 ut

500 4209 628 4257 non
681 4191 871 4260 liceat
908 4192 1053 4279 plus
1102 4192 1421 4278 accipere,
1473 4210 1669 4277 quam
1721 4210 1839 4277 per
1884 4191 2095 4276 legem
2147 4190 2340 4258 fuerit
2387 4197 2728 4274 statutum,
2778 4195 2842 4259 et
2891 4188 3092 4257 resti-

502 4298 778 4367 tutionis
828 4306 1056 4386 urgeat
1104 4300 1440 4385 obligatio,
1489 4301 1540 4367 si
1594 4299 1754 4387 quid
1804 4299 1973 4366 ultra
2024 4297 2308 4384 pretium
2358 4298 2519 4364 illud
2556 4298 2887 4385 exigatur:
2930 4295 3091 4365 talis

559 4488 583 4527 ¹
616 4492 665 4548 2,
700 4495 747 4548 2,
782 4504 831 4554 q.
860 4496 939 4556 77,
974 4506 1021 4543 a.
1055 4496 1104 4546 3.
1138 4519 1203 4531 -
1242 4493 1297 4544 V.
1333 4494 1565 4557 Lignorl,
1604 4494 1695 4556 op.
1730 4496 1892 4554 Hor„
1921 4491 1956 4542 l.
1994 4504 2067 4551 ιιι,
2104 4502 2154 4543 n.
2188 4492 2300 4543 823.

558 4551 584 4591 2
624 4554 678 4603 V.
716 4556 951 4616 Pavone,
1007 4556 1270 4620 Sptciteqio
1325 4560 1445 4613 etc„
1504 4558 1590 4607 ubi
1644 4558 1874 4619 plurima
1926 4554 1991 4604 ad
2047 4557 2270 4618 praxim.
2304 4578 2368 4590 —
2417 4554 2533 4606 Cod.
2582 4555 2679 4607 art.
2732 4554 2889 4611 ¹5073
2925 4574 2992 4591 -
3030 4554 3094 4607 G.

500 4616 561 4727 ,(41.
591 4616 806 4730 ἆρδξὸἓι
838 4618 992 4681 10623
1043 4643 1107 4656 -
1154 4622 1206 4670 G.
1261 4620 1320 4670 G.
1360 4621 1508 4684 {6505
1559 4644 1623 4657 -
1656 4619 1710 4670 C.
1743 4619 1987 4681 S.14⁹6;
2035 4642 2097 4654 —
2135 4618 2189 4670 G.
2218 4618 2278 4667 P.
2317 4618 2464 4679 stou
2514 4643 2579 4656 —
2610 4617 2662 4669 G.
2698 4618 2770 4668 M.
2822 4616 2983 4679 15543
3024 4643 3098 4657 -
