3292 5167
1078 251 1158 298 nn
1201 253 1641 303 nasi-ireneus
1686 257 1747 303 m
1795 257 2037 303 otnant:
2454 241 2461 247 '
2760 237 2881 303 46¹

385 318 464 425 Si
509 359 567 438 1,
619 364 726 426 res
775 355 885 424 illa
931 364 1032 425 est
1079 357 1290 425 danda
1342 362 1746 447 pauperibus
1790 368 1902 428 aut
1951 361 2115 430 iocis
2166 361 2331 447 piis;
2411 362 2658 430 nemini
2719 363 2898 431 enim

289 462 474 531 fraus
521 481 639 530 sua
687 462 1084 548 patrocinari
1133 464 1349 548 debet,
1403 487 1522 565 nec
1557 468 1983 537 commodum
2016 469 2168 553 quis
2202 468 2401 537 debet
2433 477 2778 555 reportare
2814 489 2898 538 ex

296 586 416 637 sua
465 567 835 654 iniquitate.

387 676 454 743 Si
505 677 573 758 2,
620 684 1088 760 perseverante
1135 678 1339 749 dubio
1392 688 1544 765 post
1583 679 1873 748 debitam
1907 679 2429 769 inquisitionem,
2468 703 2573 753 res
2614 685 2718 751 iila
2759 702 2902 770 par-

296 781 418 849 tim
483 781 834 851 tribuenda
886 791 987 851 est
1037 787 1440 872 pauperibus
1491 793 1558 855 et
1605 787 1843 873 partim
1896 786 2161 855 retineri
2217 796 2436 873 potest
2455 816 2474 871 3
2526 808 2674 858 cum
2724 791 2903 859 enim

299 906 420 976 par
467 890 555 957 sit
604 889 796 973 ratio,
847 898 913 959 et
964 909 1082 978 par
1127 912 1273 962 esse
1323 894 1519 962 debet
1569 894 1865 962 conditio
1914 912 1991 962 ac
2030 896 2161 980 J'us.

395 996 465 1064 Si
517 999 579 1079 3,
631 1004 788 1066 tunc
836 998 892 1066 si
942 999 1258 1085 spectatis
1308 1002 1619 1070 omnibus
1670 1002 2210 1084 circumstantiis,
2266 1011 2369 1069 est
2419 1001 2631 1069 adhuc
2687 991 2903 1087 possiss

301 1102 465 1186 bile,
515 1111 589 1171 ut
636 1102 946 1174 dominus
995 1106 1386 1188 inveniatur,
1437 1126 1543 1175 res
1593 1107 1693 1176 vel
1743 1109 1907 1194 ejus·
1938 1108 2225 1195 pretium
2272 1109 2515 1177 servari
2567 1108 2784 1176 debet.
2826 1111 2903 1176 Et

303 1210 358 1279 si
412 1218 724 1279 neutrum
772 1213 1016 1283 servari
1070 1215 1303 1300 possit,
1357 1215 1419 1282 in
1470 1214 1617 1300 pios
1671 1233 1831 1282 usus
1881 1215 1992 1283 fiat
2041 1216 2390 1283 conversio
2433 1217 2622 1301 Juxta
2672 1215 2906 1283 volun-

300 1323 510 1385 tatem
557 1317 806 1387 domini
857 1320 1339 1389 rationabiliter
1387 1330 1885 1409 praesumptam,
1926 1323 2036 1408 qui
2089 1322 2179 1390 rei
2233 1322 2599 1391 dominium
2635 1340 2904 1391 conser-

301 1433 432 1507 vat,
485 1427 775 1511 quandiu
826 1428 935 1495 illa
1007 1447 1161 1497 suas
1212 1430 1275 1497 in
1327 1449 1560 1498 manus
1610 1429 1827 1498 redire
1861 1438 2106 1516 potest.
2144 1429 2334 1512 Quod
2368 1430 2593 1497 sinon
2628 1438 2729 1498 est
2766 1448 2907 1497 am-

283 1532 482 1618 plius
533 1535 873 1618 possibile,
921 1544 995 1602 ut
1043 1532 1354 1606 dominus
1405 1537 1794 1619 inveniatur,
1831 1555 1910 1605 eo
1960 1538 2024 1604 in
2077 1555 2232 1605 casu
2283 1556 2390 1606 res
2440 1537 2726 1605 babetur
2760 1546 2904 1613 tan-

305 1657 507 1725 quam
556 1641 890 1725 dereiicta,
936 1644 1123 1729 Juxta
1170 1646 1493 1714 vei-iorem
1544 1646 1970 1713 sententiam.
2036 1631 2043 1637 ⁴

397 1749 616 1815 680.
671 1752 834 1831 Quid
878 1751 1199 1839 (quaeres)
1246 1756 1303 1821 si
1347 1773 1448 1823 res
1494 1754 1666 1819 mala
1712 1753 1829 1840 fide
1874 1754 2182 1839 acquisita
2212 1753 2452 1820 tradita
2496 1753 2576 1818 sit
2615 1751 2911 1840 pauperi-

306 1856 439 1937 bus,
486 1867 542 1922 et
577 1869 816 1943 postea
840 1858 1127 1925 dominus
1176 1865 1583 1947 compareat?

399 1964 471 2030 R
502 1963 777 2043 Quando
804 1964 926 2032 suit
957 1965 1297 2050 praemissa
1334 1965 1554 2035 debita
1590 1964 1931 2050 diligentia
1958 1964 2039 2033 ad
2066 1964 2532 2033 inveniendum
2568 1922 2913 2033 dominum

310 2069 428 2151 rei,
478 2072 530 2139 si
579 2079 732 2158 post
780 2072 1014 2141 factam
1063 2073 1602 2143 distributionem
1654 2074 2078 2161 pauperibuS,
2124 2075 2266 2159 ipse
2318 2073 2765 2158 dignoscatur,
2803 2071 2945 2171 alii·

311 2194 466 2246 cum
514 2179 855 2263 Ledesma,
904 2184 1234 2263 Navarro,
1265 2182 1637 2268 Henriquez
1688 2181 1963 2277 docent,
2015 2198 2154 2248 rem
2204 2180 2381 2247 illam
2431 2179 2701 2247 domino
2781 2197 2913 2246 non

317 2285 602 2372 amplius
653 2306 800 2356 esse
865 2288 1365 2372 restituendam,
1415 2290 1566 2374 quia
1617 2297 1776 2356 tunc
1843 2305 2166 2374 pauperes
2239 2287 2543 2357 absolute
2593 2285 2917 2371 acquisie—

322 2401 478 2460 runt
527 2392 921 2463 dominium.
973 2395 1095 2464 Alii
1147 2397 1566 2465 communius
1606 2413 1756 2464 cum
1792 2390 2142 2481 La'ymano,
2184 2395 2435 2476 Lessio,
2471 2395 2738 2480 Sporer,
2780 2392 2919 2459 Sal-

313 2501 846 2571 manticensibus
896 2502 1145 2586 dicunt,
1198 2503 1375 2589 quod
1420 2505 1474 2571 si
1525 2522 1629 2571 res
1680 2502 1940 2585 existat,
1977 2501 2176 2570 debet
2225 2519 2475 2588 pauper
2514 2501 2691 2567 iilam
2726 2498 2918 2567 resti-

315 2614 544 2691 tuere;
591 2608 692 2676 vel
744 2609 809 2676 id
855 2610 921 2677 in
971 2628 1105 2696 quo
1156 2610 1370 2679 evadit
1419 2610 1638 2693 ditior,
1684 2610 1738 2678 si
1789 2610 1970 2678 illam
2020 2608 2598 2689 consummaverit,
2635 2607 2787 2693 quia
2833 2605 2919 2672 vi-

318 2713 518 2783 detur
564 2715 947 2787 distributio
986 2719 1154 2787 facta
1202 2720 1328 2787 sub
1381 2718 1574 2786 tacita
1626 2717 2033 2802 conditione,
2084 2724 2159 2784 ut
2206 2734 2314 2786 res
2362 2715 2589 2784 redeat
2659 2712 2740 2782 ad
2803 2714 2920 2781 do-

315 2821 573 2890 minum
624 2843 842 2907 suum,
893 2825 1005 2893 illo
1056 2834 1501 2911 comparente.

411 2929 544 2997 Sed
592 2931 811 2999 verius
863 2932 991 2999 buc
1039 2931 1210 3001 redit
1263 2930 1441 3017 quod
1490 2930 1738 3000 dictum
1790 2938 1892 3000 est
1940 2931 2022 3000 de
2068 2928 2471 3016 acquisitore
2520 2929 2691 2994 bonoe
2743 2926 2924 3013 fidet}

321 3054 561 3123 nempe
610 3038 662 3105 si
716 3046 869 3124 post
916 3037 1276 3107 adhibitam
1325 3038 1615 3107 debitam
1663 3037 2073 3124 diligentiam
2123 3056 2243 3124 pro
2293 3037 2390 3104 rei
2441 3043 2693 3116 natura,
2736 3032 2923 3102 adest
3052 3066 3059 3075 .

319 3143 556 3227 adbuc,
601 3144 854 3231 judicio
905 3147 1272 3231 prudenti8‚
1307 3147 1525 3232 aliqua
1558 3165 1714 3232 spes
1748 3145 2091 3214 dominum
2127 3142 2522 3224 inveniendi,
2560 3149 2717 3209 tunc
2760 3158 2922 3226 pau-

321 3270 441 3337 per
494 3270 624 3320 non
687 3253 968 3338 acquirit
1016 3254 1159 3340 ejus
1208 3253 1596 3335 dominium,
1632 3260 1697 3321 et
1747 3252 2023 3339 proinde
2061 3251 2257 3320 debet
2293 3268 2436 3318 eam
2469 3249 2741 3317 domino
2781 3265 2919 3315 ser·
3016 3273 3029 3290 ·

321 3375 476 3426 vare
533 3367 644 3426 aut
694 3360 836 3445 ejus
886 3360 1192 3446 pretium,
1222 3368 1288 3429 et
1327 3359 1416 3428 illi
1467 3360 1839 3442 restituere,
1888 3360 1943 3444 si
1990 3360 2162 3447 forte
2209 3364 2605 3443 compareat.
2642 3356 2709 3423 Si
2748 3372 2924 3437 vero,

323 3469 641 3551 spectatis
669 3468 978 3536 omnibus
1013 3469 1550 3551 circumstantiis,
1579 3487 1711 3536 non
1742 3467 2025 3553 amplius
2059 3467 2359 3535 videatur
2393 3463 2711 3551 possibiie
2746 3462 2927 3548 quod

328 3573 647 3644 dominus
695 3575 1083 3659 inveniatur,
1134 3584 1292 3645 tunc
1340 3577 1573 3645 saltem
1623 3577 1689 3644 in
1740 3576 1886 3645 foro
1937 3574 2365 3671 conscientiae
2417 3590 2670 3669 pauper
2705 3569 2926 3656 acqui-

324 3681 476 3751 sivit
524 3683 904 3771 absolutum
958 3682 1327 3752 dominium
1378 3683 1552 3751 illius
1599 3682 1720 3769 rei.
1768 3685 1850 3750 Et
1890 3681 2156 3767 quidem
2206 3681 2350 3750 sine
2410 3697 2612 3747 onere
2662 3678 2929 3745 restitu-

325 3789 553 3872 tionis,
605 3807 821 3876 neque
870 3790 1066 3858 etiam
1117 3808 1195 3857 ex
1247 3791 1622 3876 parte-ejus
1673 3790 1783 3876 qui
1836 3790 2010 3857 iliam
2087 3788 2357 3875 pauperi
2431 3786 2700 3865 tribuit3
2773 3783 2926 3868 quia

327 3896 526 3982 hujus
577 3898 769 3983 culpa
812 3897 947 3983 jam
981 3897 1101 3964 fuit
1140 3897 1436 3966 abstersa
1478 3914 1598 3983 per
1633 3896 2129 3965 restitutionem
2162 3895 2399 3963 factam
2434 3910 2513 3960 eo
2550 3889 2748 3959 modo
2792 3906 2925 3974 quo

329 4003 551 4090 potuit
600 4010 665 4073 et
713 4003 943 4074 debuit
989 4003 1056 4071 in
1107 4003 1216 4071 tali
1269 4021 1423 4071 casu
1475 4001 1657 4083 fieri.

416 4109 615 4173 681.
667 4114 739 4192 Q.
791 4116 852 4179 3.
908 4111 1212 4192 Quisnam
1258 4110 1326 4176 in
1371 4110 1758 4176 restitutione
1800 4106 2093 4193 facienda
2136 4105 2483 4173 servandus
2528 4114 2617 4169 est
2662 4101 2812 4168 ordo
2850 4103 2874 4147 ¹
2897 4106 2929 4168 9

423 4221 491 4286 R.
546 4221 602 4284 1.
655 4218 773 4286 Hic
824 4218 945 4285 tria
995 4226 1150 4286 sunt
1199 4215 1697 4303 praemittenda:
1748 4253 1838 4263 —
1886 4215 1952 4301 1)
2001 4213 2114 4300 qui
2165 4230 2304 4281 rem
2338 4210 2611 4279 alterius
2646 4208 2820 4295 apud
2854 4226 2927 4278 se

327 4332 541 4409 tenet,
586 4344 988 4413 quocunque
1037 4325 1230 4395 titulo
1305 4331 1548 4407 teneat,
1582 4341 1729 4392 eam
1776 4322 1975 4391 debet
2009 4321 2109 4389 vel
2144 4320 2440 4402 domin0‚
2477 4318 2575 4386 vel
2615 4318 2759 4404 ejus
2795 4318 2933 4386 hae-

331 4433 607 4503 redibus
655 4434 933 4517 tradere,
985 4435 1138 4522 quia
1187 4452 1291 4502 res
1341 4449 1607 4517 semper
1656 4424 1895 4498 clamat
1927 4427 2008 4495 ad
2041 4427 2422 4507 dominum3
2469 4463 2559 4474 -—
2604 4428 2673 4511 2)
2708 4425 2928 4494 debita

332 4559 416 4610 ex
465 4541 660 4609 titulo
698 4559 1008 4626 oneroso,
1043 4560 1100 4610 v,
1135 4559 1217 4628 g.,
1251 4559 1331 4609 ex
1366 4547 1710 4609 contractu
1747 4535 2166 4619 venditionis,
2208 4534 2388 4623 prius
2424 4532 2738 4603 solvenda
2772 4538 2931 4602 sunt

395 4732 418 4778 ¹
462 4737 523 4788 V.
555 4736 787 4800 Liguori,
818 4736 908 4801 Ορ.
943 4737 1099 4800 Mor„
1133 4738 1169 4789 l.
1204 4750 1281 4800 ιιι,
1315 4748 1369 4787 n.
1405 4736 1525 4800 6843
1558 4758 1621 4773 —
1654 4731 1916 4793 Ferraris;
1956 4731 2019 4782 V.
2055 4729 2340 4791 Restitutio,
2374 4729 2474 4782 art.
2507 4729 2557 4780 t.
