3292 5167
266 424 1122 574 LIBER
1209 429 2684 588 SECUNDUS

803 663 1546 869 tutemus
1634 752 2165 899 quimus

576 1030 742 1118 DE
825 935 1447 1122 VIR·TUTE
1531 1030 2365 1123 RELIGIONIS

256 1474 326 1533 Ι.
371 1473 453 1535 Ut
496 1474 686 1536 homo
730 1474 981 1538 dicatur
1038 1474 1201 1537 bene
1246 1484 1313 1538 et
1356 1477 1624 1539 honeste
1685 1476 1925 1552 vivere,
1970 1476 2325 1555 requiritur
2369 1484 2502 1560 tum
2545 1484 2617 1539 ut
2659 1474 2759 1538 de·

183 1551 383 1615 clinet
425 1571 454 1615 a
498 1553 692 1629 malo,
740 1565 874 1618 tum
919 1566 988 1619 ιιι
1033 1555 1225 1619 faciat
1266 1556 1503 1619 bonum
1542 1566 1724 1635 Juxta
1771 1556 1932 1619 illud
1979 1555 2209 1619 Psalmi
2253 1573 2482 1619 xxxv1:
2512 1556 2758 1618 declina

180 1649 221 1694 a
262 1634 423 1695 malo
472 1643 535 1695 et
573 1634 681 1714 fac
729 1632 968 1698 bonum.
1027 1636 1169 1699 'Jam
1232 1653 1388 1699 vero
1455 1637 1811 1700 declinabit
1873 1653 1905 1700 a
1974 1636 2164 1712 malo,
2207 1640 2259 1699 si
2309 1653 2639 1715 nunquam
2685 1637 2752 1698 in

182 1713 429 1792 agendo
469 1731 534 1776 se
577 1715 787 1794 abripi
851 1720 1022 1780 sinat
1064 1734 1096 1780 a
1144 1718 1484 1797 principiis
1548 1727 1759 1780 actum
1805 1717 2157 1781 humanum
2200 1716 2633 1780 allicientibus
2678 1717 2753 1780 ad

182 1793 446 1867 malum;
490 1795 683 1858 faciet
728 1796 983 1872 bonum,
1026 1801 1077 1860 si
1126 1815 1155 1859 3
1191 1800 1525 1877 principiis
1562 1800 1928 1873 contrariis,
1961 1807 2170 1862 actum
2203 1806 2432 1877 nempe
2464 1797 2752 1861 allicien-

184 1873 346 1937 tibus
380 1874 458 1936 ad
491 1876 753 1953 bonum,
782 1876 1033 1940 sortiter
1065 1882 1471 1958 suaviterque
1503 1895 1851 1941 concussus
1877 1878 2279 1942 honestatem
2312 1878 2753 1957 amplectatur.

253 1953 589 2034 Postquam
634 1974 793 2035 ergo
837 1957 917 2019 de
959 1959 1182 2038 primis
1213 1961 1550 2039 principiis
1595 1959 1719 2023 luit
1746 1959 2162 2037 disputatum,
2196 1968 2488 2037 superest
2522 1968 2591 2022 ut
2634 1959 2756 2020 dis·

172 2044 427 2096 seratur
471 2033 552 2098 de
596 2039 848 2113 ceteris,
892 2056 1032 2118 quae
1078 2047 1288 2103 actum
1334 2040 1687 2104 humanum
1730 2039 1807 2103 ad
1855 2039 2091 2103 bonum
2135 2038 2451 2115 alliciunt,
2501 2048 2564 2101 et
2606 2048 2755 2102 sunt

186 2113 460 2178 Virtutes
505 2126 570 2179 et
615 2116 1042 2206 Sacramenta.

498 2446 1408 2527 lusPIJTATlo
1483 2447 2443 2567 PRAEAMRULA

212 2686 217 2694 ’
256 2697 369 2764 DE
418 2697 908 2768 VIRTUTfflUS
954 2642 1060 2767 Ac
1110 2700 1217 2767 DE
1266 2699 1734 2768 RELIGIONIS
1781 2699 2112 2767 NATURA
2157 2699 2261 2765 ET
2312 2697 2686 2765 ACTIBUS.

247 2935 341 2997 ἓ.
390 2932 466 3010 Q.
520 2931 575 2996 l.
630 2930 793 3012 Quid
833 2944 921 2998 est
964 2932 1182 3014 virtus,
1230 2945 1287 2999 ot
1331 2933 1669 3020 quotuplex
1714 2931 2164 3017 distinquitur?

251 3038 325 3105 R.
375 3037 473 3105 Ad
526 3040 595 3104 1:
646 3038 868 3108 Virtus
916 3038 983 3106 in
1030 3059 1232 3109 sensu
1279 3039 1600 3108 latissimo
1651 3040 1826 3107 idem
1878 3047 1980 3108 est
2030 3057 2105 3107 ac
2151 3041 2245 3106 vis
2293 3057 2414 3107 seu
2460 3038 2750 3127 efficacia,

165 3162 304 3230 quo
352 3163 556 3213 sensu
605 3153 670 3213 et
718 3145 1035 3215 fortitudo
1084 3155 1149 3216 et
1198 3149 1402 3233 gratia
1430 3148 1906 3216 miraculorum
1941 3154 2005 3215 et
2040 3147 2333 3232 ipsarum
2376 3164 2600 3214 rerum
2634 3161 2748 3212 na—

173 3251 490 3321 turalium
561 3255 933 3337 efficacitas,
983 3256 1183 3323 virtus
1250 3256 1622 3342 appellatur
1679 3259 1728 3321 ¹.
1777 3292 1866 3303 —
1921 3256 1994 3322 ln
2066 3272 2267 3322 sensu
2315 3271 2469 3321 vero
2519 3250 2749 3319 stricto

166 3360 378 3428 virtus
428 3361 872 3431 communiter
921 3362 1177 3431 definiri
1226 3364 1397 3432 solet
1446 3382 1597 3432 cum
1666 3363 2067 3448 Augustino:
2117 3361 2316 3427 animi
2355 3360 2600 3427 habitus
2645 3359 2750 3425 ho·

162 3449 395 3516 minem
432 3451 748 3518 inclinans
772 3452 857 3519 ad
893 3454 1036 3520 bene
1080 3465 1356 3538 recteque
1401 3453 1783 3540 operandum
1831 3450 1880 3519 ².
1931 3454 2045 3519 Est
2089 3469 2324 3535 nempe
2373 3450 2546 3517 bona
2594 3465 2751 3534 qua-

164 3555 314 3624 litas
364 3557 658 3624 animum
710 3566 1092 3628 constanter
1141 3567 1206 3627 ot
1254 3561 1606 3628 efficaciter
1653 3559 2012 3645 disponens
2061 3557 2142 3625 ad
2186 3557 2459 3626 bonum.

238 3665 314 3732 R.
367 3662 465 3732 Ad
512 3668 580 3732 2:
631 3666 923 3736 Virtutes
973 3666 1117 3735 aliae
1167 3674 1322 3735 sunt
1367 3668 1710 3749 natm-alea,
1760 3684 1909 3752 quae
1982 3683 2101 3751 per
2168 3662 2633 3749 repetitionem
2679 3677 2750 3726 a·

167 3777 400 3838 ctuum
428 3772 765 3841 bonorum
809 3773 965 3841 solis
998 3781 1253 3842 naturae
1290 3774 1535 3843 viribus
1575 3774 2035 3859 acquir-uotum
2076 3771 2219 3838 aliae
2268 3777 2423 3839 sunt
2452 3787 2750 3856 superna-

165 3879 426 3962 turales,
463 3899 612 3965 quae
653 3899 686 3947 a
726 3882 868 3948 Deo
915 3882 1108 3950 nobis
1141 3881 1579 3950 infunduntur
1625 3879 1821 3949 simul
1855 3897 2006 3947 cum
2040 3880 2245 3965 gratia
2278 3877 2748 3957 sanctificante,

162 3991 234 4050 ut
274 3985 640 4055 habeamus
674 3987 1073 4074 principium
1113 3988 1546 4057 intrinsecum
1578 3995 1844 4056 actuum
1879 3984 2499 4071 supernaturalium.
2536 3983 2747 4050 Hom‘o

165 4093 476 4180 utrisque
525 4113 699 4181 opus
762 4096 992 4166 habet:
1042 4096 1394 4165 virtutibus
1438 4098 1858 4177 naturalibus,
1909 4095 2149 4181 quibus
2201 4091 2564 4160 naturalem
2611 4090 2748 4158 feli-

164 4199 437 4268 citatem
488 4208 915 4287 assequatur3
962 4205 1564 4290 supernaturalibus,
1612 4203 1857 4289 quibus
1907 4201 2105 4271 etiam
2153 4200 2361 4267 valeat
2410 4196 2488 4265 ad
2537 4196 2743 4265 felici-

155 4309 363 4377 tatem
412 4309 982 4396 supernaturalem
1031 4312 1394 4396 pervenire.

220 4542 245 4581 ¹
280 4555 321 4605 ι,
351 4540 587 4594 Machab.
620 4552 695 4602 ’.νη
732 4538 911 4590 Mattb.
939 4549 1034 4602 vit;
1070 4539 1191 4602 Sap.
1226 4550 1322 4600 vu,
1356 4550 1487 4589 xvii.
1532 4537 1747 4589 Wrtutis
1780 4546 1976 4587 nomen
2001 4546 2032 4585 a
2053 4535 2162 4586 viro
2180 4532 2594 4594 derivatumest;
2619 4530 2745 4596 quia

157 4602 300 4657 dicta
334 4606 419 4655 vis
449 4607 503 4656 et
532 4603 771 4654 efficacia
807 4601 976 4663 major
1005 4603 1086 4654 est
1120 4602 1173 4652 in
1208 4603 1345 4663 viro,
1374 4612 1535 4664 quam
1572 4601 1626 4651 iu
1659 4600 1894 4650 ioemlna.
1941 4660 1951 4670 ,
2729 4653 2739 4663 ⁶

211 4667 239 4706 ²
268 4666 385 4718 Lib.
418 4680 432 4717 ι
466 4669 652 4718 contra
683 4665 898 4724 Julian..
930 4675 976 4714 c.
1012 4677 1086 4715 m.
1124 4664 1296 4715 Etiam
1332 4670 1482 4714 actus
1515 4664 1828 4726 singulares,
1863 4672 1953 4724 qui
1988 4658 2115 4709 boni
2150 4659 2292 4720 sunt,
2341 4668 2408 4710 ex
2471 4665 2746 4708 commum

158 4739 255 4781 usu
286 4732 504 4781 virtutes
534 4728 934 4789 nuncupantur.
968 4753 1029 4764 —
1069 4728 1126 4779 V.
1164 4725 1326 4789 Stapt,
1362 4726 1386 4790 5
1417 4728 1497 4778 97.
1532 4751 1596 4763 -
1629 4724 1862 4777 Fet-raris
1891 4735 1906 4786 ;
1933 4723 1991 4773 V.
2033 4722 2223 4773 Virtus.

244 4811 521 4894 Scitum,
576 4808 927 4895 Theoloyia.
951 4815 1074 4878 etc.
1124 4810 1195 4876 T.
1244 4809 1321 4875 11.
2533 4800 2559 4862 l
