3292 5167
564 217 694 284 734
1587 235 1706 281 tin.
1755 231 1819 280 tt.
1867 233 2079 282 ruer.
2127 230 2252 278 viii.

557 345 709 403 sunt
749 343 955 400 vestes
978 335 1270 400 nationis
1315 336 1591 399 turcicae.
1622 334 1798 408 Quod
1843 349 2066 398 verum
2112 341 2211 397 est
2251 333 2372 398 etsi
2411 333 2546 397 sint
2584 342 2798 400 vestes
2847 337 3130 418 ipsorum

559 418 1028 498 religiosorum,
1075 415 1259 479 modo
1307 432 1432 479 non
1483 416 1764 480 habeant
1808 414 2129 494 peculiare
2173 415 2426 494 signum
2480 416 2827 494 profitendi
2872 419 3138 494 erroris,

557 500 666 563 sed
715 505 845 559 sint
890 506 1135 561 tantum
1200 497 1512 561 indicium
1562 496 1886 560 nitidioris
1940 496 2167 570 cultus„
2211 496 2301 559 uti
2351 504 2494 574 toga
2540 495 3044 561 Praedicantium
3079 501 3141 560 in

556 578 917 653 Germania,
966 577 1060 640 vel
1109 578 1290 657 signa
1334 578 1782 641 eminentioris
1825 579 1975 640 vitae
2019 579 2187 638 inter
2229 593 2376 640 suos
2422 578 2510 638 uti
2561 587 2721 655 togae
2767 577 3144 642 bonziornm

558 661 622 723 in
691 659 973 739 Japonia.
1041 657 1212 720 ldetn
1258 658 1360 721 dic
1406 659 1484 720 de
1545 658 1748 737 signis
1791 657 2020 737 quibus
2079 656 2313 720 alicubi
2355 655 2558 736 jndaei,
2615 658 3146 738 distinguuntun

558 742 704 820 quia
750 741 885 802 haec
921 747 1069 801 sunt
1114 741 1291 818 signa
1339 754 1514 801 mere
1562 738 1816 817 politica
1863 748 1927 800 et
1972 737 2339 800 distinctiva
2388 739 2578 799 unius
2624 742 2898 815 generis
2946 740 3143 801 homi·

558 836 710 883 num
755 820 833 882 ab
878 819 1022 892 alic,
1052 831 1117 884 et
1160 835 1287 882 non
1333 825 1444 899 pro
1496 824 1589 881 rie
1635 817 1980 897 protessiva
2030 818 2199 879 fidei.
2229 816 2319 880 Ita
2412 818 2789 881 robabiliter
2839 819 3142 899 Layman,

563 900 838 963 Becanus
882 908 946 963 et
989 901 1098 961 alii
1144 911 1364 962 contra
1411 837 1591 962 apios.
1636 934 1712 945 -
1770 897 1826 959 V.
1871 898 2255 962 Benedictus
2299 897 2352 961 X
2386 897 2456 975 V,
2514 899 3141 976 Constitutionibus,

561 979 846 1045 Omnium
888 981 1407 1053 sollicitudinum,
1460 978 1633 1042 Inter
1675 980 2052 1059 omniycnas,
2095 979 2490 1042 Provincialc
2542 978 2916 1053 Concilium,
2945 996 3067 1042 etc.

712 1062 768 1123 8.
813 1062 926 1134 Qui
974 1064 1429 1140 interrogatur,
1475 1075 1555 1122 an
1601 1063 1684 1121 sit
1721 1060 2038 1134 sacerdos,
2084 1060 2446 1137 relig‘iosuS,
2476 1062 2841 1138 episcopuS,
2878 1077 3016 1123 non
3057 1072 3140 1122 te-

555 1151 747 1204 netur
789 1141 1104 1217 confiteri,
1136 1144 1225 1204 uti
1259 1142 1685 1203 communiter
1709 1139 1941 1202 docent
1974 1150 2196 1203 contra
2234 1138 2555 1215 Pauwels;
2587 1146 2732 1219 qnia
2776 1141 2940 1220 tales
2972 1140 3144 1204 tituli

556 1233 707 1284 sunt
748 1221 1036 1301 quaedam
1081 1221 1433 1284 accidentia
1484 1221 1861 1301 religionis,
1906 1220 2049 1283 ideo
2117 1221 2262 1282 illos
2333 1221 2601 1284 tacendo
2664 1237 2792 1283 non
2838 1233 3142 1296 censetur

557 1302 746 1366 fidem
788 1318 1039 1378 negare.
1086 1301 1214 1363 Imo
1260 1304 1364 1380 qui
1413 1309 1697 1379 negaret,
1741 1317 1807 1362 se
1852 1317 1998 1362 esse
2041 1300 2457 1375 sacerdotem,
2486 1318 2626 1365 cum
2664 1302 2810 1364 talis
2841 1303 2950 1377 sit,
2981 1318 3142 1364 non-

554 1384 679 1445 nisi
729 1382 1129 1444 mendacium
1174 1383 1521 1444 officiosum
1568 1397 1680 1460 per
1723 1398 1790 1443 se
1836 1385 2280 1444 committeret.
2328 1381 2514 1443 Aliud
2564 1391 2736 1444 esset
2797 1384 2848 1444 si
2915 1398 2984 1444 se
3032 1381 3141 1445 Pa·

556 1464 786 1541 pisiam
819 1473 1084 1540 negaret
1127 1465 1192 1524 in
1240 1463 1393 1524 locis
1438 1462 1692 1539 (dicunt
1738 1465 1799 1522 in
1846 1460 2206 1535 Hollandia)
2237 1508 2255 1539 ,
2315 1465 2419 1526 ubi
2493 1466 2812 1525 communi
2863 1480 2984 1524 usu
3032 1479 3142 1542 per

556 1544 869 1621 papistam
918 1543 1289 1621 intelligunt
1322 1542 1727 1605 catholicum.
1773 1541 1952 1604 Dens.

712 1623 877 1685 9.'Si
936 1623 1230 1701 princeps
1273 1622 1534 1684 mandet
1576 1622 1872 1685 omnibus
1915 1621 2030 1683 sub
2077 1637 2260 1700 poena
2306 1623 2646 1686 conciones
2678 1623 3141 1685 haereticorum

562 1703 804 1778 audire,
851 1719 974 1764 non
1025 1705 1173 1767 licet
1206 1703 1669 1782 obtemperare,
1714 1703 1800 1764 uti
1849 1711 2096 1764 constat
2138 1719 2218 1763 ex
2265 1704 2573 1779 rescripto
2608 1702 2781 1766 Pauli
2823 1702 2873 1764 V
2906 1699 2987 1764 ad
3026 1704 3144 1765 An·

554 1782 723 1862 glos:
787 1783 922 1846 Non
989 1785 1133 1847 liccl
1177 1784 1345 1847 vobis
1392 1784 1515 1845 lucc
1559 1782 1768 1863 facere
1809 1783 1943 1845 sinc
1984 1783 2358 1845 detrimento
2400 1783 2604 1846 diuini
2675 1783 2882 1845 cultus
2929 1799 3008 1844 ac
3055 1801 3142 1846 vc·

557 1868 707 1924 strae
750 1864 997 1926 salutis.
1043 1863 1217 1938 Quod
1260 1863 1471 1946 valet,
1514 1866 1630 1925 etsi
1682 1866 1975 1943 princeps
2021 1872 2406 1944 protestetur
2449 1881 2517 1926 se
2562 1864 2677 1925 hac
2739 1866 2804 1925 in
2855 1880 2926 1926 re
2972 1863 3140 1927 nihil

555 1942 729 2006 aliud
775 1946 1052 2022 exigere,
1095 1961 1283 2023 quam
1327 1944 1757 2006 obedientiam
1805 1944 2101 2019 civilem;
2147 1960 2294 2006 nam
2342 1946 2477 2006 haec
2521 1943 2599 2005 de
2645 1960 2712 2006 se
2746 1954 2889 2023 apta
2933 1944 3138 2007 estad

556 2022 903 2085 catholicos
950 2026 1271 2103 paullatim
1319 2026 1816 2104 pervertendos»,
1862 2034 2050 2104 atque
2094 2023 2173 2087 ad
2221 2023 2521 2103 injuriam
2556 2024 2702 2085 fidei
2749 2036 2814 2086 et
2856 2026 3137 2087 auctori·

558 2112 749 2166 tatem
796 2106 1020 2168 haeresi
1068 2105 1555 2168 conciliandam.

642 2184 730 2247 lO.
779 2183 1115 2258 Quaesitum
1156 2185 1282 2266 fuit
1323 2203 1365 2249 a
1407 2203 1639 2248 summo
1709 2183 2039 2263 Pontifice:
2098 2210 2119 2240 «
2184 2184 2251 2247 Ν.
2298 2185 2567 2262 exponit
2608 2186 2774 2263 quod
2851 2186 2915 2246 in
2983 2185 3134 2247 civi-

560 2270 687 2325 tate
728 2264 839 2326 M...
890 2267 1119 2328 existat
1163 2267 1531 2345 hospitium,
1580 2263 1761 2343 cujus
1807 2268 1939 2343 ipse
1986 2273 2192 2326 rector
2236 2274 2300 2327 et
2362 2264 2727 2343 capellanus
2770 2274 2912 2342 est,
2957 2275 3026 2325 et
3073 2266 3135 2326 in

558 2346 1130 2422 quo·infirmorum
1174 2363 1389 2409 curam
1436 2357 1671 2422 gerunt
1713 2344 2041 2406 moniales.
2086 2345 2240 2407 Cum
2299 2354 2507 2406 autem
2574 2348 2638 2406 in
2689 2346 2807 2406 hoc
2856 2346 3134 2422 hospitio

558 2424 830 2487 subinde
878 2429 1269 2507 recipiantur
1311 2426 1682 2489 acatholicae
1746 2426 2080 2504 religionis
2144 2435 2529 2500 sectatores,
2572 2442 2644 2486 ac
2692 2426 2882 2488 iidem
2948 2425 3133 2486 mini-

558 2513 759 2567 strum
807 2508 1180 2569 haereticum
1224 2526 1256 2569 a
1303 2524 1424 2585 quo
1472 2507 1802 2586 religionis
1846 2504 2078 2569 auxilia
2125 2516 2188 2569 et
2230 2505 2453 2567 solatia
2504 2507 2849 2583 recipiant,
2895 2505 3152 2569 identi·=

558 2584 701 2647 dem
750 2595 999 2664 petant:
1045 2591 1356 2666 quaeritur
1403 2597 1613 2650 utrum
1662 2585 1944 2665 praefatis
1989 2586 2372 2648 monialibus
2419 2585 2593 2648 falsae
2643 2586 2984 2663 religionis
3033 2586 3134 2647 mi·

560 2666 843 2734 nistrum
880 2668 1192 2730 advocare
1228 2667 1474 2746 licitum
1520 2666 1650 2731 sit‘?
1700 2668 1959 2745 insuper
1998 2679 2207 2729 utrum
2241 2665 2461 2728 eadem
2494 2666 2698 2728 danda
2749 2670 2835 2728 sit
2876 2666 3137 2742 solutio,

560 2745 667 2807 ubi
716 2748 1057 2810 haereticus
1122 2748 1414 2810 infirmus
1483 2749 1547 2810 in
1612 2748 1799 2810 domo
1862 2751 2103 2826 privata
2169 2748 2496 2825 qu'usdam
2556 2746 2854 2818 catholici
2919 2747 3131 2825 degiu

560 2836 770 2894 utrum
818 2828 1063 2889 scilicet
1107 2838 1257 2890 tunc
1302 2830 1656 2891 catholicus
1720 2830 2078 2889 ministrum
2149 2828 2517 2889 haereticum
2582 2828 2895 2888 advocare
2964 2824 3136 2889 licite

555 2906 804 2984 possit?
848 2895 907 2968 S.
950 2907 1147 2972 Officii
1196 2907 1616 2987 Congregatio
1648 2907 1751 2969 die
1787 2909 1860 2970 15
1907 2909 2115 2969 martii
2153 2906 2306 2970 1848
2343 2907 2704 2987 respondit:
2743 2924 2864 2969 non
2897 2908 3132 2980 licerc;

472 2999 479 3008 ¹
558 2986 662 3047 scd
704 2990 945 3065 passive
986 3006 1048 3050 sc
1093 2987 1382 3053 habeant.
1428 3012 1450 3042 ι
1502 3047 1507 3054 .

641 3067 878 3127 ΙθΙῖ.
923 3068 987 3141 Q.
1036 3071 1087 3131 1.
1142 3073 1239 3132 An
1271 3071 1460 3132 liceat
1492 3067 1798 3129 catholico
1828 3068 1895 3130 in
1933 3067 2359 3131 lioercticornm
2390 3066 2538 3130 locis
2574 3066 2961 3129 manducare
2989 3083 3131 3129 car·

488 3225 497 3230 ,
558 3164 663 3208 nes
708 3145 922 3211 diebus
966 3149 1045 3212 ab
1078 3150 1360 3212 Ecclesia
1401 3147 1787 3228 prohibitis?

639 3225 706 3289 R.
750 3225 811 3288 Si
861 3246 1053 3307 grave
1101 3231 1452 3309 periculum
1499 3232 1866 3291 immineret
1909 3230 2056 3290 vitae
2098 3226 2201 3289 vel
2247 3227 2580 3300 bonorum,
2618 3225 2769 3288 licet
2808 3227 2888 3288 ad
2943 3225 3136 3288 fidem

556 3307 896 3384 tegendam
942 3313 1108 3372 vesci
1145 3310 1443 3372 carnibus
1487 3309 1713 3371 diebus
1757 3310 2124 3387 prohibitis;
2168 3310 2312 3386 quia
2345 3322 2485 3370 cum
2517 3308 2904 3370 abstinentia
2939 3322 2975 3367 a
3007 3324 3140 3368 car·

560 3387 749 3454 nibus
795 3406 919 3450 non
965 3396 1048 3452 sit
1093 3393 1378 3452 instituta
1426 3390 1503 3451 ad
1564 3389 2021 3468 professionem
2080 3389 2471 3467 Religionis,
2519 3389 2742 3450 iisdem
2809 3387 3137 3450 veseima

557 3468 880 3546 prohibito
928 3488 1053 3531 nou
1099 3482 1195 3532 est
1237 3470 1425 3534 fidem
1476 3487 1727 3549 negare.
1770 3470 1994 3532 Nonne
2042 3469 2100 3554 id
2153 3467 2392 3530 faciunt
2422 3470 2612 3531 etiam
2646 3468 2945 3530 catholici
2982 3466 3134 3529 mali

558 3556 622 3610 et
666 3548 1043 3618 helluones?
1091 3568 1206 3612 nec
1252 3562 1460 3615 tamen
1494 3550 1780 3626 dixeris,
1822 3565 1928 3610 eos
1972 3550 2062 3611 sic
2108 3549 2296 3610 fidem
2343 3565 2599 3626 negare.
2644 3545 2771 3610 Nec
2815 3550 3134 3623 obstaret,

558 3631 610 3691 si
657 3630 779 3691 cibi
827 3639 1042 3694 essent
1084 3631 1254 3694 idolo
1300 3635 1688 3704 consecrem
1731 3629 1801 3693 ea
1848 3632 2018 3692 enim
2063 3631 2457 3698 consecratio
2486 3629 2627 3691 illos
2674 3645 2797 3690 non
2834 3628 2989 3690 facit
3028 3629 3135 3690 im·

556 3710 846 3773 mundos.
893 3710 1051 3772 Hinc
1094 3712 1429 3790 Apostolus
1472 3728 1583 3772 eos
1624 3709 1958 3774 comedere
1992 3718 2116 3774 non
2151 3709 2469 3790 prohibet,
2511 3712 2631 3771 nisi
2669 3713 2732 3770 in
2769 3726 2924 3772 casu
2955 3724 3131 3770 scan-

558 3789 685 3852 dali
733 3790 999 3853 alioruin
1027 3839 1042 3866 ‚
1089 3792 1185 3854 vel
1229 3793 1640 3854 erroneitatis
1688 3794 1959 3870 propriae
2016 3791 2427 3862 conscientiae
2472 3790 2544 3870 (i,
2586 3789 2723 3852 Cor.
2769 3806 2883 3851 viii
2933 3797 2998 3851 et
3042 3791 3128 3866 x).

557 3870 874 3933 Diximus:
916 3873 973 3933 si
1013 3888 1202 3952 qrave
1242 3872 1590 3954 periculum
1632 3873 1982 3934 immineret
2008 3873 2152 3933 vitoe
2180 3871 2276 3933 vel
2307 3870 2647 3942 bonorum,·
2693 3872 2907 3948 agitur
2954 3871 3127 3931 enim

557 3950 635 4012 de
681 3967 748 4011 re
791 3968 902 4030 pei·
946 3968 1011 4012 se
1056 3957 1267 4032 gravi:
1315 3954 1457 4014 ideo
1503 3969 1629 4013 nou
1676 3962 1773 4014 est
1816 3951 2201 4014 attendenda
2250 3951 2522 4030 simplex
2552 3951 2793 4014 derisio
2827 3951 2926 4012 vel
2970 3949 3127 4011 levis

557 4034 827 4093 vexatio.
872 4034 1161 4098 Attamen
1209 4035 1260 4096 si
1308 4049 1418 4112 per
1460 4032 1757 4095 accidens
1820 4049 1964 4094 esus
2024 4031 2324 4095 evaderet
2385 4034 2636 4110 signum
2701 4031 3128 4109 professivum

559 4111 729 4188 fidei,
775 4119 861 4175 uti
908 4116 958 4174 si
1010 4116 1071 4175 in
1118 4114 1334 4177 odium
1399 4113 1694 4176 Ecclesiae
1761 4111 2091 4175 catholicae
2139 4113 2305 4173 inter
2350 4115 2652 4176 convivas
2713 4121 3127 4185 statueretur,

557 4202 624 4253 ut
666 4193 771 4271 qui
819 4194 1015 4256 hostis
1059 4202 1158 4255 est
1202 4193 1498 4256 Romanae
1542 4193 1724 4256 Sedis
1770 4191 2309 4256 comedatcarnes
2358 4192 2464 4254 tali
2506 4193 2633 4265 die,
2676 4201 2972 4270 peccaret
3005 4191 3123 4256 uti·

557 4287 676 4350 que
720 4282 936 4334 contra
987 4274 1173 4336 [idem
1221 4278 1324 4354 qui
1371 4291 1479 4336 eas
1523 4273 1888 4336 comederet
1930 4275 2067 4335 sine
2098 4274 2417 4335 contraria
2453 4274 2948 4352 protestatione3
2980 4286 3127 4334 nam

556 4358 722 4414 esset
768 4353 954 4414 fidem
1000 4355 1162 4418 facto
1208 4371 1460 4434 negare.
1504 4355 1781 4434 Lignori‚
1830 4351 1994 4433 Opus
2035 4353 2213 4426 Mon,
2262 4353 2301 4415 l.
2348 4366 2416 4428 ιι,
2463 4370 2520 4414 n.
2570 4354 2660 4415 12.

635 4431 700 4503 Q.
744 4432 802 4492 2.
847 4434 1148 4496 Peccatnc
1193 4436 1257 4498 in
1297 4436 1471 4515 fidem
1516 4434 1861 4498 catholicus
1907 4434 2015 4513 qui
2050 4433 2369 4497 contrahit
2404 4433 2870 4499 matrimonium
2911 4446 3126 4496 corant

554 4513 942 4590 maqistracu
984 4515 1197 4588 civili,
1237 4515 1333 4577 vel
1373 4532 1584 4576 coram
1624 4515 1919 4578 niinistro
1963 4513 2294 4577 hoeretico?

634 4590 703 4652 R.
751 4589 922 4653 Licet
966 4595 1277 4656 catholico
1328 4597 1805 4666 matrimonium
1852 4595 2234 4657 contrahere
2265 4609 2478 4656 coram
2521 4595 2894 4671 magistratu
2923 4590 3127 4666 civili,

556 4671 743 4733 modo
788 4681 934 4731 ante
978 4672 1076 4734 vel
1125 4685 1262 4751 post
1305 4678 1644 4737 contrahat
1689 4679 1814 4737 ritu
1876 4674 2226 4747 catholico;
2278 4689 2424 4735 nain
2481 4672 2625 4735 talis
2688 4677 2852 4758 actio
2895 4680 2995 4735 est
3039 4673 3128 4734 in·
