<?xml version="1.0" encoding="UTF-8"?>
<!DOCTYPE html PUBLIC "-//W3C//DTD XHTML 1.0 Transitional//EN"
    "http://www.w3.org/TR/xhtml1/DTD/xhtml1-transitional.dtd">
<html xmlns="http://www.w3.org/1999/xhtml" xml:lang="en" lang="en">
 <head>
  <title>
</title>
<meta http-equiv="Content-Type" content="text/html;charset=utf-8" />
  <meta name='ocr-system' content='tesseract 3.04.00' />
  <meta name='ocr-capabilities' content='ocr_page ocr_carea ocr_par ocr_line ocrx_word'/>
</head>
<body>
  <div class='ocr_page' id='page_1' title='image "./theologiamorali04scavgoog/theologiamorali04scavgoog_0402.png"; bbox 0 0 3292 5167; ppageno 0'>
   <div class='ocr_carea' id='block_1_1' title="bbox 544 248 2187 316">
    <p class='ocr_par' dir='ltr' id='par_1_1' title="bbox 544 248 2187 316">
     <span class='ocr_line' id='line_1_1' title="bbox 544 248 2187 316; baseline -0.001 -2"><span class='ocrx_word' id='word_1_1' title='bbox 544 248 672 315; x_wconf 77' lang='lat'>392</span> <span class='ocrx_word' id='word_1_2' title='bbox 1566 271 1680 316; x_wconf 76' lang='grc' dir='ltr'><strong>ιιιι.</strong></span> <span class='ocrx_word' id='word_1_3' title='bbox 1732 272 1793 315; x_wconf 91' lang='grc' dir='ltr'>ιι.</span> <span class='ocrx_word' id='word_1_4' title='bbox 1843 268 2055 315; x_wconf 73' lang='grc' dir='ltr'><strong>τιιιιοτ.</strong></span> <span class='ocrx_word' id='word_1_5' title='bbox 2108 270 2187 314; x_wconf 81' lang='lat' dir='ltr'>vi.</span> 
     </span>
    </p>
   </div>
   <div class='ocr_carea' id='block_1_2' title="bbox 539 366 3143 4711">
    <p class='ocr_par' dir='ltr' id='par_1_2' title="bbox 539 366 3133 1092">
     <span class='ocr_line' id='line_1_2' title="bbox 539 366 3131 451; baseline 0.001 -22"><span class='ocrx_word' id='word_1_6' title='bbox 539 383 682 431; x_wconf 80' lang='lat' dir='ltr'>cuin</span> <span class='ocrx_word' id='word_1_7' title='bbox 728 368 886 446; x_wconf 81' lang='lat' dir='ltr'>ipso,</span> <span class='ocrx_word' id='word_1_8' title='bbox 932 382 1093 444; x_wconf 77' lang='lat' dir='ltr'>etc.;</span> <span class='ocrx_word' id='word_1_9' title='bbox 1170 384 1288 432; x_wconf 89' lang='lat' dir='ltr'>nec</span> <span class='ocrx_word' id='word_1_10' title='bbox 1331 376 1512 448; x_wconf 89' lang='lat' dir='ltr'>putat</span> <span class='ocrx_word' id='word_1_11' title='bbox 1553 370 1620 434; x_wconf 91' lang='lat' dir='ltr'>in</span> <span class='ocrx_word' id='word_1_12' title='bbox 1688 370 1808 433; x_wconf 87' lang='lat' dir='ltr'>hoc</span> <span class='ocrx_word' id='word_1_13' title='bbox 1852 386 2140 451; x_wconf 85' lang='lat' dir='ltr'>peccare,</span> <span class='ocrx_word' id='word_1_14' title='bbox 2181 370 2328 450; x_wconf 87' lang='lat' dir='ltr'>quia</span> <span class='ocrx_word' id='word_1_15' title='bbox 2378 378 2555 448; x_wconf 87' lang='lat' dir='ltr'>pater</span> <span class='ocrx_word' id='word_1_16' title='bbox 2617 366 2768 432; x_wconf 89' lang='lat' dir='ltr'>dum</span> <span class='ocrx_word' id='word_1_17' title='bbox 2827 370 2993 432; x_wconf 79' lang='lat' dir='ltr'>vivit</span> <span class='ocrx_word' id='word_1_18' title='bbox 3034 376 3131 432; x_wconf 79' lang='lat' dir='ltr'>est</span> 
     </span>
     <span class='ocr_line' id='line_1_3' title="bbox 543 446 3128 529; baseline 0 -17"><span class='ocrx_word' id='word_1_19' title='bbox 543 448 840 512; x_wconf 89' lang='lat' dir='ltr'>dominus</span> <span class='ocrx_word' id='word_1_20' title='bbox 883 464 1143 512; x_wconf 86' lang='lat' dir='ltr'>suorum</span> <span class='ocrx_word' id='word_1_21' title='bbox 1192 449 1522 514; x_wconf 83' lang='lat' dir='ltr'>bonorum.</span> <span class='ocrx_word' id='word_1_22' title='bbox 1567 484 1646 497; x_wconf 89' lang='lat'>—-</span> <span class='ocrx_word' id='word_1_23' title='bbox 1688 446 1906 525; x_wconf 72' lang='lat' dir='ltr'>Quid0</span> <span class='ocrx_word' id='word_1_24' title='bbox 1946 451 2136 514; x_wconf 84' lang='lat' dir='ltr'>Errat</span> <span class='ocrx_word' id='word_1_25' title='bbox 2178 460 2243 513; x_wconf 88' lang='lat' dir='ltr'>et</span> <span class='ocrx_word' id='word_1_26' title='bbox 2288 449 2466 513; x_wconf 84' lang='lat' dir='ltr'>iaedit</span> <span class='ocrx_word' id='word_1_27' title='bbox 2504 450 2842 529; x_wconf 75' lang='lat' dir='ltr'>Justitiam,</span> <span class='ocrx_word' id='word_1_28' title='bbox 2902 465 3017 529; x_wconf 88' lang='lat' dir='ltr'>per</span> <span class='ocrx_word' id='word_1_29' title='bbox 3063 467 3128 514; x_wconf 86' lang='lat' dir='ltr'>se</span> 
     </span>
     <span class='ocr_line' id='line_1_4' title="bbox 543 528 3133 612; baseline 0 -21"><span class='ocrx_word' id='word_1_30' title='bbox 543 528 881 607; x_wconf 85' lang='lat' dir='ltr'>loquendo,</span> <span class='ocrx_word' id='word_1_31' title='bbox 926 531 1071 609; x_wconf 83' lang='lat' dir='ltr'>quia</span> <span class='ocrx_word' id='word_1_32' title='bbox 1119 531 1250 607; x_wconf 82' lang='lat' dir='ltr'>agit</span> <span class='ocrx_word' id='word_1_33' title='bbox 1291 540 1512 594; x_wconf 88' lang='lat' dir='ltr'>contra</span> <span class='ocrx_word' id='word_1_34' title='bbox 1546 531 1752 610; x_wconf 77' lang='lat' dir='ltr'>legem</span> <span class='ocrx_word' id='word_1_35' title='bbox 1797 547 1938 612; x_wconf 81' lang='lat' dir='ltr'>quae</span> <span class='ocrx_word' id='word_1_36' title='bbox 1969 532 2172 612; x_wconf 81' lang='lat' dir='ltr'>quoad</span> <span class='ocrx_word' id='word_1_37' title='bbox 2212 538 2642 611; x_wconf 81' lang='lat' dir='ltr'>quantitatem</span> <span class='ocrx_word' id='word_1_38' title='bbox 2677 529 2993 593; x_wconf 87' lang='lat' dir='ltr'>bonorum</span> <span class='ocrx_word' id='word_1_39' title='bbox 3025 529 3133 592; x_wconf 84' lang='lat' dir='ltr'>de·</span> 
     </span>
     <span class='ocr_line' id='line_1_5' title="bbox 543 609 3132 691; baseline 0.002 -21"><span class='ocrx_word' id='word_1_40' title='bbox 543 609 920 688; x_wconf 75' lang='lat' dir='ltr'>signandam</span> <span class='ocrx_word' id='word_1_41' title='bbox 965 614 1286 673; x_wconf 90' lang='lat' dir='ltr'>communi</span> <span class='ocrx_word' id='word_1_42' title='bbox 1352 627 1544 674; x_wconf 85' lang='lat' dir='ltr'>sensu</span> <span class='ocrx_word' id='word_1_43' title='bbox 1601 614 2065 675; x_wconf 78' lang='lat' dir='ltr'><strong>conscientiam</strong></span> <span class='ocrx_word' id='word_1_44' title='bbox 2134 613 2309 690; x_wconf 81' lang='lat' dir='ltr'>ligat,</span> <span class='ocrx_word' id='word_1_45' title='bbox 2349 627 2492 673; x_wconf 91' lang='lat' dir='ltr'>cum</span> <span class='ocrx_word' id='word_1_46' title='bbox 2534 611 2843 691; x_wconf 79' lang='lat' dir='ltr'>respiciat</span> <span class='ocrx_word' id='word_1_47' title='bbox 2894 611 3132 674; x_wconf 90' lang='lat' dir='ltr'>bonum</span> 
     </span>
     <span class='ocr_line' id='line_1_6' title="bbox 543 687 3131 831; baseline 0 -79"><span class='ocrx_word' id='word_1_48' title='bbox 543 687 952 752; x_wconf 76' lang='lat' dir='ltr'>familiarum.</span> <span class='ocrx_word' id='word_1_49' title='bbox 998 691 1286 755; x_wconf 82' lang='lat' dir='ltr'><strong>Diximus</strong></span> <span class='ocrx_word' id='word_1_50' title='bbox 1327 707 1440 831; x_wconf 60' lang='lat' dir='ltr'>fer</span> <span class='ocrx_word' id='word_1_51' title='bbox 1477 709 1541 754; x_wconf 78' lang='lat' dir='ltr'>ae</span> <span class='ocrx_word' id='word_1_52' title='bbox 1585 693 1905 771; x_wconf 73' lang='lat' dir='ltr'>loquendo.</span> <span class='ocrx_word' id='word_1_53' title='bbox 1948 695 2094 772; x_wconf 88' lang='lat' dir='ltr'>quia</span> <span class='ocrx_word' id='word_1_54' title='bbox 2140 691 2488 771; x_wconf 88' lang='lat' dir='ltr'>aliquando</span> <span class='ocrx_word' id='word_1_55' title='bbox 2547 701 2850 770; x_wconf 85' lang='lat' dir='ltr'>parentes</span> <span class='ocrx_word' id='word_1_56' title='bbox 2894 694 3002 772; x_wconf 89' lang='lat' dir='ltr'>qui</span> <span class='ocrx_word' id='word_1_57' title='bbox 3052 691 3131 754; x_wconf 84' lang='lat' dir='ltr'>de</span> 
     </span>
     <span class='ocr_line' id='line_1_7' title="bbox 542 770 3131 853; baseline 0.001 -22"><span class='ocrx_word' id='word_1_58' title='bbox 542 771 723 849; x_wconf 86' lang='lat' dir='ltr'>gravi</span> <span class='ocrx_word' id='word_1_59' title='bbox 769 786 953 833; x_wconf 91' lang='lat' dir='ltr'>causa</span> <span class='ocrx_word' id='word_1_60' title='bbox 1003 771 1245 834; x_wconf 88' lang='lat' dir='ltr'>donant</span> <span class='ocrx_word' id='word_1_61' title='bbox 1289 788 1321 834; x_wconf 91' lang='lat' dir='ltr'>a</span> <span class='ocrx_word' id='word_1_62' title='bbox 1356 772 1527 850; x_wconf 84' lang='lat' dir='ltr'>iquid</span> <span class='ocrx_word' id='word_1_63' title='bbox 1597 772 1869 852; x_wconf 80' lang='lat' dir='ltr'>amptius</span> <span class='ocrx_word' id='word_1_64' title='bbox 1916 774 2023 835; x_wconf 89' lang='lat' dir='ltr'>uni</span> <span class='ocrx_word' id='word_1_65' title='bbox 2072 790 2108 834; x_wconf 92' lang='lat' dir='ltr'>e</span> <span class='ocrx_word' id='word_1_66' title='bbox 2172 770 2328 835; x_wconf 77' lang='lat' dir='ltr'>filiis</span> <span class='ocrx_word' id='word_1_67' title='bbox 2373 781 2608 853; x_wconf 76' lang='lat' dir='ltr'>praeter</span> <span class='ocrx_word' id='word_1_68' title='bbox 2657 770 2819 851; x_wconf 78' lang='lat' dir='ltr'>tegis</span> <span class='ocrx_word' id='word_1_69' title='bbox 2858 772 3131 851; x_wconf 82' lang='lat' dir='ltr'>disposi-</span> 
     </span>
     <span class='ocr_line' id='line_1_8' title="bbox 543 852 3130 933; baseline 0 -21"><span class='ocrx_word' id='word_1_70' title='bbox 543 853 788 913; x_wconf 89' lang='lat' dir='ltr'>tionem</span> <span class='ocrx_word' id='word_1_71' title='bbox 832 864 1097 930; x_wconf 86' lang='lat' dir='ltr'>peccare</span> <span class='ocrx_word' id='word_1_72' title='bbox 1141 868 1266 914; x_wconf 91' lang='lat' dir='ltr'>non</span> <span class='ocrx_word' id='word_1_73' title='bbox 1332 852 1663 927; x_wconf 64' lang='lat' dir='ltr'>videntum</span> <span class='ocrx_word' id='word_1_74' title='bbox 1714 863 1864 916; x_wconf 88' lang='lat' dir='ltr'>tunc</span> <span class='ocrx_word' id='word_1_75' title='bbox 1925 856 2101 915; x_wconf 91' lang='lat' dir='ltr'>enim</span> <span class='ocrx_word' id='word_1_76' title='bbox 2147 862 2355 933; x_wconf 73' lang='lat' dir='ltr'>cessat</span> <span class='ocrx_word' id='word_1_77' title='bbox 2397 853 2544 914; x_wconf 82' lang='lat' dir='ltr'>fluis</span> <span class='ocrx_word' id='word_1_78' title='bbox 2588 852 2771 932; x_wconf 77' lang='lat' dir='ltr'>iegiS,</span> <span class='ocrx_word' id='word_1_79' title='bbox 2814 868 2957 932; x_wconf 82' lang='lat' dir='ltr'>quae</span> <span class='ocrx_word' id='word_1_80' title='bbox 3004 869 3130 914; x_wconf 92' lang='lat' dir='ltr'>nou</span> 
     </span>
     <span class='ocr_line' id='line_1_9' title="bbox 544 931 3132 1012; baseline 0.001 -20"><span class='ocrx_word' id='word_1_81' title='bbox 544 939 844 993; x_wconf 88' lang='lat' dir='ltr'>censetur</span> <span class='ocrx_word' id='word_1_82' title='bbox 888 933 1205 1010; x_wconf 82' lang='lat' dir='ltr'>attingere</span> <span class='ocrx_word' id='word_1_83' title='bbox 1253 931 1394 994; x_wconf 82' lang='lat' dir='ltr'>ilios</span> <span class='ocrx_word' id='word_1_84' title='bbox 1437 948 1619 996; x_wconf 87' lang='lat' dir='ltr'>casus</span> <span class='ocrx_word' id='word_1_85' title='bbox 1666 932 2084 1012; x_wconf 87' lang='lat' dir='ltr'>particulares</span> <span class='ocrx_word' id='word_1_86' title='bbox 2129 932 2391 996; x_wconf 75' lang='lat' dir='ltr'>ramiliae</span> <span class='ocrx_word' id='word_1_87' title='bbox 2435 933 2752 1012; x_wconf 83' lang='lat' dir='ltr'>proficuos</span> <span class='ocrx_word' id='word_1_88' title='bbox 2796 950 2917 996; x_wconf 90' lang='lat' dir='ltr'>nec</span> <span class='ocrx_word' id='word_1_89' title='bbox 2961 934 3132 996; x_wconf 89' lang='lat' dir='ltr'>bono</span> 
     </span>
     <span class='ocr_line' id='line_1_10' title="bbox 545 1011 1763 1092; baseline 0.002 -18"><span class='ocrx_word' id='word_1_90' title='bbox 545 1013 865 1074; x_wconf 88' lang='lat' dir='ltr'>communi</span> <span class='ocrx_word' id='word_1_91' title='bbox 915 1014 1192 1074; x_wconf 85' lang='lat' dir='ltr'>nocivos.</span> <span class='ocrx_word' id='word_1_92' title='bbox 1233 1012 1433 1092; x_wconf 77' lang='lat' dir='ltr'>Gury,</span> <span class='ocrx_word' id='word_1_93' title='bbox 1481 1011 1763 1076; x_wconf 74' lang='lat' dir='ltr'>Gousset.</span> 
     </span>
    </p>

    <p class='ocr_par' dir='ltr' id='par_1_3' title="bbox 545 1091 3134 1737">
     <span class='ocr_line' id='line_1_11' title="bbox 640 1091 3134 1169; baseline 0.004 -22"><span class='ocrx_word' id='word_1_94' title='bbox 640 1118 661 1147; x_wconf 74' lang='grc' dir='ltr'><strong>ι</strong></span> <span class='ocrx_word' id='word_1_95' title='bbox 705 1092 761 1169; x_wconf 76' lang='lat' dir='ltr'>i)</span> <span class='ocrx_word' id='word_1_96' title='bbox 806 1091 1116 1155; x_wconf 80' lang='lat' dir='ltr'>Ranuisus</span> <span class='ocrx_word' id='word_1_97' title='bbox 1163 1095 1368 1159; x_wconf 81' lang='lat' dir='ltr'>baeres</span> <span class='ocrx_word' id='word_1_98' title='bbox 1413 1093 1800 1157; x_wconf 78' lang='lat' dir='ltr'>universatis</span> <span class='ocrx_word' id='word_1_99' title='bbox 1843 1109 1876 1156; x_wconf 92' lang='lat' dir='ltr'>a</span> <span class='ocrx_word' id='word_1_100' title='bbox 1921 1091 2118 1157; x_wconf 83' lang='lat' dir='ltr'>Laelio</span> <span class='ocrx_word' id='word_1_101' title='bbox 2164 1092 2480 1156; x_wconf 78' lang='lat' dir='ltr'>avunculo</span> <span class='ocrx_word' id='word_1_102' title='bbox 2509 1110 2625 1156; x_wconf 91' lang='lat' dir='ltr'>suo</span> <span class='ocrx_word' id='word_1_103' title='bbox 2667 1094 3021 1167; x_wconf 87' lang='lat' dir='ltr'>institutus,</span> <span class='ocrx_word' id='word_1_104' title='bbox 3052 1093 3134 1156; x_wconf 90' lang='lat' dir='ltr'>ab</span> 
     </span>
     <span class='ocr_line' id='line_1_12' title="bbox 545 1171 3133 1253; baseline 0 -19"><span class='ocrx_word' id='word_1_105' title='bbox 545 1188 624 1234; x_wconf 93' lang='lat' dir='ltr'>eo</span> <span class='ocrx_word' id='word_1_106' title='bbox 668 1181 954 1234; x_wconf 81' lang='lat' dir='ltr'>extreme</span> <span class='ocrx_word' id='word_1_107' title='bbox 998 1173 1420 1236; x_wconf 77' lang='lat' dir='ltr'>decumbente</span> <span class='ocrx_word' id='word_1_108' title='bbox 1465 1183 1753 1253; x_wconf 83' lang='lat' dir='ltr'>rogatur,</span> <span class='ocrx_word' id='word_1_109' title='bbox 1795 1182 1863 1237; x_wconf 89' lang='lat' dir='ltr'>ut</span> <span class='ocrx_word' id='word_1_110' title='bbox 1900 1181 2221 1237; x_wconf 85' lang='lat' dir='ltr'>notarium</span> <span class='ocrx_word' id='word_1_111' title='bbox 2266 1182 2567 1236; x_wconf 83' lang='lat' dir='ltr'>accersat.</span> <span class='ocrx_word' id='word_1_112' title='bbox 2613 1171 2871 1237; x_wconf 82' lang='lat' dir='ltr'>Timens</span> <span class='ocrx_word' id='word_1_113' title='bbox 2914 1183 3133 1237; x_wconf 87' lang='lat' dir='ltr'>autem</span> 
     </span>
     <span class='ocr_line' id='line_1_13' title="bbox 547 1252 3126 1333; baseline 0.001 -19"><span class='ocrx_word' id='word_1_114' title='bbox 547 1252 857 1315; x_wconf 78' lang='lat' dir='ltr'>Ranuiius</span> <span class='ocrx_word' id='word_1_115' title='bbox 926 1269 1004 1315; x_wconf 89' lang='lat' dir='ltr'>ue</span> <span class='ocrx_word' id='word_1_116' title='bbox 1048 1261 1312 1317; x_wconf 89' lang='lat' dir='ltr'>testator</span> <span class='ocrx_word' id='word_1_117' title='bbox 1356 1252 1752 1317; x_wconf 86' lang='lat' dir='ltr'>voluntatem</span> <span class='ocrx_word' id='word_1_118' title='bbox 1797 1270 1971 1316; x_wconf 86' lang='lat' dir='ltr'>suam</span> <span class='ocrx_word' id='word_1_119' title='bbox 2023 1255 2315 1317; x_wconf 85' lang='lat' dir='ltr'>ultimam</span> <span class='ocrx_word' id='word_1_120' title='bbox 2362 1263 2564 1316; x_wconf 87' lang='lat' dir='ltr'>mutet</span> <span class='ocrx_word' id='word_1_121' title='bbox 2631 1255 2694 1315; x_wconf 90' lang='lat' dir='ltr'>in</span> <span class='ocrx_word' id='word_1_122' title='bbox 2750 1256 2845 1316; x_wconf 88' lang='lat' dir='ltr'>sui</span> <span class='ocrx_word' id='word_1_123' title='bbox 2897 1254 3126 1333; x_wconf 73' lang='lat' dir='ltr'>prteju-</span> 
     </span>
     <span class='ocr_line' id='line_1_14' title="bbox 548 1332 3132 1414; baseline 0.001 -20"><span class='ocrx_word' id='word_1_124' title='bbox 548 1334 809 1409; x_wconf 82' lang='lat' dir='ltr'><strong>dicium,</strong></span> <span class='ocrx_word' id='word_1_125' title='bbox 857 1349 1099 1395; x_wconf 85' lang='lat' dir='ltr'>moram</span> <span class='ocrx_word' id='word_1_126' title='bbox 1140 1335 1481 1412; x_wconf 78' lang='lat' dir='ltr'>protrahit,</span> <span class='ocrx_word' id='word_1_127' title='bbox 1528 1352 1728 1414; x_wconf 87' lang='lat' dir='ltr'>usque</span> <span class='ocrx_word' id='word_1_128' title='bbox 1764 1334 1911 1396; x_wconf 91' lang='lat' dir='ltr'>dum</span> <span class='ocrx_word' id='word_1_129' title='bbox 1948 1333 2301 1398; x_wconf 82' lang='lat' dir='ltr'>avunculus</span> <span class='ocrx_word' id='word_1_130' title='bbox 2352 1336 2628 1396; x_wconf 80' lang='lat' dir='ltr'>animam</span> <span class='ocrx_word' id='word_1_131' title='bbox 2676 1332 3007 1398; x_wconf 81' lang='lat' dir='ltr'>efflaverit.</span> <span class='ocrx_word' id='word_1_132' title='bbox 3053 1367 3132 1378; x_wconf 91' lang='lat'>—</span> 
     </span>
     <span class='ocr_line' id='line_1_15' title="bbox 547 1412 3134 1493; baseline 0.001 -18"><span class='ocrx_word' id='word_1_133' title='bbox 547 1412 704 1486; x_wconf 87' lang='lat' dir='ltr'>Quid</span> <span class='ocrx_word' id='word_1_134' title='bbox 732 1413 764 1474; x_wconf 71' lang='lat' dir='ltr'>‘t</span> <span class='ocrx_word' id='word_1_135' title='bbox 807 1412 1118 1476; x_wconf 82' lang='lat' dir='ltr'>Ranuirus</span> <span class='ocrx_word' id='word_1_136' title='bbox 1165 1415 1328 1476; x_wconf 85' lang='lat' dir='ltr'>maie</span> <span class='ocrx_word' id='word_1_137' title='bbox 1372 1418 1549 1493; x_wconf 79' lang='lat' dir='ltr'>agit;</span> <span class='ocrx_word' id='word_1_138' title='bbox 1594 1426 1659 1477; x_wconf 88' lang='lat' dir='ltr'>et</span> <span class='ocrx_word' id='word_1_139' title='bbox 1712 1417 1762 1476; x_wconf 91' lang='lat' dir='ltr'>si</span> <span class='ocrx_word' id='word_1_140' title='bbox 1812 1431 1955 1478; x_wconf 90' lang='lat' dir='ltr'>cum</span> <span class='ocrx_word' id='word_1_141' title='bbox 2005 1414 2423 1478; x_wconf 75' lang='lat' dir='ltr'>fundamento</span> <span class='ocrx_word' id='word_1_142' title='bbox 2468 1416 2814 1488; x_wconf 87' lang='lat' dir='ltr'>existimat,</span> <span class='ocrx_word' id='word_1_143' title='bbox 2859 1429 3134 1477; x_wconf 79' lang='lat' dir='ltr'>avuncu-</span> 
     </span>
     <span class='ocr_line' id='line_1_16' title="bbox 547 1492 3130 1573; baseline 0.001 -19"><span class='ocrx_word' id='word_1_144' title='bbox 547 1496 676 1557; x_wconf 79' lang='lat' dir='ltr'>lum</span> <span class='ocrx_word' id='word_1_145' title='bbox 722 1492 964 1573; x_wconf 75' lang='lat' dir='ltr'>aliquid</span> <span class='ocrx_word' id='word_1_146' title='bbox 1010 1494 1198 1557; x_wconf 78' lang='lat' dir='ltr'>alicui</span> <span class='ocrx_word' id='word_1_147' title='bbox 1248 1495 1632 1559; x_wconf 87' lang='lat' dir='ltr'>donaturum</span> <span class='ocrx_word' id='word_1_148' title='bbox 1681 1494 1897 1570; x_wconf 83' lang='lat' dir='ltr'>fuisse,</span> <span class='ocrx_word' id='word_1_149' title='bbox 1937 1494 2028 1558; x_wconf 82' lang='lat' dir='ltr'>iili</span> <span class='ocrx_word' id='word_1_150' title='bbox 2081 1504 2337 1558; x_wconf 89' lang='lat' dir='ltr'>tenetur</span> <span class='ocrx_word' id='word_1_151' title='bbox 2382 1495 2576 1569; x_wconf 82' lang='lat' dir='ltr'>dare3</span> <span class='ocrx_word' id='word_1_152' title='bbox 2620 1496 2671 1556; x_wconf 92' lang='lat' dir='ltr'>si</span> <span class='ocrx_word' id='word_1_153' title='bbox 2722 1497 2969 1557; x_wconf 86' lang='lat' dir='ltr'>nesciat</span> <span class='ocrx_word' id='word_1_154' title='bbox 3006 1498 3130 1556; x_wconf 89' lang='lat' dir='ltr'>cui·</span> 
     </span>
     <span class='ocr_line' id='line_1_17' title="bbox 547 1574 3132 1655; baseline 0.001 -20"><span class='ocrx_word' id='word_1_155' title='bbox 547 1589 715 1646; x_wconf 89' lang='lat' dir='ltr'>nam,</span> <span class='ocrx_word' id='word_1_156' title='bbox 767 1590 879 1652; x_wconf 81' lang='lat' dir='ltr'>pro</span> <span class='ocrx_word' id='word_1_157' title='bbox 924 1584 1056 1637; x_wconf 85' lang='lat' dir='ltr'>rata</span> <span class='ocrx_word' id='word_1_158' title='bbox 1091 1574 1267 1638; x_wconf 89' lang='lat' dir='ltr'>dubii</span> <span class='ocrx_word' id='word_1_159' title='bbox 1306 1579 1514 1638; x_wconf 88' lang='lat' dir='ltr'>causis</span> <span class='ocrx_word' id='word_1_160' title='bbox 1561 1578 1682 1654; x_wconf 89' lang='lat' dir='ltr'>piis</span> <span class='ocrx_word' id='word_1_161' title='bbox 1720 1577 1976 1640; x_wconf 87' lang='lat' dir='ltr'>tribuat.</span> <span class='ocrx_word' id='word_1_162' title='bbox 2024 1575 2260 1638; x_wconf 84' lang='lat' dir='ltr'>Horum</span> <span class='ocrx_word' id='word_1_163' title='bbox 2326 1578 2500 1638; x_wconf 87' lang='lat' dir='ltr'>enim</span> <span class='ocrx_word' id='word_1_164' title='bbox 2568 1576 2950 1637; x_wconf 84' lang='lat' dir='ltr'>damnorum</span> <span class='ocrx_word' id='word_1_165' title='bbox 3000 1578 3132 1655; x_wconf 87' lang='lat' dir='ltr'>ipse</span> 
     </span>
     <span class='ocr_line' id='line_1_18' title="bbox 547 1654 2057 1737; baseline 0.001 -21"><span class='ocrx_word' id='word_1_166' title='bbox 547 1654 786 1733; x_wconf 86' lang='lat' dir='ltr'>injuste</span> <span class='ocrx_word' id='word_1_167' title='bbox 832 1657 1317 1734; x_wconf 80' lang='lat' dir='ltr'>tergiversando</span> <span class='ocrx_word' id='word_1_168' title='bbox 1363 1656 1486 1718; x_wconf 80' lang='lat' dir='ltr'>fuit</span> <span class='ocrx_word' id='word_1_169' title='bbox 1528 1672 1739 1719; x_wconf 89' lang='lat' dir='ltr'>causa.</span> <span class='ocrx_word' id='word_1_170' title='bbox 1780 1681 1803 1711; x_wconf 74' lang='grc' dir='ltr'><strong>ι</strong></span> <span class='ocrx_word' id='word_1_171' title='bbox 1865 1656 2057 1737; x_wconf 69' lang='lat' dir='ltr'>Gur-y.</span> 
     </span>
    </p>

    <p class='ocr_par' dir='ltr' id='par_1_4' title="bbox 545 1733 3134 1891">
     <span class='ocr_line' id='line_1_19' title="bbox 622 1733 3134 1817; baseline 0 -22"><span class='ocrx_word' id='word_1_172' title='bbox 622 1733 830 1795; x_wconf 68' lang='lat'>568.</span> <span class='ocrx_word' id='word_1_173' title='bbox 876 1736 974 1798; x_wconf 83' lang='lat' dir='ltr'>An</span> <span class='ocrx_word' id='word_1_174' title='bbox 1009 1734 1314 1817; x_wconf 68' lang='lat' dir='ltr'>(quaeres)</span> <span class='ocrx_word' id='word_1_175' title='bbox 1359 1737 1552 1798; x_wconf 72' lang='lat' dir='ltr'>hoeres</span> <span class='ocrx_word' id='word_1_176' title='bbox 1596 1744 1888 1800; x_wconf 74' lang='lat' dir='ltr'>teneatur</span> <span class='ocrx_word' id='word_1_177' title='bbox 1930 1738 2307 1801; x_wconf 70' lang='lat' dir='ltr'>voluntatem</span> <span class='ocrx_word' id='word_1_178' title='bbox 2377 1736 2706 1800; x_wconf 79' lang='lat' dir='ltr'>testatoris</span> <span class='ocrx_word' id='word_1_179' title='bbox 2755 1734 3035 1815; x_wconf 80' lang='lat' dir='ltr'>implere,</span> <span class='ocrx_word' id='word_1_180' title='bbox 3079 1736 3134 1796; x_wconf 83' lang='lat' dir='ltr'>si</span> 
     </span>
     <span class='ocr_line' id='line_1_20' title="bbox 545 1816 3129 1891; baseline 0 -14"><span class='ocrx_word' id='word_1_181' title='bbox 545 1816 616 1877; x_wconf 81' lang='lat' dir='ltr'>da</span> <span class='ocrx_word' id='word_1_182' title='bbox 659 1831 732 1876; x_wconf 80' lang='lat' dir='ltr'>ea</span> <span class='ocrx_word' id='word_1_183' title='bbox 776 1816 842 1877; x_wconf 77' lang='lat' dir='ltr'>in</span> <span class='ocrx_word' id='word_1_184' title='bbox 890 1824 1256 1880; x_wconf 79' lang='lat' dir='ltr'>testamento</span> <span class='ocrx_word' id='word_1_185' title='bbox 1299 1835 1420 1880; x_wconf 79' lang='lat' dir='ltr'>non</span> <span class='ocrx_word' id='word_1_186' title='bbox 1463 1822 1761 1881; x_wconf 74' lang='lat' dir='ltr'>constet?</span> <span class='ocrx_word' id='word_1_187' title='bbox 2108 1882 2111 1891; x_wconf 73' lang='grc'>,</span> <span class='ocrx_word' id='word_1_188' title='bbox 3114 1854 3129 1877; x_wconf 53' lang='grc' dir='ltr'><strong>ι</strong></span> 
     </span>
    </p>

    <p class='ocr_par' dir='ltr' id='par_1_5' title="bbox 548 1894 3134 2218">
     <span class='ocr_line' id='line_1_21' title="bbox 628 1894 3132 1977; baseline 0.001 -21"><span class='ocrx_word' id='word_1_189' title='bbox 628 1894 696 1957; x_wconf 89' lang='lat' dir='ltr'>R.</span> <span class='ocrx_word' id='word_1_190' title='bbox 741 1895 885 1957; x_wconf 87' lang='lat' dir='ltr'>Haec</span> <span class='ocrx_word' id='word_1_191' title='bbox 947 1897 1232 1960; x_wconf 76' lang='lat' dir='ltr'>defuncti</span> <span class='ocrx_word' id='word_1_192' title='bbox 1303 1898 1617 1973; x_wconf 82' lang='lat' dir='ltr'>voiuntas,</span> <span class='ocrx_word' id='word_1_193' title='bbox 1678 1896 1757 1959; x_wconf 90' lang='lat' dir='ltr'>de</span> <span class='ocrx_word' id='word_1_194' title='bbox 1801 1914 1923 1977; x_wconf 76' lang='lat' dir='ltr'>qua</span> <span class='ocrx_word' id='word_1_195' title='bbox 1973 1897 2034 1959; x_wconf 91' lang='lat' dir='ltr'>in</span> <span class='ocrx_word' id='word_1_196' title='bbox 2085 1904 2465 1959; x_wconf 87' lang='lat' dir='ltr'>testamento</span> <span class='ocrx_word' id='word_1_197' title='bbox 2526 1894 2701 1959; x_wconf 75' lang='lat' dir='ltr'>nulia</span> <span class='ocrx_word' id='word_1_198' title='bbox 2771 1895 3037 1968; x_wconf 89' lang='lat' dir='ltr'>mentio,</span> <span class='ocrx_word' id='word_1_199' title='bbox 3081 1898 3132 1958; x_wconf 89' lang='lat' dir='ltr'>si</span> 
     </span>
     <span class='ocr_line' id='line_1_22' title="bbox 551 1976 3134 2058; baseline 0.001 -22"><span class='ocrx_word' id='word_1_200' title='bbox 551 1977 812 2054; x_wconf 88' lang='lat' dir='ltr'>respicit</span> <span class='ocrx_word' id='word_1_201' title='bbox 877 1976 1089 2039; x_wconf 88' lang='lat' dir='ltr'>debita</span> <span class='ocrx_word' id='word_1_202' title='bbox 1160 1994 1302 2058; x_wconf 81' lang='lat' dir='ltr'>quae</span> <span class='ocrx_word' id='word_1_203' title='bbox 1346 1995 1473 2041; x_wconf 91' lang='lat' dir='ltr'>non</span> <span class='ocrx_word' id='word_1_204' title='bbox 1521 1981 1652 2041; x_wconf 89' lang='lat' dir='ltr'>sint</span> <span class='ocrx_word' id='word_1_205' title='bbox 1694 1995 1773 2040; x_wconf 82' lang='lat' dir='ltr'>ex</span> <span class='ocrx_word' id='word_1_206' title='bbox 1830 1979 2103 2058; x_wconf 69' lang='lat' dir='ltr'>justitia,</span> <span class='ocrx_word' id='word_1_207' title='bbox 2148 1980 2238 2040; x_wconf 92' lang='lat' dir='ltr'>uti</span> <span class='ocrx_word' id='word_1_208' title='bbox 2286 1985 2504 2040; x_wconf 88' lang='lat' dir='ltr'>essent</span> <span class='ocrx_word' id='word_1_209' title='bbox 2549 1977 2739 2038; x_wconf 82' lang='lat' dir='ltr'>nudae</span> <span class='ocrx_word' id='word_1_210' title='bbox 2803 1976 2904 2039; x_wconf 82' lang='lat' dir='ltr'>vel</span> <span class='ocrx_word' id='word_1_211' title='bbox 2958 1992 3134 2054; x_wconf 85' lang='lat' dir='ltr'>vagae</span> 
     </span>
     <span class='ocr_line' id='line_1_23' title="bbox 548 2055 3131 2134; baseline 0.001 -18"><span class='ocrx_word' id='word_1_212' title='bbox 548 2056 1006 2134; x_wconf 86' lang='lat' dir='ltr'>promissiones</span> <span class='ocrx_word' id='word_1_213' title='bbox 1051 2057 1239 2121; x_wconf 84' lang='lat' dir='ltr'>alicui</span> <span class='ocrx_word' id='word_1_214' title='bbox 1286 2073 1316 2120; x_wconf 86' lang='lat' dir='ltr'>a</span> <span class='ocrx_word' id='word_1_215' title='bbox 1368 2067 1671 2121; x_wconf 79' lang='lat' dir='ltr'>testatore</span> <span class='ocrx_word' id='word_1_216' title='bbox 1720 2058 1924 2132; x_wconf 81' lang='lat' dir='ltr'>iactae,</span> <span class='ocrx_word' id='word_1_217' title='bbox 1983 2074 2110 2120; x_wconf 88' lang='lat' dir='ltr'>nou</span> <span class='ocrx_word' id='word_1_218' title='bbox 2156 2067 2305 2120; x_wconf 88' lang='lat' dir='ltr'>sunt</span> <span class='ocrx_word' id='word_1_219' title='bbox 2348 2055 2428 2119; x_wconf 88' lang='lat' dir='ltr'>de</span> <span class='ocrx_word' id='word_1_220' title='bbox 2491 2058 2877 2121; x_wconf 81' lang='lat' dir='ltr'>necessitate</span> <span class='ocrx_word' id='word_1_221' title='bbox 2924 2064 3131 2121; x_wconf 84' lang='lat' dir='ltr'>atten-</span> 
     </span>
     <span class='ocr_line' id='line_1_24' title="bbox 551 2136 2349 2218; baseline 0.003 -22"><span class='ocrx_word' id='word_1_222' title='bbox 551 2136 819 2210; x_wconf 82' lang='lat' dir='ltr'>dendae3</span> <span class='ocrx_word' id='word_1_223' title='bbox 865 2153 1010 2200; x_wconf 88' lang='lat' dir='ltr'>nam</span> <span class='ocrx_word' id='word_1_224' title='bbox 1057 2154 1184 2200; x_wconf 90' lang='lat' dir='ltr'>non</span> <span class='ocrx_word' id='word_1_225' title='bbox 1235 2141 1490 2218; x_wconf 88' lang='lat' dir='ltr'>pariunt</span> <span class='ocrx_word' id='word_1_226' title='bbox 1534 2141 1823 2202; x_wconf 83' lang='lat' dir='ltr'>strictam</span> <span class='ocrx_word' id='word_1_227' title='bbox 1870 2137 2349 2216; x_wconf 81' lang='lat' dir='ltr'>obligationem.</span> 
     </span>
    </p>

    <p class='ocr_par' dir='ltr' id='par_1_6' title="bbox 547 2215 3139 2926">
     <span class='ocr_line' id='line_1_25' title="bbox 631 2215 3123 2298; baseline 0 -21"><span class='ocrx_word' id='word_1_228' title='bbox 631 2215 695 2279; x_wconf 89' lang='lat' dir='ltr'>Si</span> <span class='ocrx_word' id='word_1_229' title='bbox 744 2231 891 2279; x_wconf 86' lang='lat' dir='ltr'>vero</span> <span class='ocrx_word' id='word_1_230' title='bbox 937 2235 1062 2280; x_wconf 91' lang='lat' dir='ltr'>non</span> <span class='ocrx_word' id='word_1_231' title='bbox 1128 2221 1258 2293; x_wconf 79' lang='lat' dir='ltr'>sint</span> <span class='ocrx_word' id='word_1_232' title='bbox 1321 2236 1515 2298; x_wconf 76' lang='lat' dir='ltr'>vagae,</span> <span class='ocrx_word' id='word_1_233' title='bbox 1560 2220 1671 2282; x_wconf 89' lang='lat' dir='ltr'>sed</span> <span class='ocrx_word' id='word_1_234' title='bbox 1720 2236 1888 2281; x_wconf 84' lang='lat' dir='ltr'>verae</span> <span class='ocrx_word' id='word_1_235' title='bbox 1934 2220 2409 2298; x_wconf 85' lang='lat' dir='ltr'>promissiones,</span> <span class='ocrx_word' id='word_1_236' title='bbox 2454 2226 2523 2280; x_wconf 92' lang='lat' dir='ltr'>ut</span> <span class='ocrx_word' id='word_1_237' title='bbox 2574 2216 2623 2278; x_wconf 85' lang='lat' dir='ltr'>si</span> <span class='ocrx_word' id='word_1_238' title='bbox 2672 2218 2814 2296; x_wconf 85' lang='lat' dir='ltr'>quis</span> <span class='ocrx_word' id='word_1_239' title='bbox 2862 2225 3123 2280; x_wconf 89' lang='lat' dir='ltr'>centum</span> 
     </span>
     <span class='ocr_line' id='line_1_26' title="bbox 550 2297 3132 2377; baseline 0.001 -20"><span class='ocrx_word' id='word_1_240' title='bbox 550 2312 779 2358; x_wconf 83' lang='lat' dir='ltr'>aureos</span> <span class='ocrx_word' id='word_1_241' title='bbox 825 2302 1152 2375; x_wconf 87' lang='lat' dir='ltr'>promittat</span> <span class='ocrx_word' id='word_1_242' title='bbox 1194 2300 1359 2362; x_wconf 86' lang='lat' dir='ltr'>Titio</span> <span class='ocrx_word' id='word_1_243' title='bbox 1407 2306 1467 2361; x_wconf 89' lang='lat' dir='ltr'>iu</span> <span class='ocrx_word' id='word_1_244' title='bbox 1518 2308 1903 2363; x_wconf 87' lang='lat' dir='ltr'>testamento</span> <span class='ocrx_word' id='word_1_245' title='bbox 1969 2297 2315 2377; x_wconf 78' lang='lat' dir='ltr'>legandos3</span> <span class='ocrx_word' id='word_1_246' title='bbox 2358 2299 2467 2359; x_wconf 93' lang='lat' dir='ltr'>sed</span> <span class='ocrx_word' id='word_1_247' title='bbox 2517 2299 2860 2375; x_wconf 85' lang='lat' dir='ltr'>repentino</span> <span class='ocrx_word' id='word_1_248' title='bbox 2911 2297 3132 2359; x_wconf 92' lang='lat' dir='ltr'>morbo</span> 
     </span>
     <span class='ocr_line' id='line_1_27' title="bbox 551 2377 3136 2459; baseline 0.002 -24"><span class='ocrx_word' id='word_1_249' title='bbox 551 2386 885 2456; x_wconf 80' lang='lat' dir='ltr'>correptus</span> <span class='ocrx_word' id='word_1_250' title='bbox 928 2389 989 2441; x_wconf 88' lang='lat' dir='ltr'>et</span> <span class='ocrx_word' id='word_1_251' title='bbox 1029 2381 1288 2459; x_wconf 71' lang='lat' dir='ltr'>jamjam</span> <span class='ocrx_word' id='word_1_252' title='bbox 1339 2382 1686 2443; x_wconf 86' lang='lat' dir='ltr'>moriturus</span> <span class='ocrx_word' id='word_1_253' title='bbox 1730 2380 1805 2442; x_wconf 88' lang='lat' dir='ltr'>ad</span> <span class='ocrx_word' id='word_1_254' title='bbox 1846 2396 1913 2441; x_wconf 92' lang='lat' dir='ltr'>se</span> <span class='ocrx_word' id='word_1_255' title='bbox 1961 2378 2163 2442; x_wconf 86' lang='lat' dir='ltr'>filium</span> <span class='ocrx_word' id='word_1_256' title='bbox 2196 2388 2393 2454; x_wconf 84' lang='lat' dir='ltr'>vocet,</span> <span class='ocrx_word' id='word_1_257' title='bbox 2431 2386 2495 2441; x_wconf 91' lang='lat' dir='ltr'>et</span> <span class='ocrx_word' id='word_1_258' title='bbox 2538 2381 2656 2439; x_wconf 86' lang='lat' dir='ltr'>ait:</span> <span class='ocrx_word' id='word_1_259' title='bbox 2702 2377 2860 2452; x_wconf 78' lang='lat' dir='ltr'>volo,</span> <span class='ocrx_word' id='word_1_260' title='bbox 2890 2384 2963 2438; x_wconf 79' lang='lat' dir='ltr'>ut</span> <span class='ocrx_word' id='word_1_261' title='bbox 3002 2394 3136 2440; x_wconf 79' lang='lat' dir='ltr'>cen·</span> 
     </span>
     <span class='ocr_line' id='line_1_28' title="bbox 550 2458 3132 2535; baseline 0.001 -18"><span class='ocrx_word' id='word_1_262' title='bbox 550 2464 683 2518; x_wconf 82' lang='lat' dir='ltr'>tum</span> <span class='ocrx_word' id='word_1_263' title='bbox 725 2475 946 2522; x_wconf 79' lang='lat' dir='ltr'>aureos</span> <span class='ocrx_word' id='word_1_264' title='bbox 997 2460 1159 2521; x_wconf 78' lang='lat' dir='ltr'>Titio</span> <span class='ocrx_word' id='word_1_265' title='bbox 1206 2459 1478 2535; x_wconf 77' lang='lat' dir='ltr'>tribuas,</span> <span class='ocrx_word' id='word_1_266' title='bbox 1545 2476 1624 2523; x_wconf 92' lang='lat' dir='ltr'>an</span> <span class='ocrx_word' id='word_1_267' title='bbox 1674 2461 1844 2522; x_wconf 81' lang='lat' dir='ltr'>filius</span> <span class='ocrx_word' id='word_1_268' title='bbox 1887 2459 2139 2521; x_wconf 79' lang='lat' dir='ltr'>soivere</span> <span class='ocrx_word' id='word_1_269' title='bbox 2202 2458 2453 2533; x_wconf 88' lang='lat' dir='ltr'>debeat,</span> <span class='ocrx_word' id='word_1_270' title='bbox 2521 2470 2670 2520; x_wconf 86' lang='lat' dir='ltr'>ante</span> <span class='ocrx_word' id='word_1_271' title='bbox 2741 2461 3132 2521; x_wconf 87' lang='lat' dir='ltr'>sententiam</span> 
     </span>
     <span class='ocr_line' id='line_1_29' title="bbox 547 2537 3135 2619; baseline 0 -19"><span class='ocrx_word' id='word_1_272' title='bbox 547 2537 802 2615; x_wconf 85' lang='lat' dir='ltr'>judicis,</span> <span class='ocrx_word' id='word_1_273' title='bbox 846 2542 1386 2613; x_wconf 85' lang='lat' dir='ltr'>controvertitur;</span> <span class='ocrx_word' id='word_1_274' title='bbox 1430 2542 1538 2603; x_wconf 82' lang='lat' dir='ltr'>aiii</span> <span class='ocrx_word' id='word_1_275' title='bbox 1588 2540 1667 2603; x_wconf 89' lang='lat' dir='ltr'>de</span> <span class='ocrx_word' id='word_1_276' title='bbox 1711 2540 1862 2604; x_wconf 84' lang='lat' dir='ltr'>Jure</span> <span class='ocrx_word' id='word_1_277' title='bbox 1909 2548 2154 2603; x_wconf 83' lang='lat' dir='ltr'>naturae</span> <span class='ocrx_word' id='word_1_278' title='bbox 2198 2542 2424 2619; x_wconf 85' lang='lat' dir='ltr'>exequi</span> <span class='ocrx_word' id='word_1_279' title='bbox 2462 2548 2693 2618; x_wconf 82' lang='lat' dir='ltr'>urgent</span> <span class='ocrx_word' id='word_1_280' title='bbox 2733 2540 3135 2602; x_wconf 80' lang='lat' dir='ltr'>voluntatem</span> 
     </span>
     <span class='ocr_line' id='line_1_30' title="bbox 551 2619 3133 2700; baseline 0.001 -22"><span class='ocrx_word' id='word_1_281' title='bbox 551 2620 921 2692; x_wconf 89' lang='lat' dir='ltr'>morientis;</span> <span class='ocrx_word' id='word_1_282' title='bbox 983 2620 1093 2682; x_wconf 83' lang='lat' dir='ltr'>aiii</span> <span class='ocrx_word' id='word_1_283' title='bbox 1141 2638 1291 2683; x_wconf 83' lang='lat' dir='ltr'>vero</span> <span class='ocrx_word' id='word_1_284' title='bbox 1337 2621 1656 2684; x_wconf 79' lang='lat' dir='ltr'>deiectum</span> <span class='ocrx_word' id='word_1_285' title='bbox 1703 2620 1929 2700; x_wconf 84' lang='lat' dir='ltr'>legalis</span> <span class='ocrx_word' id='word_1_286' title='bbox 1994 2620 2433 2700; x_wconf 86' lang='lat' dir='ltr'>dispositionis</span> <span class='ocrx_word' id='word_1_287' title='bbox 2497 2630 2846 2698; x_wconf 83' lang='lat' dir='ltr'>opponunt.</span> <span class='ocrx_word' id='word_1_288' title='bbox 2896 2619 3133 2698; x_wconf 83' lang='lat' dir='ltr'>Excipe</span> 
     </span>
     <span class='ocr_line' id='line_1_31' title="bbox 552 2698 3139 2781; baseline 0.001 -23"><span class='ocrx_word' id='word_1_289' title='bbox 552 2698 676 2759; x_wconf 90' lang='lat' dir='ltr'>nisi</span> <span class='ocrx_word' id='word_1_290' title='bbox 725 2698 895 2762; x_wconf 80' lang='lat' dir='ltr'>fitius</span> <span class='ocrx_word' id='word_1_291' title='bbox 939 2701 1191 2763; x_wconf 81' lang='lat' dir='ltr'>solvere</span> <span class='ocrx_word' id='word_1_292' title='bbox 1229 2703 1617 2781; x_wconf 84' lang='lat' dir='ltr'>promiserit,</span> <span class='ocrx_word' id='word_1_293' title='bbox 1662 2711 1813 2766; x_wconf 90' lang='lat' dir='ltr'>tuuc</span> <span class='ocrx_word' id='word_1_294' title='bbox 1845 2710 2100 2764; x_wconf 89' lang='lat' dir='ltr'>tenetur</span> <span class='ocrx_word' id='word_1_295' title='bbox 2131 2700 2246 2764; x_wconf 91' lang='lat' dir='ltr'>sub</span> <span class='ocrx_word' id='word_1_296' title='bbox 2322 2703 2454 2763; x_wconf 86' lang='lat' dir='ltr'>ravi</span> <span class='ocrx_word' id='word_1_297' title='bbox 2488 2709 2553 2762; x_wconf 92' lang='lat' dir='ltr'>et</span> <span class='ocrx_word' id='word_1_298' title='bbox 2585 2704 2646 2763; x_wconf 91' lang='lat' dir='ltr'>iu</span> <span class='ocrx_word' id='word_1_299' title='bbox 2678 2700 2933 2778; x_wconf 68' lang='lat' dir='ltr'>¹iustitia</span> <span class='ocrx_word' id='word_1_300' title='bbox 2969 2709 3139 2762; x_wconf 87' lang='lat' dir='ltr'>stare</span> 
     </span>
     <span class='ocr_line' id='line_1_32' title="bbox 550 2779 3136 2860; baseline 0.002 -22"><span class='ocrx_word' id='word_1_301' title='bbox 550 2779 902 2855; x_wconf 83' lang='lat' dir='ltr'>promissis,</span> <span class='ocrx_word' id='word_1_302' title='bbox 951 2782 1096 2858; x_wconf 91' lang='lat' dir='ltr'>quia</span> <span class='ocrx_word' id='word_1_303' title='bbox 1146 2791 1296 2844; x_wconf 89' lang='lat' dir='ltr'>tunc</span> <span class='ocrx_word' id='word_1_304' title='bbox 1343 2784 1696 2846; x_wconf 83' lang='lat' dir='ltr'>intervenit</span> <span class='ocrx_word' id='word_1_305' title='bbox 1741 2791 2107 2845; x_wconf 81' lang='lat' dir='ltr'>contractus</span> <span class='ocrx_word' id='word_1_306' title='bbox 2154 2786 2282 2860; x_wconf 88' lang='lat' dir='ltr'>imp</span> <span class='ocrx_word' id='word_1_307' title='bbox 2317 2786 2547 2844; x_wconf 83' lang='lat' dir='ltr'>icitus:</span> <span class='ocrx_word' id='word_1_308' title='bbox 2613 2780 3136 2860; x_wconf 78' lang='lat' dir='ltr'>independenter</span> 
     </span>
     <span class='ocr_line' id='line_1_33' title="bbox 551 2859 2321 2926; baseline 0.001 -7"><span class='ocrx_word' id='word_1_309' title='bbox 551 2859 723 2920; x_wconf 90' lang='lat' dir='ltr'>enim</span> <span class='ocrx_word' id='word_1_310' title='bbox 769 2876 802 2923; x_wconf 91' lang='lat' dir='ltr'>a</span> <span class='ocrx_word' id='word_1_311' title='bbox 851 2866 1234 2924; x_wconf 87' lang='lat' dir='ltr'>testamento</span> <span class='ocrx_word' id='word_1_312' title='bbox 1281 2861 1692 2926; x_wconf 86' lang='lat' dir='ltr'>fldem.suam</span> <span class='ocrx_word' id='word_1_313' title='bbox 1738 2863 2088 2925; x_wconf 83' lang='lat' dir='ltr'>obstrinxit</span> <span class='ocrx_word' id='word_1_314' title='bbox 2129 2861 2321 2924; x_wconf 82' lang='lat' dir='ltr'>fliius.</span> 
     </span>
    </p>

    <p class='ocr_par' dir='ltr' id='par_1_7' title="bbox 541 2935 3141 4374">
     <span class='ocr_line' id='line_1_34' title="bbox 630 2935 3133 3022; baseline 0.001 -23"><span class='ocrx_word' id='word_1_315' title='bbox 630 2935 696 3000; x_wconf 92' lang='lat' dir='ltr'>Si</span> <span class='ocrx_word' id='word_1_316' title='bbox 742 2941 999 3004; x_wconf 89' lang='lat' dir='ltr'>tandem</span> <span class='ocrx_word' id='word_1_317' title='bbox 1046 2945 1371 3006; x_wconf 88' lang='lat' dir='ltr'>testatoris</span> <span class='ocrx_word' id='word_1_318' title='bbox 1414 2943 1710 3006; x_wconf 80' lang='lat' dir='ltr'>voluntas</span> <span class='ocrx_word' id='word_1_319' title='bbox 1753 2952 1932 3005; x_wconf 81' lang='lat' dir='ltr'>extra</span> <span class='ocrx_word' id='word_1_320' title='bbox 1980 2950 2433 3005; x_wconf 81' lang='lat' dir='ltr'>testamentum</span> <span class='ocrx_word' id='word_1_321' title='bbox 2476 2940 2883 3003; x_wconf 81' lang='lat' dir='ltr'>manifestata</span> <span class='ocrx_word' id='word_1_322' title='bbox 2931 2940 3133 3022; x_wconf 81' lang='lat' dir='ltr'>respi-</span> 
     </span>
     <span class='ocr_line' id='line_1_35' title="bbox 553 3018 3134 3102; baseline 0.002 -24"><span class='ocrx_word' id='word_1_323' title='bbox 553 3018 641 3080; x_wconf 90' lang='lat' dir='ltr'>cit</span> <span class='ocrx_word' id='word_1_324' title='bbox 684 3018 894 3084; x_wconf 88' lang='lat' dir='ltr'>debita</span> <span class='ocrx_word' id='word_1_325' title='bbox 956 3039 1034 3084; x_wconf 85' lang='lat' dir='ltr'>ex</span> <span class='ocrx_word' id='word_1_326' title='bbox 1074 3023 1325 3102; x_wconf 85' lang='lat' dir='ltr'>justitia</span> <span class='ocrx_word' id='word_1_327' title='bbox 1394 3027 1507 3098; x_wconf 91' lang='lat' dir='ltr'>(uti</span> <span class='ocrx_word' id='word_1_328' title='bbox 1575 3033 1793 3087; x_wconf 84' lang='lat' dir='ltr'>essent</span> <span class='ocrx_word' id='word_1_329' title='bbox 1859 3022 2084 3102; x_wconf 79' lang='lat' dir='ltr'>tegata,</span> <span class='ocrx_word' id='word_1_330' title='bbox 2130 3031 2496 3084; x_wconf 89' lang='lat' dir='ltr'>contractus</span> <span class='ocrx_word' id='word_1_331' title='bbox 2559 3036 2631 3083; x_wconf 90' lang='lat' dir='ltr'>ac</span> <span class='ocrx_word' id='word_1_332' title='bbox 2671 3028 3134 3083; x_wconf 61' lang='lat' dir='ltr'>consummatae</span> 
     </span>
     <span class='ocr_line' id='line_1_36' title="bbox 541 3101 3135 3184; baseline 0.003 -28"><span class='ocrx_word' id='word_1_333' title='bbox 541 3101 1028 3180; x_wconf 78' lang='lat' dir='ltr'>promissiones,</span> <span class='ocrx_word' id='word_1_334' title='bbox 1090 3121 1168 3166; x_wconf 87' lang='lat' dir='ltr'>ex</span> <span class='ocrx_word' id='word_1_335' title='bbox 1232 3103 1463 3184; x_wconf 88' lang='lat' dir='ltr'>quibus</span> <span class='ocrx_word' id='word_1_336' title='bbox 1529 3108 1756 3168; x_wconf 87' lang='lat' dir='ltr'>tertius</span> <span class='ocrx_word' id='word_1_337' title='bbox 1809 3104 1914 3182; x_wconf 82' lang='lat' dir='ltr'>jus</span> <span class='ocrx_word' id='word_1_338' title='bbox 1981 3104 2270 3166; x_wconf 88' lang='lat' dir='ltr'>strictum</span> <span class='ocrx_word' id='word_1_339' title='bbox 2312 3104 2444 3181; x_wconf 73' lang='lat' dir='ltr'>Jam</span> <span class='ocrx_word' id='word_1_340' title='bbox 2509 3102 2936 3181; x_wconf 88' lang='lat' dir='ltr'>acquisierit),</span> <span class='ocrx_word' id='word_1_341' title='bbox 2987 3110 3135 3164; x_wconf 88' lang='lat' dir='ltr'>tunc</span> 
     </span>
     <span class='ocr_line' id='line_1_37' title="bbox 551 3180 3133 3260; baseline 0.002 -21"><span class='ocrx_word' id='word_1_342' title='bbox 551 3181 771 3257; x_wconf 90' lang='lat' dir='ltr'>procul</span> <span class='ocrx_word' id='word_1_343' title='bbox 818 3182 1011 3245; x_wconf 90' lang='lat' dir='ltr'>dubio</span> <span class='ocrx_word' id='word_1_344' title='bbox 1058 3184 1162 3246; x_wconf 85' lang='lat' dir='ltr'>iiia</span> <span class='ocrx_word' id='word_1_345' title='bbox 1214 3187 1537 3248; x_wconf 86' lang='lat' dir='ltr'>testatoris</span> <span class='ocrx_word' id='word_1_346' title='bbox 1584 3186 1883 3248; x_wconf 75' lang='lat' dir='ltr'>voluntas</span> <span class='ocrx_word' id='word_1_347' title='bbox 1926 3185 2146 3247; x_wconf 76' lang='lat' dir='ltr'>statim</span> <span class='ocrx_word' id='word_1_348' title='bbox 2179 3200 2254 3246; x_wconf 83' lang='lat' dir='ltr'>ac</span> <span class='ocrx_word' id='word_1_349' title='bbox 2290 3190 2459 3249; x_wconf 84' lang='lat' dir='ltr'>certo</span> <span class='ocrx_word' id='word_1_350' title='bbox 2490 3190 2761 3256; x_wconf 80' lang='lat' dir='ltr'>constat,</span> <span class='ocrx_word' id='word_1_351' title='bbox 2809 3180 3133 3260; x_wconf 87' lang='lat' dir='ltr'>implenda</span> 
     </span>
     <span class='ocr_line' id='line_1_38' title="bbox 550 3261 3135 3344; baseline 0.002 -24"><span class='ocrx_word' id='word_1_352' title='bbox 550 3268 688 3333; x_wconf 87' lang='lat' dir='ltr'>est;</span> <span class='ocrx_word' id='word_1_353' title='bbox 751 3263 869 3323; x_wconf 81' lang='lat' dir='ltr'>boc</span> <span class='ocrx_word' id='word_1_354' title='bbox 932 3267 1103 3327; x_wconf 88' lang='lat' dir='ltr'>enim</span> <span class='ocrx_word' id='word_1_355' title='bbox 1150 3282 1312 3328; x_wconf 89' lang='lat' dir='ltr'>onus</span> <span class='ocrx_word' id='word_1_356' title='bbox 1356 3275 1450 3328; x_wconf 91' lang='lat' dir='ltr'>est</span> <span class='ocrx_word' id='word_1_357' title='bbox 1495 3266 1668 3328; x_wconf 85' lang='lat' dir='ltr'>reale</span> <span class='ocrx_word' id='word_1_358' title='bbox 1735 3265 2150 3338; x_wconf 80' lang='lat' dir='ltr'>haereditatis,</span> <span class='ocrx_word' id='word_1_359' title='bbox 2193 3263 2362 3344; x_wconf 87' lang='lat' dir='ltr'>quod</span> <span class='ocrx_word' id='word_1_360' title='bbox 2412 3268 2644 3326; x_wconf 85' lang='lat' dir='ltr'>transit</span> <span class='ocrx_word' id='word_1_361' title='bbox 2708 3265 2772 3324; x_wconf 85' lang='lat' dir='ltr'>in</span> <span class='ocrx_word' id='word_1_362' title='bbox 2838 3261 3135 3325; x_wconf 84' lang='lat' dir='ltr'>haeredes</span> 
     </span>
     <span class='ocr_line' id='line_1_39' title="bbox 551 3343 3137 3421; baseline 0.001 -22"><span class='ocrx_word' id='word_1_363' title='bbox 551 3353 976 3421; x_wconf 83' lang='lat' dir='ltr'>quoscunque.</span> <span class='ocrx_word' id='word_1_364' title='bbox 1011 3345 1126 3407; x_wconf 92' lang='lat' dir='ltr'>Ubi</span> <span class='ocrx_word' id='word_1_365' title='bbox 1179 3347 1530 3408; x_wconf 88' lang='lat' dir='ltr'>notandum</span> <span class='ocrx_word' id='word_1_366' title='bbox 1564 3356 1661 3408; x_wconf 90' lang='lat' dir='ltr'>est</span> <span class='ocrx_word' id='word_1_367' title='bbox 1695 3345 1897 3408; x_wconf 82' lang='lat' dir='ltr'>illud:</span> <span class='ocrx_word' id='word_1_368' title='bbox 1940 3345 2257 3407; x_wconf 72' lang='lat' dir='ltr'>statimne</span> <span class='ocrx_word' id='word_1_369' title='bbox 2291 3353 2464 3407; x_wconf 84' lang='lat' dir='ltr'>certo</span> <span class='ocrx_word' id='word_1_370' title='bbox 2495 3350 2764 3418; x_wconf 65' lang='lat' dir='ltr'>constat,</span> <span class='ocrx_word' id='word_1_371' title='bbox 2804 3343 2973 3405; x_wconf 91' lang='lat' dir='ltr'>idest</span> <span class='ocrx_word' id='word_1_372' title='bbox 3004 3349 3137 3405; x_wconf 77' lang='lat' dir='ltr'>sive</span> 
     </span>
     <span class='ocr_line' id='line_1_40' title="bbox 550 3422 3134 3505; baseline 0.002 -26"><span class='ocrx_word' id='word_1_373' title='bbox 550 3422 786 3496; x_wconf 83' lang='lat' dir='ltr'>verbis,</span> <span class='ocrx_word' id='word_1_374' title='bbox 830 3426 962 3486; x_wconf 86' lang='lat' dir='ltr'>sive</span> <span class='ocrx_word' id='word_1_375' title='bbox 1007 3436 1189 3495; x_wconf 81' lang='lat' dir='ltr'>nutu,</span> <span class='ocrx_word' id='word_1_376' title='bbox 1232 3429 1368 3489; x_wconf 87' lang='lat' dir='ltr'>sive</span> <span class='ocrx_word' id='word_1_377' title='bbox 1411 3428 1691 3505; x_wconf 87' lang='lat' dir='ltr'>scriptis,</span> <span class='ocrx_word' id='word_1_378' title='bbox 1730 3436 1841 3489; x_wconf 88' lang='lat' dir='ltr'>aut</span> <span class='ocrx_word' id='word_1_379' title='bbox 1883 3425 2130 3489; x_wconf 87' lang='lat' dir='ltr'>duobus</span> <span class='ocrx_word' id='word_1_380' title='bbox 2177 3425 2446 3487; x_wconf 85' lang='lat' dir='ltr'>testibus</span> <span class='ocrx_word' id='word_1_381' title='bbox 2494 3424 2619 3485; x_wconf 86' lang='lat' dir='ltr'>fide</span> <span class='ocrx_word' id='word_1_382' title='bbox 2662 3424 2920 3504; x_wconf 81' lang='lat' dir='ltr'>dignis3</span> <span class='ocrx_word' id='word_1_383' title='bbox 2993 3437 3134 3487; x_wconf 89' lang='lat' dir='ltr'>nam</span> 
     </span>
     <span class='ocr_line' id='line_1_41' title="bbox 554 3502 3134 3584; baseline 0.001 -23"><span class='ocrx_word' id='word_1_384' title='bbox 554 3514 633 3561; x_wconf 86' lang='lat' dir='ltr'>ex</span> <span class='ocrx_word' id='word_1_385' title='bbox 672 3502 838 3579; x_wconf 83' lang='lat' dir='ltr'>juris</span> <span class='ocrx_word' id='word_1_386' title='bbox 904 3505 1144 3584; x_wconf 76' lang='lat' dir='ltr'>regula,</span> <span class='ocrx_word' id='word_1_387' title='bbox 1189 3509 1474 3570; x_wconf 89' lang='lat' dir='ltr'>omnium</span> <span class='ocrx_word' id='word_1_388' title='bbox 1521 3522 1840 3570; x_wconf 86' lang='lat' dir='ltr'>consensu</span> <span class='ocrx_word' id='word_1_389' title='bbox 1906 3515 2184 3584; x_wconf 85' lang='lat' dir='ltr'>recepta,</span> <span class='ocrx_word' id='word_1_390' title='bbox 2239 3522 2364 3566; x_wconf 91' lang='lat' dir='ltr'>non</span> <span class='ocrx_word' id='word_1_391' title='bbox 2422 3504 2746 3567; x_wconf 88' lang='lat' dir='ltr'>tenebitur</span> <span class='ocrx_word' id='word_1_392' title='bbox 2814 3504 3029 3566; x_wconf 83' lang='lat' dir='ltr'>baeres</span> <span class='ocrx_word' id='word_1_393' title='bbox 3073 3505 3134 3565; x_wconf 91' lang='lat' dir='ltr'>in</span> 
     </span>
     <span class='ocr_line' id='line_1_42' title="bbox 553 3581 3132 3666; baseline 0.002 -25"><span class='ocrx_word' id='word_1_394' title='bbox 553 3581 649 3642; x_wconf 88' lang='lat' dir='ltr'>sui</span> <span class='ocrx_word' id='word_1_395' title='bbox 697 3584 1136 3661; x_wconf 59' lang='lat' dir='ltr'>praejudicium</span> <span class='ocrx_word' id='word_1_396' title='bbox 1185 3587 1449 3650; x_wconf 88' lang='lat' dir='ltr'>credere</span> <span class='ocrx_word' id='word_1_397' title='bbox 1495 3589 1602 3650; x_wconf 88' lang='lat' dir='ltr'>uni</span> <span class='ocrx_word' id='word_1_398' title='bbox 1655 3590 1820 3662; x_wconf 88' lang='lat' dir='ltr'>testi,</span> <span class='ocrx_word' id='word_1_399' title='bbox 1863 3589 2152 3666; x_wconf 85' lang='lat' dir='ltr'>quamvis</span> <span class='ocrx_word' id='word_1_400' title='bbox 2202 3586 2689 3664; x_wconf 86' lang='lat' dir='ltr'>probatissimo:</span> <span class='ocrx_word' id='word_1_401' title='bbox 2735 3585 2908 3659; x_wconf 66' lang='lat' dir='ltr'>Licet</span> <span class='ocrx_word' id='word_1_402' title='bbox 2976 3601 3132 3664; x_wconf 73' lang='lat' dir='ltr'>quw·</span> 
     </span>
     <span class='ocr_line' id='line_1_43' title="bbox 551 3661 3140 3747; baseline 0.001 -25"><span class='ocrx_word' id='word_1_403' title='bbox 551 3661 694 3722; x_wconf 80' lang='lat' dir='ltr'>dam</span> <span class='ocrx_word' id='word_1_404' title='bbox 735 3663 866 3725; x_wconf 78' lang='lat' dir='ltr'>sint</span> <span class='ocrx_word' id='word_1_405' title='bbox 907 3681 1129 3740; x_wconf 71' lang='lat' dir='ltr'>cauam,</span> <span class='ocrx_word' id='word_1_406' title='bbox 1179 3668 1408 3746; x_wconf 82' lang='lat' dir='ltr'>iegitur</span> <span class='ocrx_word' id='word_1_407' title='bbox 1455 3669 1518 3729; x_wconf 91' lang='lat' dir='ltr'>in</span> <span class='ocrx_word' id='word_1_408' title='bbox 1563 3668 1716 3730; x_wconf 78' lang='lat' dir='ltr'>lure</span> <span class='ocrx_word' id='word_1_409' title='bbox 1754 3668 2085 3743; x_wconf 83' lang='lat' dir='ltr'>canonico,</span> <span class='ocrx_word' id='word_1_410' title='bbox 2131 3684 2267 3746; x_wconf 82' lang='lat' dir='ltr'>quoe</span> <span class='ocrx_word' id='word_1_411' title='bbox 2308 3666 2520 3746; x_wconf 74' lang='lat' dir='ltr'>plures</span> <span class='ocrx_word' id='word_1_412' title='bbox 2587 3682 2775 3747; x_wconf 80' lang='lat' dir='ltr'>quam</span> <span class='ocrx_word' id='word_1_413' title='bbox 2818 3666 2969 3727; x_wconf 78' lang='lat' dir='ltr'>duos</span> <span class='ocrx_word' id='word_1_414' title='bbox 3017 3665 3140 3726; x_wconf 74' lang='lat' dir='ltr'>exi·</span> 
     </span>
     <span class='ocr_line' id='line_1_44' title="bbox 550 3745 3137 3828; baseline 0.001 -25"><span class='ocrx_word' id='word_1_415' title='bbox 550 3748 665 3821; x_wconf 69' lang='grc' dir='ltr'>ραι</span> <span class='ocrx_word' id='word_1_416' title='bbox 708 3749 893 3805; x_wconf 79' lang='lat' dir='ltr'>testes</span> <span class='ocrx_word' id='word_1_417' title='bbox 919 3767 942 3818; x_wconf 89' lang='lat'>‚·</span> <span class='ocrx_word' id='word_1_418' title='bbox 986 3749 1166 3811; x_wconf 79' lang='lat' dir='ltr'>nulia</span> <span class='ocrx_word' id='word_1_419' title='bbox 1209 3756 1305 3811; x_wconf 78' lang='lat' dir='ltr'>est</span> <span class='ocrx_word' id='word_1_420' title='bbox 1348 3757 1551 3812; x_wconf 81' lang='lat' dir='ltr'>tamen</span> <span class='ocrx_word' id='word_1_421' title='bbox 1595 3764 1811 3823; x_wconf 73' lang='lat' dir='ltr'>causa,</span> <span class='ocrx_word' id='word_1_422' title='bbox 1873 3764 2007 3828; x_wconf 77' lang='lat' dir='ltr'>quoe</span> <span class='ocrx_word' id='word_1_423' title='bbox 2069 3749 2258 3809; x_wconf 78' lang='lat' dir='ltr'>unius</span> <span class='ocrx_word' id='word_1_424' title='bbox 2305 3748 2655 3810; x_wconf 74' lang='lat' dir='ltr'>testimonio</span> <span class='ocrx_word' id='word_1_425' title='bbox 2697 3745 3023 3826; x_wconf 78' lang='lat' dir='ltr'>(quamvis</span> <span class='ocrx_word' id='word_1_426' title='bbox 3068 3745 3137 3807; x_wconf 81' lang='lat' dir='ltr'>le·</span> 
     </span>
     <span class='ocr_line' id='line_1_45' title="bbox 549 3823 3139 3907; baseline 0.003 -25"><span class='ocrx_word' id='word_1_427' title='bbox 549 3823 803 3903; x_wconf 73' lang='lat' dir='ltr'>qitimo)</span> <span class='ocrx_word' id='word_1_428' title='bbox 838 3829 1212 3891; x_wconf 80' lang='lat' dir='ltr'>terminetur</span> <span class='ocrx_word' id='word_1_429' title='bbox 1239 3828 1452 3903; x_wconf 82' lang='lat' dir='ltr'>(Decr.</span> <span class='ocrx_word' id='word_1_430' title='bbox 1488 3827 1696 3907; x_wconf 82' lang='lat' dir='ltr'>Greg.,</span> <span class='ocrx_word' id='word_1_431' title='bbox 1731 3828 1771 3890; x_wconf 91' lang='grc'>1.</span> <span class='ocrx_word' id='word_1_432' title='bbox 1816 3844 1885 3903; x_wconf 89' lang='grc' dir='ltr'>ιι,</span> <span class='ocrx_word' id='word_1_433' title='bbox 1918 3838 1957 3890; x_wconf 92' lang='lat' dir='ltr'>t.</span> <span class='ocrx_word' id='word_1_434' title='bbox 1989 3844 2093 3905; x_wconf 82' lang='lat' dir='ltr'>xx,</span> <span class='ocrx_word' id='word_1_435' title='bbox 2122 3845 2173 3890; x_wconf 91' lang='lat' dir='ltr'>c.</span> <span class='ocrx_word' id='word_1_436' title='bbox 2216 3828 2292 3891; x_wconf 76' lang='lat'>23</span> <span class='ocrx_word' id='word_1_437' title='bbox 2335 3828 2510 3889; x_wconf 81' lang='lat' dir='ltr'>Licet</span> <span class='ocrx_word' id='word_1_438' title='bbox 2536 3826 2900 3907; x_wconf 75' lang='lat' dir='ltr'>universis).</span> <span class='ocrx_word' id='word_1_439' title='bbox 2943 3824 3139 3904; x_wconf 85' lang='lat' dir='ltr'>quue</span> 
     </span>
     <span class='ocr_line' id='line_1_46' title="bbox 551 3905 3139 3980; baseline 0.002 -17"><span class='ocrx_word' id='word_1_440' title='bbox 551 3918 706 3965; x_wconf 86' lang='lat' dir='ltr'>sane</span> <span class='ocrx_word' id='word_1_441' title='bbox 749 3916 1178 3971; x_wconf 86' lang='lat' dir='ltr'>necessarium</span> <span class='ocrx_word' id='word_1_442' title='bbox 1226 3909 1346 3971; x_wconf 78' lang='lat' dir='ltr'>suit</span> <span class='ocrx_word' id='word_1_443' title='bbox 1390 3910 1467 3972; x_wconf 93' lang='lat' dir='ltr'>ad</span> <span class='ocrx_word' id='word_1_444' title='bbox 1516 3910 1752 3971; x_wconf 88' lang='lat' dir='ltr'>bonum</span> <span class='ocrx_word' id='word_1_445' title='bbox 1796 3924 2157 3980; x_wconf 79' lang='lat' dir='ltr'>commune,</span> <span class='ocrx_word' id='word_1_446' title='bbox 2201 3921 2269 3970; x_wconf 87' lang='lat' dir='ltr'>ut</span> <span class='ocrx_word' id='word_1_447' title='bbox 2315 3907 2575 3971; x_wconf 85' lang='lat' dir='ltr'>fraudes</span> <span class='ocrx_word' id='word_1_448' title='bbox 2609 3911 2674 3969; x_wconf 88' lang='lat' dir='ltr'>in</span> <span class='ocrx_word' id='word_1_449' title='bbox 2707 3905 2890 3970; x_wconf 83' lang='lat' dir='ltr'>civili</span> <span class='ocrx_word' id='word_1_450' title='bbox 2942 3908 3139 3968; x_wconf 87' lang='lat' dir='ltr'>socie·</span> 
     </span>
     <span class='ocr_line' id='line_1_47' title="bbox 551 3985 3141 4068; baseline 0.001 -24"><span class='ocrx_word' id='word_1_451' title='bbox 551 3990 683 4046; x_wconf 90' lang='lat' dir='ltr'>tate</span> <span class='ocrx_word' id='word_1_452' title='bbox 724 3988 1144 4052; x_wconf 86' lang='lat' dir='ltr'>evitarentur.</span> <span class='ocrx_word' id='word_1_453' title='bbox 1210 3988 1370 4051; x_wconf 84' lang='lat' dir='ltr'>Hinc</span> <span class='ocrx_word' id='word_1_454' title='bbox 1415 3989 1647 4051; x_wconf 84' lang='lat' dir='ltr'>docent</span> <span class='ocrx_word' id='word_1_455' title='bbox 1710 3990 1920 4064; x_wconf 86' lang='lat' dir='ltr'>Croix,</span> <span class='ocrx_word' id='word_1_456' title='bbox 1986 3988 2283 4068; x_wconf 84' lang='lat' dir='ltr'>Layman,</span> <span class='ocrx_word' id='word_1_457' title='bbox 2325 3988 2508 4062; x_wconf 87' lang='lat' dir='ltr'>Viva,</span> <span class='ocrx_word' id='word_1_458' title='bbox 2557 3997 2699 4063; x_wconf 68' lang='lat' dir='ltr'>etc„</span> <span class='ocrx_word' id='word_1_459' title='bbox 2743 3993 2968 4049; x_wconf 88' lang='lat' dir='ltr'>contra</span> <span class='ocrx_word' id='word_1_460' title='bbox 3033 3985 3141 4048; x_wconf 89' lang='lat' dir='ltr'>ali·</span> 
     </span>
     <span class='ocr_line' id='line_1_48' title="bbox 551 4068 3138 4146; baseline 0.002 -21"><span class='ocrx_word' id='word_1_461' title='bbox 551 4080 731 4143; x_wconf 87' lang='lat' dir='ltr'>qnos,</span> <span class='ocrx_word' id='word_1_462' title='bbox 774 4069 937 4146; x_wconf 86' lang='lat' dir='ltr'>quod</span> <span class='ocrx_word' id='word_1_463' title='bbox 1011 4070 1217 4132; x_wconf 81' lang='lat' dir='ltr'>haeres</span> <span class='ocrx_word' id='word_1_464' title='bbox 1286 4086 1411 4131; x_wconf 89' lang='lat' dir='ltr'>non</span> <span class='ocrx_word' id='word_1_465' title='bbox 1460 4079 1718 4132; x_wconf 79' lang='lat' dir='ltr'>tenetur</span> <span class='ocrx_word' id='word_1_466' title='bbox 1783 4071 2050 4133; x_wconf 85' lang='lat' dir='ltr'>credere</span> <span class='ocrx_word' id='word_1_467' title='bbox 2095 4070 2213 4131; x_wconf 82' lang='lat' dir='ltr'>soii</span> <span class='ocrx_word' id='word_1_468' title='bbox 2264 4070 2546 4131; x_wconf 84' lang='lat' dir='ltr'>Parocbo</span> <span class='ocrx_word' id='word_1_469' title='bbox 2592 4068 2692 4131; x_wconf 83' lang='lat' dir='ltr'>vei</span> <span class='ocrx_word' id='word_1_470' title='bbox 2739 4068 3138 4130; x_wconf 80' lang='lat' dir='ltr'>confessario</span> 
     </span>
     <span class='ocr_line' id='line_1_49' title="bbox 554 4143 3138 4240; baseline 0.002 -36"><span class='ocrx_word' id='word_1_471' title='bbox 554 4143 706 4208; x_wconf 85' lang='lat' dir='ltr'>iicet</span> <span class='ocrx_word' id='word_1_472' title='bbox 749 4148 967 4240; x_wconf 85' lang='lat' dir='ltr'>probo,</span> <span class='ocrx_word' id='word_1_473' title='bbox 1013 4153 1134 4212; x_wconf 88' lang='lat' dir='ltr'>nisi</span> <span class='ocrx_word' id='word_1_474' title='bbox 1182 4149 1349 4212; x_wconf 88' lang='lat' dir='ltr'>adsit</span> <span class='ocrx_word' id='word_1_475' title='bbox 1393 4152 1573 4213; x_wconf 89' lang='lat' dir='ltr'>testis</span> <span class='ocrx_word' id='word_1_476' title='bbox 1617 4152 1819 4212; x_wconf 85' lang='lat' dir='ltr'>atter:</span> <span class='ocrx_word' id='word_1_477' title='bbox 1864 4152 2011 4228; x_wconf 89' lang='lat' dir='ltr'>quia</span> <span class='ocrx_word' id='word_1_478' title='bbox 2057 4158 2194 4212; x_wconf 88' lang='lat' dir='ltr'>esto</span> <span class='ocrx_word' id='word_1_479' title='bbox 2239 4150 2402 4230; x_wconf 89' lang='lat' dir='ltr'>quod</span> <span class='ocrx_word' id='word_1_480' title='bbox 2436 4148 2678 4211; x_wconf 87' lang='lat' dir='ltr'>dictum</span> <span class='ocrx_word' id='word_1_481' title='bbox 2710 4150 2902 4213; x_wconf 88' lang='lat' dir='ltr'>unius</span> <span class='ocrx_word' id='word_1_482' title='bbox 2960 4149 3138 4211; x_wconf 87' lang='lat' dir='ltr'>testis</span> 
     </span>
     <span class='ocr_line' id='line_1_50' title="bbox 553 4224 3141 4310; baseline 0.002 -25"><span class='ocrx_word' id='word_1_483' title='bbox 553 4224 771 4289; x_wconf 81' lang='lat' dir='ltr'>idonei</span> <span class='ocrx_word' id='word_1_484' title='bbox 818 4244 987 4307; x_wconf 82' lang='lat' dir='ltr'>saepe</span> <span class='ocrx_word' id='word_1_485' title='bbox 1044 4231 1151 4293; x_wconf 89' lang='lat' dir='ltr'>det</span> <span class='ocrx_word' id='word_1_486' title='bbox 1209 4231 1445 4309; x_wconf 70' lang='lat' dir='ltr'>iustam</span> <span class='ocrx_word' id='word_1_487' title='bbox 1493 4239 1558 4293; x_wconf 91' lang='lat' dir='ltr'>et</span> <span class='ocrx_word' id='word_1_488' title='bbox 1603 4230 1995 4310; x_wconf 82' lang='lat' dir='ltr'>probabilem</span> <span class='ocrx_word' id='word_1_489' title='bbox 2066 4229 2371 4292; x_wconf 88' lang='lat' dir='ltr'>credendi</span> <span class='ocrx_word' id='word_1_490' title='bbox 2439 4230 2736 4305; x_wconf 83' lang='lat' dir='ltr'>causam3</span> <span class='ocrx_word' id='word_1_491' title='bbox 2782 4244 2911 4291; x_wconf 89' lang='lat' dir='ltr'>non</span> <span class='ocrx_word' id='word_1_492' title='bbox 2951 4229 3141 4291; x_wconf 69' lang='lat' dir='ltr'>affert</span> 
     </span>
     <span class='ocr_line' id='line_1_51' title="bbox 551 4308 1631 4374; baseline 0.006 -9"><span class='ocrx_word' id='word_1_493' title='bbox 551 4313 766 4368; x_wconf 87' lang='lat' dir='ltr'>tamen</span> <span class='ocrx_word' id='word_1_494' title='bbox 811 4308 1115 4372; x_wconf 84' lang='lat' dir='ltr'>credendi</span> <span class='ocrx_word' id='word_1_495' title='bbox 1168 4312 1631 4374; x_wconf 87' lang='lat' dir='ltr'>necessitatem.</span> 
     </span>
    </p>

    <p class='ocr_par' dir='ltr' id='par_1_8' title="bbox 549 4385 3143 4711">
     <span class='ocr_line' id='line_1_52' title="bbox 628 4385 3139 4454; baseline 0.003 -10"><span class='ocrx_word' id='word_1_496' title='bbox 628 4385 841 4447; x_wconf 71' lang='lat'>569.</span> <span class='ocrx_word' id='word_1_497' title='bbox 901 4388 1134 4452; x_wconf 58' lang='lat' dir='ltr'>Casus:</span> <span class='ocrx_word' id='word_1_498' title='bbox 1190 4390 1393 4454; x_wconf 85' lang='lat' dir='ltr'>Titius</span> <span class='ocrx_word' id='word_1_499' title='bbox 1470 4388 1906 4454; x_wconf 80' lang='lat' dir='ltr'>coelibatarius</span> <span class='ocrx_word' id='word_1_500' title='bbox 1965 4390 2332 4452; x_wconf 61' lang='lat' dir='ltr'>haereilibus</span> <span class='ocrx_word' id='word_1_501' title='bbox 2410 4390 2790 4452; x_wconf 86' lang='lat' dir='ltr'>necessariis</span> <span class='ocrx_word' id='word_1_502' title='bbox 2871 4387 3139 4451; x_wconf 87' lang='lat' dir='ltr'>destitu-</span> 
     </span>
     <span class='ocr_line' id='line_1_53' title="bbox 553 4468 3108 4549; baseline 0.002 -24"><span class='ocrx_word' id='word_1_503' title='bbox 553 4473 673 4539; x_wconf 74' lang='grc' dir='ltr'>ωε,</span> <span class='ocrx_word' id='word_1_504' title='bbox 718 4469 1001 4544; x_wconf 82' lang='lat' dir='ltr'>graviter</span> <span class='ocrx_word' id='word_1_505' title='bbox 1045 4472 1453 4546; x_wconf 89' lang='lat' dir='ltr'>decumbens,</span> <span class='ocrx_word' id='word_1_506' title='bbox 1497 4481 1565 4535; x_wconf 86' lang='lat' dir='ltr'>ut</span> <span class='ocrx_word' id='word_1_507' title='bbox 1608 4475 1841 4534; x_wconf 81' lang='lat' dir='ltr'>auimae</span> <span class='ocrx_word' id='word_1_508' title='bbox 1886 4487 2017 4533; x_wconf 80' lang='lat' dir='ltr'>suae</span> <span class='ocrx_word' id='word_1_509' title='bbox 2076 4469 2390 4543; x_wconf 75' lang='lat' dir='ltr'>consulat,</span> <span class='ocrx_word' id='word_1_510' title='bbox 2453 4471 2677 4533; x_wconf 88' lang='lat' dir='ltr'>statuit</span> <span class='ocrx_word' id='word_1_511' title='bbox 2736 4478 2981 4549; x_wconf 85' lang='lat' dir='ltr'>partem</span> <span class='ocrx_word' id='word_1_512' title='bbox 3028 4468 3108 4531; x_wconf 91' lang='lat' dir='ltr'>bo</span> 
     </span>
     <span class='ocr_line' id='line_1_54' title="bbox 551 4550 3143 4630; baseline 0.002 -25"><span class='ocrx_word' id='word_1_513' title='bbox 551 4560 780 4607; x_wconf 90' lang='lat' dir='ltr'>norum</span> <span class='ocrx_word' id='word_1_514' title='bbox 830 4553 1038 4627; x_wconf 84' lang='lat' dir='ltr'>in-pia</span> <span class='ocrx_word' id='word_1_515' title='bbox 1087 4568 1275 4630; x_wconf 88' lang='lat' dir='ltr'>opera</span> <span class='ocrx_word' id='word_1_516' title='bbox 1323 4567 1608 4630; x_wconf 79' lang='lat' dir='ltr'>erogare.</span> <span class='ocrx_word' id='word_1_517' title='bbox 1654 4552 1747 4614; x_wconf 90' lang='lat' dir='ltr'>Ad</span> <span class='ocrx_word' id='word_1_518' title='bbox 1815 4552 1986 4614; x_wconf 87' lang='lat' dir='ltr'>bunc</span> <span class='ocrx_word' id='word_1_519' title='bbox 2030 4551 2252 4612; x_wconf 83' lang='lat' dir='ltr'>nnem-</span> <span class='ocrx_word' id='word_1_520' title='bbox 2289 4550 2687 4614; x_wconf 83' lang='lat' dir='ltr'>Bonifacium</span> <span class='ocrx_word' id='word_1_521' title='bbox 2760 4550 3143 4627; x_wconf 82' lang='lat' dir='ltr'>legatarium</span> 
     </span>
     <span class='ocr_line' id='line_1_55' title="bbox 549 4627 3137 4711; baseline 0.001 -24"><span class='ocrx_word' id='word_1_522' title='bbox 549 4627 982 4690; x_wconf 79' lang='lat' dir='ltr'>universatem</span> <span class='ocrx_word' id='word_1_523' title='bbox 1033 4632 1309 4693; x_wconf 89' lang='lat' dir='ltr'>instituit</span> <span class='ocrx_word' id='word_1_524' title='bbox 1355 4649 1467 4711; x_wconf 91' lang='lat' dir='ltr'>per</span> <span class='ocrx_word' id='word_1_525' title='bbox 1513 4641 1966 4695; x_wconf 87' lang='lat' dir='ltr'>testamentum</span> <span class='ocrx_word' id='word_1_526' title='bbox 2013 4631 2250 4694; x_wconf 87' lang='lat' dir='ltr'>debitis</span> <span class='ocrx_word' id='word_1_527' title='bbox 2307 4632 2611 4694; x_wconf 80' lang='lat' dir='ltr'>vestitum</span> <span class='ocrx_word' id='word_1_528' title='bbox 2677 4630 2920 4693; x_wconf 65' lang='lat' dir='ltr'>formis</span> <span class='ocrx_word' id='word_1_529' title='bbox 2966 4628 3137 4691; x_wconf 90' lang='lat' dir='ltr'>Scri-</span> 
     </span>
    </p>
   </div>
   <div class='ocr_carea' id='block_1_3' title="bbox 551 4709 3269 4792">
    <p class='ocr_par' dir='ltr' id='par_1_9' title="bbox 551 4709 3269 4792">
     <span class='ocr_line' id='line_1_56' title="bbox 551 4709 3269 4792; baseline 0.002 -26"><span class='ocrx_word' id='word_1_530' title='bbox 551 4713 725 4784; x_wconf 89' lang='lat' dir='ltr'>ptum</span> <span class='ocrx_word' id='word_1_531' title='bbox 772 4716 982 4771; x_wconf 87' lang='lat' dir='ltr'>autem</span> <span class='ocrx_word' id='word_1_532' title='bbox 1030 4713 1345 4788; x_wconf 80' lang='lat' dir='ltr'>privatum</span> <span class='ocrx_word' id='word_1_533' title='bbox 1393 4711 1719 4774; x_wconf 83' lang='lat' dir='ltr'>Bonifacio</span> <span class='ocrx_word' id='word_1_534' title='bbox 1766 4711 1962 4775; x_wconf 86' lang='lat' dir='ltr'>tradit</span> <span class='ocrx_word' id='word_1_535' title='bbox 2006 4712 2069 4773; x_wconf 91' lang='lat' dir='ltr'>iu</span> <span class='ocrx_word' id='word_1_536' title='bbox 2117 4729 2241 4792; x_wconf 87' lang='lat' dir='ltr'>quo</span> <span class='ocrx_word' id='word_1_537' title='bbox 2288 4713 2453 4790; x_wconf 87' lang='lat' dir='ltr'>piam</span> <span class='ocrx_word' id='word_1_538' title='bbox 2498 4710 2872 4774; x_wconf 77' lang='lat' dir='ltr'>manifestat</span> <span class='ocrx_word' id='word_1_539' title='bbox 2914 4709 3147 4774; x_wconf 83' lang='lat' dir='ltr'>volun·</span> <span class='ocrx_word' id='word_1_540' title='bbox 3258 4739 3269 4751; x_wconf 85' lang='lat'>-</span> 
     </span>
    </p>
   </div>
  </div>
 </body>
</html>
