3292 5167
469 201 600 268 446
1199 222 1314 266 nte.
1362 217 1428 269 ιι.
1473 223 1685 268 τιιΑοτ.
1732 224 1833 283 vri.
1882 224 2034 270 mse.
2085 225 2126 270 t.
2174 225 2306 271 cu.
2357 165 2439 270 1.x

715 450 748 534 S
795 451 857 517 2.
903 486 992 500 --
1037 453 1127 547 De
1170 470 1258 533 eo,
1304 451 1413 536 qui
1457 451 1847 538 culpabiliter
1891 449 2193 518 damnum
2238 452 2428 537 infert
2471 450 2753 518 mediate·

550 703 755 767 658.
807 701 878 780 Q.
932 702 989 767 l.
1034 700 1138 766 An
1183 699 1305 781 ille,
1352 701 1461 784 qui
1498 702 1796 787 proximo
1842 700 2143 767 damnum
2189 700 2380 787 infert
2426 701 2707 782 mediate,
2755 700 3059 767 indirecte

460 822 517 876 et
553 828 669 895 per
713 809 890 889 alios,
911 850 914 854 -
937 819 1219 874 teneatur
1262 807 1347 873 ad
1389 808 1887 874 restitutionem?

555 917 620 982 R.
670 913 1099 981 Affirmative:
1150 914 1262 999 qui
1314 913 1615 999 proximo
1667 911 1984 981 damnum
2032 912 2228 980 infert
2276 912 2476 981 modo
2519 912 2766 981 efficaci
2815 918 3057 981 ac·v0·

466 1021 772 1104 luntario,
822 1022 945 1089 etsi
996 1028 1251 1087 tantum
1291 1019 1594 1100 mediate,
1629 1020 1956 1089 indirecte
2004 1027 2069 1089 et
2119 1039 2237 1105 per
2275 1019 2463 1098 alioS,
2504 1028 2768 1088 tenetur
2818 1020 2899 1087 ad
2947 1038 3056 1088 re-

466 1130 913 1208 stitutionem3
965 1128 1089 1196 iste
1139 1127 1313 1196 enim
1363 1147 1585 1196 revera
1636 1137 2036 1214 cooperatur
2065 1129 2132 1195 in
2170 1128 2312 1216 ejus
2346 1129 2677 1197 damnum.
2723 1130 2804 1196 At
2850 1128 3059 1197 faten-

467 1245 577 1304 tur
624 1254 876 1318 omnes,
928 1234 1108 1322 quod
1156 1234 1512 1304 efficaciter
1558 1241 1999 1321 cooperantes
2050 1235 2113 1303 in
2164 1235 2436 1305 alterius
2495 1218 2805 1304 damnum
2852 1234 3052 1303 resti-

467 1343 742 1412 tutionis
791 1361 993 1410 onere
1042 1343 1358 1427 ligantur:
1406 1341 1586 1427 digni
1629 1356 1776 1410 sunt
1835 1354 2049 1424 morte,
2101 1354 2157 1409 et
2201 1363 2329 1410 non
2373 1343 2576 1409 solum
2635 1344 2743 1427 qui
2815 1362 2889 1408 ea
2951 1343 3055 1428 [α-

464 1451 653 1530 ciant,
706 1449 919 1535 inquit
965 1448 1348 1535 ApostoluS,
1397 1448 1507 1515 sed
1551 1450 1740 1516 etiam
1785 1451 1892 1534 qui
1938 1452 2325 1516 consentiunt
2378 1451 2746 1536 facientibus
2787 1458 2834 1516 ¹.
2887 1449 3052 1516 Hinc

468 1557 824 1640 Gregorius
870 1558 959 1623 IX
1005 1555 1269 1624 scribit:
1318 1556 1382 1623 Si
1425 1557 1610 1641 culpa
1656 1567 1766 1622 tua
1796 1556 2012 1623 dantum
2047 1568 2136 1623 est
2165 1556 2465 1624 damnum
2496 1559 2591 1623 vel
2620 1557 2862 1643 injuria
2892 1557 3056 1623 irro-

464 1676 633 1750 9ata‚
681 1683 788 1731 seu
832 1665 979 1730 aliis
1024 1663 1449 1749 irroqantibus
1494 1682 1669 1749 opem
1713 1665 1872 1748 forte
1917 1663 2135 1745 culisti,
2198 1676 2308 1731 aut
2374 1665 2504 1730 hoec
2570 1664 2884 1751 imperitia
2942 1675 3053 1730 tua

466 1771 594 1837 sive
637 1772 1013 1857 neyliyentia
1057 1782 1407 1852 mmmmm,
1447 1771 1595 1856 jure
1639 1790 1827 1857 super
1869 1772 1966 1837 his
2002 1771 2362 1856 satisfacere
2407 1782 2463 1836 te
2509 1783 2744 1855 oportet
2781 1774 2830 1838 ⁸.

559 1880 676 1946 Hic
727 1885 940 1945 tamen
982 1878 1182 1964 culpoe
1229 1878 1518 1959 nomine,
1568 1895 1643 1945 ea
1695 1877 2103 1963 intelligitur,
2159 1894 2308 1962 quae
2358 1877 2460 1945 sui
2507 1885 2736 1945 natura
2773 1878 3055 1947 alterum

469 1984 721 2054 inducit
792 1984 871 2052 ad
925 1985 1257 2068 damnum,
1307 2003 1439 2052 non
1500 2003 1653 2053 vero
1704 2003 1854 2071 quae
1904 1984 2191 2075 simplex
2237 1994 2338 2054 est
2389 1986 2689 2054 occasio:
2759 1986 3054 2074 alioquin

469 2093 570 2163 vel
621 2094 758 2179 ipsa
793 2092 1129 2160 charitatis
1160 2091 1426 2160 violatio
1462 2091 1541 2159 ad
1586 2092 2079 2160 restitutionem
2114 2092 2463 2177 obligaret,
2505 2092 2686 2179 quod
2720 2111 2914 2161 nemo
2948 2091 3055 2159 di-

469 2200 658 2268 xeril.
707 2203 932 2285 Neque
982 2198 1314 2273 sufficeret
1363 2199 1735 2268 ratihabere
1784 2199 2097 2267 damnum
2147 2200 2228 2267 ab
2279 2201 2486 2268 altero
2539 2200 2791 2270 illatum
2826 2200 2920 2287 (id
2954 2208 3060 2270 est

471 2307 863 2375 confirmare
896 2306 1233 2373 voluntate
1267 2314 1492 2374 nostra
1526 2306 1839 2375 damnum
1874 2307 2076 2392 quod,
2111 2307 2303 2375 nobis
2338 2307 2583 2390 insciis,
2621 2316 2839 2375 actum
2874 2310 3053 2394 est);

473 2430 621 2480 nam
671 2430 819 2480 cum
869 2413 1245 2481 ratihabitio
1294 2421 1615 2499 sequatur
1660 2412 2417 2499 commissumfacinuffi
2472 2415 2536 2482 in
2588 2414 2746 2482 illud
2780 2414 3067 2483 efficaci-

471 2529 573 2589 ter
619 2539 749 2588 non
802 2527 1023 2605 potest
1073 2518 1381 2588 influere:
1435 2520 1610 2589 unde
1660 2522 1803 2589 haec
1854 2520 2117 2589 nonnisi
2169 2519 2233 2587 in
2280 2519 2908 2607 illiscontractibus
2941 2523 3064 2591 ob-

471 2629 683 2696 tinere
736 2633 979 2712 potest,
1033 2626 1143 2712 qui
1197 2627 1337 2695 solo
1377 2646 1709 2696 consensu
1761 2627 2214 2713 perficiuntur.

557 2736 768 2799 659·
820 2738 892 2814 Q.
941 2736 1001 2800 2.
1050 2735 1495 2822 Quotupliciter
1522 2745 1720 2822 potest
1763 2735 1904 2819 quis
1950 2736 2018 2800 in
2062 2736 2323 2802 alterius
2357 2736 2657 2802 damnum
2691 2734 3066 2822 cooperari?

561 2846 631 2912 R.
683 2843 1048 2927 Dupliciter
1096 2850 1317 2927 potest
1364 2841 1514 2928 quis
1563 2842 1628 2910 in
1680 2842 1993 2910 damnum
2043 2841 2315 2911 alterius
2366 2843 2746 2929 cooperari:

657 2952 710 3016 t.
757 2948 1063 3016 Positive:
1110 2956 1176 3017 et
1223 2956 1325 3018 est
1372 2948 1635 3035 quando
1686 2949 1836 3034 quis
1876 2949 1976 3017 vel
2028 2949 2295 3034 physice
2326 2948 2427 3019 vel
2462 2949 2798 3019 moraliter
2844 2949 3065 3017 influit

480 3057 543 3124 in
598 3056 911 3124 damnum
942 3036 1265 3142 proximi.
1315 3058 1573 3143 Physice
1619 3055 1909 3143 quidem,
1959 3056 2012 3123 si
2063 3056 2344 3131 actionis
2380 3055 2878 3125 damnificativae
2915 3075 3068 3144 par-

474 3165 709 3249 ticipes
759 3164 893 3249 fiat,
941 3183 996 3232 ν.
1052 3183 1134 3249 g.‚
1183 3163 1642 3233 concurrendo
1695 3164 1758 3230 in
1810 3164 2221 3249 grassatione
2268 3163 2350 3231 ad
2398 3163 2664 3233 viatoris
2711 3164 3066 3251 spoliatio·

478 3290 661 3339 nem:
707 3272 1052 3354 moraliter,
1101 3270 1154 3338 si
1206 3270 1584 3356 quempiam
1633 3270 1713 3337 ad
1762 3270 2077 3339 damnum
2129 3272 2432 3357 proximo
2481 3272 2891 3340 inferendum
2940 3271 3064 3339 de-

473 3378 807 3457 terminet,
843 3397 898 3445 v.
943 3396 1028 3462 g.,
1069 3378 1550 3462 grassationem
1583 3377 1946 3460 suadendo,
1982 3378 2227 3447 furtum
2265 3387 2330 3449 et
2369 3380 2547 3447 fures
2582 3380 2947 3465 dirigendo.
2973 3416 3070 3428 —

477 3487 804 3566 Attamen,
855 3494 926 3551 ut
975 3502 1170 3552 causa
1211 3484 1488 3569 positiva
1536 3492 1842 3552 teneatur
1874 3484 1954 3552 de
1987 3486 2250 3569 damno,
2303 3487 2682 3572 requiritur,
2717 3494 2789 3554 ut
2821 3488 2909 3556 sit
2954 3486 3067 3555 in-

468 3591 670 3677 justa,
727 3592 957 3660 efficax
1006 3599 1072 3660 et
1121 3591 1495 3676 theologice
1543 3591 1914 3678 culpabilis.
1962 3595 2230 3679 Iujusta,
2306 3595 2456 3679 quia
2532 3612 2725 3663 nemo
2796 3602 3069 3663 tenetur

476 3717 784 3787 reparare
832 3699 1147 3767 damnum
1195 3699 1472 3784 proximi
1527 3699 1803 3781 illatum,
1856 3700 1981 3766 nisi
2031 3710 2361 3786 quatenus
2410 3701 2717 3770 strictum
2764 3702 3066 3788 ejusdem

468 3810 578 3896 jus
632 3800 1006 3888 violaverit}
1066 3807 1247 3892 atqui
1290 3807 1402 3892 jus
1452 3807 1735 3893 proximi
1786 3808 2091 3875 strictum
2141 3807 2399 3877 violari.
2431 3827 2562 3878 non
2631 3816 2871 3895 potest,
2937 3810 3063 3878 nisi

477 3934 596 4002 per
626 3915 954 3983 actionem
990 3913 1323 3998 injustam.
1357 3914 1645 4000 Emeum
1688 3930 1840 3980 nam
1890 3920 1964 3980 ut
2011 3914 2160 3999 quis
2230 3921 2538 3984 teneatur
2600 3934 2905 4003 reparare
2944 3915 3065 3983 da-

476 4041 729 4104 mnum,
774 4040 905 4088 non
943 4020 1186 4088 sufficit
1223 4019 1503 4087 intentio
1537 4018 1757 4087 damni
1794 4018 2140 4104 inferendi,
2173 4020 2292 4089 sed
2329 4040 2604 4092 necesse
2636 4024 2912 4109 insuper
2942 4032 3068 4107 est,

474 4136 549 4197 ut
595 4147 746 4197 vere
794 4134 860 4195 et
907 4125 1173 4195 realiter
1218 4126 1568 4194 inferatur:
1610 4126 1723 4211 J'us
1772 4127 1947 4195 enim
1996 4108 2268 4197 alferius
2314 4148 2435 4216 per
2480 4129 2690 4198 solam
2754 4129 3075 4198 intentio-

477 4253 629 4305 nem
677 4254 808 4304 non
844 4233 1128 4302 laeditur.
1169 4234 1521 4319 Theoloqice
1551 4233 1902 4320 culpabilis,
1934 4234 2089 4321 quia
2122 4235 2267 4304 sine
2298 4236 2489 4322 culpa
2525 4224 2896 4323 theologica
2930 4254 3071 4305 non

485 4349 609 4423 est,
661 4341 898 4410 saltem
939 4347 1124 4410 extra
1172 4347 1607 4421 contractum,
1665 4340 1982 4426 obligatio
2040 4341 2483 4411 restitutionis
2516 4344 2800 4411 animam
2831 4343 3072 4429 ligans,

541 4537 561 4577 ¹
595 4536 749 4587 Rom.
786 4548 825 4587 1.
858 4560 922 4574 -
959 4536 1017 4586 V.
1052 4536 1315 4596 Femris;
1353 4536 1411 4585 V.
1448 4535 1737 4586 Restitutio.

541 4601 567 4638 ἱ
598 4600 744 4651 Decr.
781 4599 948 4660 Greg„
983 4599 1018 4649 l.
1052 4609 1105 4657 v,
1141 4599 1178 4648 t.
1213 4609 1398 4657 xxxvi,
1428 4606 1478 4649 c.
1513 4597 1607 4648 ult.
1643 4597 1716 4647 De
1745 4598 1973 4661 injuriis.
2018 4622 2085 4637 —
2127 4597 2255 4654 cod.
2279 4611 2418 4664 pon.
2443 4597 2718 4665 distinguit
2747 4602 2963 4666 agentes
2994 4603 3081 4656 in·

478 4664 560 4717 ter
590 4659 908 4726 principales
939 4662 991 4712 et
1019 4658 1307 4722 complices
1339 4661 1465 4721 (art.
1501 4659 1633 4721 102).
