3292 5167
427 222 506 289 18
1148 242 1263 289 mn.
1302 245 1365 290 ιι.
1416 245 1607 292 ruam*
1654 247 1709 292 v,
1756 247 1907 294 mer.
1955 247 1996 292 1.
2045 246 2175 293 cAP.
2222 247 2263 292 1.

498 347 650 410 πε.
694 346 1156 420 confessarius
1197 345 1250 408 si
1299 346 1452 420 velit
1494 364 1677 411 suum
1713 350 2131 427 poenitentem
2168 346 2564 429 perseverari
2599 355 2663 408 et
2696 343 2997 425 progredi

423 430 489 491 in
535 434 794 506 virtute,
836 435 1012 491 curet
1058 425 1238 488 illum
1283 426 1624 507 disponere
1655 430 1731 491 ad
1772 429 1937 491 bene
1970 428 2394 509 peragendam
2426 428 2782 493 orationem
2824 441 2992 488 men-

426 509 634 573 talem.
680 509 853 583 Quod
901 516 970 571 ut
1011 506 1317 584 obtineat,
1361 507 1577 571 videat
1618 524 1699 571 an
1750 511 2070 587 poenitens
2112 512 2196 572 sit
2240 510 2438 583 rudis,
2489 523 2723 572 necne:

586 591 646 664 1)
691 590 752 652 Si
792 589 1123 652 literarum
1178 589 1532 667 imperituS‚
1565 592 1623 651 ei
1661 590 1966 670 imponat,
2004 598 2071 653 ut
2100 590 2325 653 saltem
2356 605 2542 653 mane
2581 588 2681 650 vel
2721 599 3004 665 vespere,

425 671 894 748 quandodomi
941 668 1143 747 maj0r
1187 678 1282 731 est
1324 671 1541 749 quies,
1590 670 1690 731 vel
1735 673 1818 748 (si
1867 679 2114 749 tempus
2176 670 2350 734 aliud
2417 669 2652 732 babere
2699 673 2974 746 nequeat

427 750 490 811 in
541 752 692 829 ipsis
737 753 929 812 etiam
977 749 1379 812 manualibus
1414 750 1937 829 occupationibus
1967 758 2248 815 mentem
2283 749 2636 813 identidem
2673 748 2881 810 elevet
2923 762 2956 807 a

422 828 643 905 Deum,
691 841 756 893 et
801 830 1145 893 meditetur
1187 829 1363 892 Fidei
1398 832 1722 905 veritates,
1755 833 2075 911 praecipue
2104 831 2458 894 Novissima
2492 829 2835 892 et'Domini
2871 841 3006 905 pas·

424 912 692 974 sionem.
737 911 951 989 Neque
997 911 1516 973 excusationibus
1560 911 1748 974 facile
1780 913 2171 990 acquiescat:
2202 927 2425 975 omnes
2455 908 2867 990 quantumvis
2901 921 3000 968 ru·

425 992 568 1053 stici
616 1006 680 1053 et
727 991 943 1053 idiotae
988 990 1254 1053 subtiles
1284 999 1349 1053 et
1375 989 1716 1054 diuturnas
1746 993 2196 1056 meditationes
2226 999 2422 1071 agunt
2457 992 2536 1053 de
2571 1006 2636 1053 re
2668 986 2999 1061 familiari,

387 1069 503 1133 ·de
548 1070 726 1134 lucro
771 1071 1104 1149 captando,
1147 1078 1301 1133 etc.:
1345 1072 1512 1150 quod
1578 1089 1732 1152 ergo
1780 1072 2025 1136 faciunt
2066 1074 2131 1139 in
2180 1074 2446 1152 pecunia
2475 1118 2492 1147 ,
2543 1069 2779 1132 faciant
2828 1076 2893 1129 et
2939 1068 3003 1129 in

424 1149 859 1225 conscientia:
898 1151 964 1231 2)
1008 1152 1060 1212 si
1107 1168 1257 1213 vero
1304 1153 1622 1231 poenitens
1670 1168 1796 1214 non
1843 1156 1927 1215 sit
1970 1155 2306 1216 literarum
2354 1153 2634 1231 ignarus
2690 1165 2834 1211 eum
2893 1146 3002 1209 do·

424 1242 563 1295 ceat
607 1243 676 1295 ut
722 1231 934 1310 aliquo
980 1231 1143 1293 libro
1179 1231 1259 1294 ad
1291 1249 1425 1295 rem
1459 1233 1690 1297 idoneo
1727 1244 1961 1310 utatur,
2037 1252 2115 1297 uo
2155 1233 2406 1296 facilius
2435 1233 2798 1294 orationem
2840 1229 3004 1290 banc

428 1313 783 1392 persolvat:
831 1309 900 1373 Si
940 1311 1202 1391 spiritus
1239 1311 1358 1392 (ait
1399 1311 1710 1393 Salesius)
1756 1315 1962 1376 lassus
1991 1252 2215 1394 Puerit,
2246 1320 2420 1376 utere
2451 1311 2630 1386 libro,
2661 1311 2726 1372 id
2753 1317 2849 1371 est
2876 1307 3005 1387 leqe

418 1393 780 1473 paullulum
822 1400 883 1455 et
927 1399 1073 1454 tunc
1100 1394 1441 1465 meditare;
1477 1403 1689 1474 postea
1720 1395 1848 1476 leqe
1877 1412 2106 1458 rursus
2138 1404 2198 1458 el
2227 1395 2694 1471 aliquantisper
2722 1398 2785 1451 et
2810 1391 3005 1472 denuo

426 1474 763 1549 medicare,
808 1490 1002 1552 usque
1044 1473 1190 1534 dum
1232 1472 1396 1536 horoe
1434 1475 1764 1539 dimidium
1813 1476 2167 1554 antuman
2211 1493 2261 1537 s.
2326 1473 2617 1536 Therasia
2678 1469 2762 1534 ab
2819 1468 3005 1532 initio

427 1554 519 1617 lta
559 1554 879 1633 processit,
921 1561 981 1616 et
1007 1569 1299 1632 prospero
1344 1555 1585 1634 quidem
1629 1573 1767 1617 cum
1809 1573 2117 1619 successu.
2161 1555 2412 1618 Moneat
2468 1564 2536 1617 ut
2580 1551 2844 1615 materia
2896 1549 3003 1641 illa

426 1634 756 1713 seligatur,
806 1636 870 1696 in
917 1649 1034 1712 qua
1081 1635 1288 1696 anima
1338 1638 1644 1715 majorem
1689 1639 2020 1715 experitur
2063 1636 2505 1710 devotionem,
2548 1642 2737 1712 atque
2785 1639 2851 1694 ut
2898 1631 3003 1693 ubi

425 1731 492 1776 se
536 1715 984 1778 vehementius
1027 1714 1189 1776 affici
1233 1717 1431 1778 sentit
1472 1725 1538 1779 et
1578 1719 1985 1793 commoveri,
2032 1718 2118 1780 ibi
2162 1717 2404 1779 diutius
2450 1715 2843 1778 immoretur.

501 1794 632 1857 Hoc
676 1795 861 1857 modo
908 1793 1205 1857 mentalis
1250 1798 1456 1862 oratio
1499 1814 1532 1859 a
1578 1797 1971 1862 confessario
2037 1797 2423 1860 insinuanda
2469 1802 2567 1859 est
2607 1797 2801 1856 etiam
2861 1806 3003 1870 pec·

423 1876 786 1947 catoribus,
834 1891 980 1938 cum
1021 1891 1192 1953 saepe
1235 1877 1314 1938 ob
1362 1877 1799 1942 meditationis
1843 1878 2165 1942 defectum
2223 1877 2297 1941 ad
2370 1876 2670 1939 vomitum
2718 1873 3005 1935 redeant.

420 1955 650 2034 Exigat
697 1956 1009 2019 rationem
1056 1955 1492 2019 meditationis
1556 1968 1829 2037 peractae
1893 1959 1973 2022 de
2039 1961 2175 2023 vice
2220 1962 2283 2021 in
2333 1960 2575 2031 vicem,
2620 1950 3005 2033 inquirendo

423 2036 739 2115 quomodo
775 2052 842 2098 se
888 2037 1227 2115 gesserint,
1279 2053 1612 2116 imponens
1662 2041 1925 2120 insuper
1969 2038 2082 2117 eis,
2128 2048 2196 2103 ut
2224 2046 2374 2102 ante
2410 2038 2622 2100 omnia
2654 2051 2795 2098 sese
2833 2049 3006 2096 accu-

423 2125 569 2179 sent
611 2117 689 2180 de
735 2117 1153 2179 meditatione
1199 2121 1470 2194 omissa,
1514 2121 1566 2181 si
1613 2122 1819 2184 omitti
1875 2123 2223 2199 contingat.
2282 2119 2396 2182 Ubi
2448 2119 2642 2182 etiam
2711 2123 3004 2177 notamus

366 2221 375 2234 ·
424 2196 607 2259 valde
640 2206 1070 2276 opportunum
1103 2213 1241 2260 esse
1286 2198 1581 2262 fidelibus
1614 2201 1734 2263 boc
1768 2202 2047 2264 salutare
2079 2201 2458 2264 exercitium
2492 2199 2826 2260 insinuare
2867 2202 3006 2273 post

425 2278 673 2339 habitas
715 2278 1065 2352 MissioneS,
1110 2284 1255 2355 quia
1305 2288 1454 2341 tunc
1498 2282 1703 2360 magis
1747 2291 1896 2345 sunt
1939 2281 2231 2361 dispositi
2276 2280 2417 2360 (E).

498 2355 650 2417 23.
688 2357 753 2431 Q.
795 2359 852 2420 2.
898 2356 1058 2431 Quid
1096 2367 1193 2420 est
1233 2362 1714 2440 contemplatio?

503 2436 574 2500 R.
620 2439 686 2499 1:
730 2438 1192 2517 Contemplatio
1236 2449 1334 2503 est
1374 2441 1635 2504 elevatio
1700 2443 1922 2505 mentis
1977 2441 2045 2505 in
2105 2440 2292 2502 Deum
2346 2456 2453 2501 sus
2499 2454 2703 2509 casce,
2765 2442 3005 2497 oeterna

422 2519 767 2581 dulcedinis
809 2519 1045 2600 gaudia
1068 2519 1137 2583 in
1166 2522 1296 2600 ipso
1324 2520 1737 2602 degustantis.
1770 2523 1860 2584 Ex
1891 2538 2014 2601 quo
2051 2527 2224 2600 patet
2257 2537 2290 2583 a
2329 2537 2427 2583 me
2480 2519 2743 2581 itatione
2775 2515 3003 2577 discri-

425 2615 597 2660 men:
640 2600 707 2679 1)
753 2600 818 2660 in
864 2599 1277 2663 meditatione
1321 2604 1630 2682 quaeritur
1677 2602 1841 2665 Deus
1886 2602 2105 2664 labore
2147 2602 2473 2664 discursus
2518 2597 2887 2670 interioris:
2940 2597 3003 2658 iu

425 2679 966 2759 contemplatione
1010 2682 1149 2743 sine
1196 2682 1313 2744 boc
1358 2682 1574 2746 labore
1610 2686 1820 2746 anima
1869 2684 2065 2746 Deum
2110 2681 2578 2761 contemplatur
2627 2681 3003 2752 inventum3

422 2759 490 2842 2)
535 2761 599 2822 in
647 2760 751 2823 illa
799 2763 1011 2823 anima
1055 2771 1357 2840 operatur
1399 2764 1644 2827 actibus
1711 2767 2013 2842 potentiae
2081 2779 2211 2826 suae
2276 2760 2686 2840 multiplicis;
2750 2758 2818 2819 in
2886 2759 3002 2820 ista

424 2849 724 2919 operatur
771 2847 903 2920 ipse
951 2841 1153 2917 DeuS,
1200 2844 1410 2906 anima
1456 2854 1669 2907 autem
1715 2846 1953 2923 patitur
2000 2852 2288 2919 tantum,
2331 2842 2499 2905 idest
2541 2840 2771 2920 recipit
2816 2840 2881 2900 in
2939 2852 3007 2900 se

425 2936 566 3001 quae
609 2920 729 2982 sibi
776 2936 808 2982 a
852 2927 1056 3000 gratia
1101 2921 1548 2987 infunduntur.

508 3000 575 3062 R.
619 3002 693 3062 2:
725 3000 988 3074 Quando
1034 3001 1199 3065 Dens
1242 3004 1375 3066 vult
1416 3004 1773 3067 concedere
1816 3005 2056 3080 donum
2101 3001 2685 3082 contemplationis,
2722 2997 2905 3067 solet,
2941 3003 3010 3060 ut

429 3081 795 3162 plurimum,
841 3085 1265 3161 proemittere:
1313 3084 1370 3160 1)
1415 3087 1770 3147 orationem
1817 3083 2287 3148 recollectionis
2334 3080 2644 3145 naturalis
2679 3078 2901 3160 (vulgo
2944 3077 3009 3140 di

428 3163 974 3243 raccoylimento);
1001 3163 1067 3243 2)
1092 3165 1449 3226 orationem
1484 3165 1599 3228 otii
1632 3166 2084 3245 contemplari,
2109 3173 2178 3227 ut
2209 3171 2439 3227 vocant
2469 3162 2748 3241 Mystici3
2778 3159 2844 3238 3)
2872 3174 3008 3237 pur·

427 3246 752 3323 gationem
781 3243 1200 3322 spiritualem.
1230 3242 1526 3309 Ceterum
1551 3246 1947 3325 paucissima:
1975 3252 2129 3308 sunt
2161 3245 2281 3325 (ait
2310 3262 2358 3305 s.
2389 3243 2724 3321 Theresia)
2752 3241 3004 3314 animm,

429 3341 561 3404 quoe
603 3325 971 3404 diriqantur
1010 3340 1050 3386 a
1099 3324 1216 3410 Deo
1254 3341 1366 3405 per
1422 3327 1558 3387 vias
1611 3326 2164 3404 supernaturales:
2220 3331 2282 3390 et
2342 3324 2411 3387 in
2473 3324 2620 3386 coelo
2660 3320 3006 3401 permultas

426 3407 816 3485 aspiciemus,
860 3421 994 3484 quoe
1033 3405 1168 3467 sine
1211 3403 1567 3485 hujusmodi
1617 3408 1852 3487 qratiis
1895 3404 2494 3488 supernaturalibus
2538 3411 2731 3466 erunt
2778 3400 3006 3482 plot-io·

426 3487 621 3548 siores
668 3486 821 3563 illis,
865 3503 997 3565 quoe
1038 3487 1288 3566 qratias
1333 3488 1502 3566 ipsas
1544 3495 1922 3567 acceperunt
1949 3489 1994 3550 ¹.

590 3568 643 3628 1.
678 3565 1367 3640 Oratiorecollectionis
1389 3569 1713 3631 naturalis
1747 3578 1897 3633 tunc
1920 3568 2156 3631 dicitur
2192 3568 2421 3630 animae
2445 3562 2731 3639 concedi,
2753 3559 3008 3644 quando

432 3645 788 3710 intellectui
836 3646 1316 3710 meditationem
1383 3650 1715 3729 peragenti
1761 3666 1919 3729 opus
1961 3648 2234 3729 amplius
2279 3662 2408 3709 non
2449 3654 2549 3709 est
2590 3646 2768 3724 quasi
2827 3650 3007 3705 extra

430 3742 498 3789 se
542 3729 748 3805 ipsum
793 3730 972 3790 exire
1018 3743 1160 3790 cum
1205 3728 1520 3808 discursu,
1561 3728 1775 3792 studio
1820 3745 1891 3792 ac
1935 3730 2153 3792 labore
2196 3727 2273 3791 ad
2320 3724 2860 3789 considerandum
2891 3723 3009 3786 ali·

430 3808 595 3886 quod
646 3806 1030 3886 particulare
1075 3810 1500 3888 mysterium,
1549 3827 1604 3871 v.
1641 3827 1699 3889 g.
1748 3810 2252 3883 lucarnationis;
2295 3807 2392 3870 vel
2431 3806 2709 3886 aliquam
2743 3806 3010 3883 particu-

432 3885 633 3950 larem
680 3890 1036 3962 veritatem‚
1079 3904 1138 3948 v.
1183 3906 1241 3968 g.
1287 3888 1573 3952 Paradisi
1622 3890 2015 3952 felicitatem.
2059 3889 2178 3952 Sed
2228 3889 2336 3950 vix
2389 3905 2419 3951 a
2487 3887 2679 3950 rebus
2721 3886 3009 3947 externis

431 3969 499 4030 in
544 3984 613 4030 se
658 3968 794 4047 ipso
838 3967 1166 4045 collectus,
1204 3972 1419 4033 statim
1465 3986 1607 4033 cum
1656 3971 1958 4034 facultate
1993 3977 2057 4034 et
2087 3972 2323 4050 quiete,
2359 3970 2484 4031 imo
2514 3976 2576 4030 et
2609 3982 2834 4046 magna
2867 3978 3010 4028 cum

431 4049 763 4125 suavitate,
807 4048 1089 4112 attendit
1131 4048 1224 4112 illi
1271 4052 1577 4130 mysterio
1620 4059 1729 4114 aut
1776 4052 2029 4115 veritati
2059 4048 2109 4113 ².

588 4127 644 4188 2.
677 4127 907 4196 ,Otium
946 4132 1493 4211 contemplativum
1535 4141 1632 4194 est
1677 4131 1814 4194 fere
1858 4131 2028 4194 idem
2073 4147 2147 4193 ac
2188 4128 2582 4205 recollecti0,
2614 4143 2754 4190 cum
2793 4125 3013 4188 discri-

432 4209 626 4284 mine,
670 4209 836 4289 quod
882 4213 1093 4274 anima
1141 4212 1206 4274 in
1253 4214 1369 4275 bac
1399 4211 1676 4274 attendit
1704 4212 1899 4276 alicui
1944 4212 2249 4291 mysterio
2294 4209 2394 4272 vel
2440 4211 2696 4271 veritati
2734 4208 3008 4287 particu-

491 4386 514 4428 ¹
545 4391 685 4440 Deus
718 4390 772 4441 in
807 4391 918 4442 suis
951 4391 1109 4444 donis
1141 4393 1273 4445 liber
1303 4395 1385 4445 est
1414 4396 1468 4445 et
1499 4392 1677 4457 quoad
1715 4404 1825 4444 rem
1858 4393 1911 4445 et
1942 4391 2122 4457 quoad
2157 4393 2377 4444 modum
2409 4391 2460 4444 et
2506 4390 2686 4455 quoad
2736 4388 3012 4461 ordinem:

428 4461 496 4503 ex
527 4463 635 4525 quo
668 4452 742 4514 nt,
779 4455 837 4504 ul
865 4465 975 4505 non
1007 4454 1181 4506 desint
1209 4457 1451 4520 exempla
1482 4457 1803 4517 animarum,
1836 4468 1955 4520 quae
1988 4454 2056 4507 ad
2089 4455 2339 4507 ultimum
2386 4452 2847 4516 contemplationis
2902 4460 3012 4514 gra·

429 4513 891 4568 dum·1mmediate
921 4519 1118 4568 evectae
1147 4521 1290 4577 sunt,
1322 4519 1452 4583 quin
1488 4530 1578 4581 per
1609 4518 1809 4581 gradus
1841 4519 2134 4570 anteriores
2169 4516 2587 4582 pertransierint.
2622 4517 2741 4567 Haec
2775 4513 2908 4564 bene
2925 4521 3013 4563 co·

429 4577 1054 4692 gupsgattconleszsaripm
1100 4591 1164 4630 ne
1196 4581 1480 4653 animabus
1513 4580 1773 4692 damffium
1805 4582 1876 4632 sit
1907 4580 2185 4693 allatutrlu&
2219 4582 2278 4632 ut
2309 4580 2382 4631 ait
2413 4591 2458 4630 ε.
2493 4580 2724 4690 Joanntes
2757 4588 2788 4626 a
2819 4577 3014 4690 tcritic?ri

434 4702 523 4754 Det
554 4651 2255 4769 altsatzaz‘tffss‘llstatutis:‘tpgttffitnsst
2284 4643 2814 4767 ἕέιὲἒὶξὶαῗὲπῗὲῗ
2840 4651 2893 4752 9·
2922 4649 2957 4689 “
