3292 5167
1217 215 1295 261 nr:
1343 211 1678 262 efflatum
2155 215 2159 224 ·
2607 200 2647 266 7
2657 201 2683 266 i
2696 200 2734 266 7

160 324 261 383 est
302 314 410 378 illa
456 330 597 393 quae
641 315 768 378 Deo
811 322 874 376 et
915 311 1165 379 Sanctis
1208 314 1450 379 cultum
1497 316 1768 395 impetit,
1838 317 1938 380 vel
2003 318 2290 384 debitum
2357 322 2735 401 parentibus

169 413 242 462 ac
286 395 730 475 superioribus
774 396 1082 458 honorem
1131 402 1195 459 et
1237 395 1668 459 obedientiam
1715 407 1927 476 negat.
2017 399 2034 416 ‘

240 477 610 540 Periculosa
653 485 751 540 est
794 491 935 555 quae
982 475 1132 542 iicet
1172 475 1564 569 speculative
1607 480 1691 540 sit
1736 494 1910 554 vera,
1955 478 2038 541 ob
2072 486 2282 544 varias
2312 485 2724 546 circumstan-

160 559 284 621 tias
327 556 437 619 dat
483 556 689 620 locum
740 555 1030 630 timendi,
1081 573 1161 619 ne
1207 574 1273 619 in
1323 560 1499 637 praxi
1547 558 1867 635 haeresim,
1910 576 2194 623 errorem
2240 574 2349 623 aut
2403 574 2734 642 peccatum

164 637 408 700 foveat:
454 635 552 697 vei
598 640 646 697 si
692 635 1075 716 frequenter
1112 638 1429 700 infaustos
1471 638 1836 717 hujusmodi
1877 640 2085 704 exitus
2132 642 2379 704 habeat.

240 716 573 781 Seductiva
615 726 713 780 est
758 719 865 779 iila
911 733 1053 797 quae
1101 718 1323 781 fideles
1368 721 1660 781 incautos
1706 720 1821 782 sub
1889 719 2102 799 specie
2168 722 2426 799 pietatis
2484 737 2518 784 a
2584 737 2736 786 sana

160 798 452 862 doctrina
499 797 579 861 de
626 796 793 859 facili
840 798 1174 861 retrahere
1216 808 1504 862 conatur.

241 875 552 940 Seditiosa
596 887 692 940 est
737 877 843 940 illa
890 895 1031 958 quae
1078 880 1323 943 inducit
1379 879 1765 943 divisionem
1833 883 1897 942 in
1964 878 2220 959 popule,
2284 896 2399 943 seu
2463 883 2736 945 concitat

165 957 509 1021 tumultum
557 966 776 1021 contra
826 959 1226 1038 superiores;
1269 966 1333 1023 et
1381 958 1657 1022 retrahit
1699 958 1777 1021 ab
1843 959 2231 1023 obedientia.
2298 960 2444 1023 Haec
2502 962 2736 1025 dicitur

161 1039 357 1101 etiam
401 1035 887 1117 rebellionisera.
1464 1113 1473 1124 ,

238 1116 498 1195 Iasona,
540 1117 860 1199 sabulosa,
901 1121 1186 1182 mendosa
1229 1129 1326 1182 est
1370 1120 1498 1195 iiia,
1541 1136 1686 1199 quae
1732 1136 1848 1182 nec
1894 1122 2142 1184 ratione
2191 1137 2308 1183 uec
2353 1122 2737 1185 auctoritate

159 1206 449 1273 constan
494 1217 698 1280 neque
742 1200 951 1281 aliqua
998 1200 1564 1263 verisimilitudine
1612 1202 1858 1264 nititur.

239 1275 529 1353 Judaica‚
574 1296 715 1360 quae
752 1280 829 1342 de
875 1280 1125 1342 Christo
1156 1281 1355 1343 sentit
1384 1290 1523 1344 cum
1558 1281 1813 1360 judaeiS,
1841 1296 2137 1344 asserens
2174 1297 2406 1362 nempe
2447 1281 2740 1345 Messium

162 1359 451 1422 nondum
496 1361 852 1423 advenisse.

239 1439 335 1501 Pa
384 1458 532 1518 ana,
577 1442 683 1504 iila
721 1457 863 1520 quae
907 1455 1046 1502 cum
1093 1443 1358 1519 paganis
1400 1441 1616 1521 plures
1660 1441 1822 1504 Deos
1865 1440 2165 1504 admittit.

241 1519 331 1581 At
378 1537 470 1595 ea,
513 1539 654 1600 quae
698 1538 839 1583 cum
885 1521 1090 1582 atheis
1135 1520 1337 1593 Deum,
1377 1538 1516 1585 esse
1561 1531 1769 1599 negat.

243 1599 640 1679 Blaspliema,
686 1618 826 1680 quae
871 1602 1160 1662 continet
1205 1603 1504 1680 injuriam
1555 1602 1616 1663 in
1667 1602 1883 1676 Deum,
1928 1601 2258 1680 Virginem
2304 1602 2405 1663 vel
2454 1600 2737 1665 Sanctus.

244 1680 642 1762 Apocryplta,
686 1682 872 1760 qu‘us
915 1688 1136 1742 auctor
1180 1697 1371 1744 verus
1418 1684 1781 1760 incognitus
1824 1690 1933 1744 aut
1978 1684 2261 1746 incertus
2323 1692 2454 1758 est3
2516 1682 2620 1746 vel
2664 1683 2741 1747 de

163 1776 285 1839 qua
332 1776 463 1822 nou
510 1771 758 1824 constat
798 1760 965 1839 quod
1010 1762 1093 1824 sit
1137 1765 1440 1824 canonica
1489 1765 1581 1824 vei
1630 1763 1869 1825 divina.

239 1840 592 1918 Iniuriosa,
622 1859 762 1922 quae
794 1841 1005 1917 alicui,
1029 1840 1127 1903 vel
1168 1843 1416 1923 integro
1444 1840 1651 1906 Statui
1682 1854 1789 1906 aut
1813 1841 2112 1905 Ecclesiae
2140 1843 2460 1922 injuriam,
2491 1846 2750 1923 irrogat.

242 1922 509 1984 Piarum
554 1923 811 1984 aurium
854 1921 1153 2001 offensioni
1194 1932 1290 1983 est
1334 1939 1495 2001 quas,
1544 1923 1659 1984 etsi
1709 1940 1738 1985 a
1789 1923 1991 1985 doctis
2037 1924 2099 1983 in
2147 1924 2315 1985 bono
2359 1940 2552 1986 sensu
2583 1925 2742 1985 acci·

165 2001 406 2079 piatur,
449 2003 528 2064 ab
572 2002 716 2065 aliis
763 2002 842 2063 ob
892 2005 1344 2080 ignorantiam,
1391 2003 1490 2063 vei
1529 2005 1892 2067 timoratam
1923 2007 2404 2077 conscientiam,
2443 2006 2507 2065 in
2550 2020 2745 2066 sensu

164 2097 397 2160 parum
441 2081 757 2161 Religioni
799 2092 1196 2160 congruente
1242 2082 1661 2163 intelligitur3
1705 2095 1771 2146 et
1817 2085 2158 2147 tristantur
2204 2085 2286 2146 de
2322 2085 2447 2146 iila.
2483 2085 2562 2146 Di
2601 2101 2739 2163 que·

162 2170 257 2224 sto
297 2179 524 2243 genere
567 2160 898 2225 sarebbero
943 2165 996 2225 te
1032 2165 1460 2242 proposizioni
1501 2166 1787 2244 sequenti
1805 2185 1825 2221 .·
1884 2190 1905 2218 ι
1952 2163 2010 2226 S.
2078 2164 2312 2239 pietro,
2377 2167 2496 2228 che
2558 2173 2744 2227 avete

171 2246 519 2322 rinnegato
564 2241 729 2306 Gesd
773 2241 998 2318 crisin,
1045 2253 1300 2322 pregate
1346 2261 1458 2323 per
1504 2246 1644 2318 noi;
1707 2262 1754 2306 s.
1801 2244 1988 2306 Paoio
2035 2245 2153 2308 che
2197 2254 2376 2307 avete
2420 2247 2740 2323 persegni-

171 2330 296 2385 tata
348 2323 413 2385 la
460 2322 707 2394 Chiesa.
758 2334 1017 2401 pregate
1062 2340 1173 2403 per
1220 2326 1364 2398 noi;
1408 2343 1454 2386 s.
1500 2325 1827 2403 AgostinO.
1878 2327 1996 2386 che
2042 2335 2225 2389 avete
2275 2326 2520 2388 vissuto
2565 2325 2742 2388 molti

176 2405 330 2466 anni
385 2403 553 2466 nella
599 2404 1038 2479 dissolutezza‚
1086 2415 1344 2483 pregate
1390 2421 1502 2485 ,per
1549 2407 1676 2468 noi.
1720 2430 1742 2459 ι
1805 2405 2085 2468 Gousset.

252 2484 573 2546 Damnosa
614 2483 715 2546 vel
754 2485 1120 2568 perniciosa,
1157 2495 1250 2547 est
1294 2501 1433 2562 quae
1482 2487 1545 2547 id
1593 2485 1888 2548 fidelibus
1951 2486 2182 2548 minuit
2243 2502 2500 2548 sensum
2566 2486 2734 2562 fidei,

164 2566 415 2644 peccati
467 2564 819 2636 horrorem,
862 2581 1009 2643 erga
1058 2565 1230 2644 leges
1273 2566 1572 2628 Ecclesiae
1618 2567 2108 2629 observantiam.
2170 2565 2237 2629 Si
2283 2565 2425 2628 deve
2463 2567 2742 2646 wiwar-

164 2645 320 2707 dare
368 2661 533 2708 come
575 2644 855 2707 dannosa
899 2646 963 2707 la
1007 2648 1477 2725 proposizione‚.
1519 2664 1630 2725 per
1693 2647 1757 2709 Ia
1821 2648 2006 2725 quale
2068 2649 2126 2708 si
2185 2646 2450 2727 afferma
2514 2648 2620 2708 che
2678 2646 2742 2708 la

170 2725 405 2788 Chiesa
449 2724 531 2787 lia
577 2731 741 2787 torto
779 2726 845 2787 di
887 2734 1412 2805 nonpermettere
1474 2728 1557 2790 ad
1617 2730 1763 2806 oqui
1825 2727 2017 2808 sedete
2081 2729 2620 2791 indistintamente
2683 2728 2749 2789 ai

166 2806 220 2869 le
262 2822 413 2886 pere
456 2806 519 2867 la
562 2821 750 2868 sac-ra
798 2804 1122 2869 Scrittura
1166 2807 1230 2869 in
1276 2808 1494 2886 linqua
1535 2809 1808 2888 volgare,
1861 2826 1895 2869 o
1957 2809 2023 2870 di
2081 2806 2364 2890 proibire
2430 2807 2587 2870 l’uso
2649 2807 2748 2871 dei

164 2823 295 2950 cigi
335 2886 554 2967 arasse·
595 2886 665 2948 in
703 2886 863 2949 certi
898 2887 1145 2966 qiorm':
1186 2888 1333 2967 oqm'
1368 2887 1799 2968 proposizione
1831 2888 2110 2952 daunosa
2138 2890 2169 2951 ὁ
2203 2888 2759 2952 necessariam-ente

168 2966 576 3038 scandalum,
623 2968 769 3045 quia
815 2967 1063 3029 inducit
1104 2967 1178 3030 ad
1231 2972 1635 3046 peccandum.
1688 2967 1967 3031 Gousset.

250 3045 666 3120 scandaloso,
710 3050 763 3109 si
811 3048 1089 3124 praebeat
1133 3065 1530 3111 occasionem
1576 3052 1782 3112 ruinae
1827 3049 2203 3128 spirituum,
2240 3050 2337 3112 vel
2377 3049 2752 3113 inclinando

175 3128 255 3190 ad
303 3136 587 3205 peccata,
633 3126 730 3188 vel
774 3127 1126 3190 avertendo
1171 3147 1202 3190 a
1251 3131 1558 3191 virtutum
1604 3132 1933 3193 exercitio.
2173 3199 2178 3204 ⁴

254 3207 428 3270 Male
471 3223 699 3269 sonans
744 3217 839 3270 est
882 3224 1043 3287 quae,
1088 3207 1240 3270 licet
1282 3226 1498 3271 verum
1545 3226 1803 3272 sensum
1869 3212 1998 3288 pati
2067 3209 2294 3288 possit,
2360 3227 2439 3273 ex
2504 3211 2756 3290 propria

176 3299 399 3351 tamen
444 3288 784 3350 verborum
832 3290 1309 3368 significatione,
1350 3306 1612 3368 pravum
1659 3291 1914 3352 videtur
1961 3290 2215 3351 nabere.

261 3367 565 3446 Captiosa
624 3378 720 3430 est
760 3385 901 3447 quae
943 3368 1060 3436 sub
1105 3371 1315 3447 specie
1362 3371 1654 3433 veritatis
1699 3373 1765 3432 in
1821 3387 2108 3433 errorem
2168 3379 2374 3450 potest
2439 3370 2764 3433 inducere.

171 3449 253 3511 Le
298 3465 479 3527 opere
520 3447 623 3510 dei
664 3447 1055 3512 Giansenisti
1099 3455 1271 3512 tanto
1313 3451 1414 3513 sul
1455 3451 1674 3531 doqma
1716 3449 1824 3513 che
1866 3450 2037 3512 sulla
2079 3450 2313 3512 morale
2376 3466 2520 3512 sono
2587 3451 2761 3528 piene

174 3531 243 3591 di
285 3528 463 3609 frasi
502 3527 828 3607 equivoche
871 3547 900 3591 e
942 3531 1009 3592 di
1048 3531 1474 3609 proposizioni
1515 3533 1817 3610 capziose.
1865 3533 1985 3594 Per
2030 3532 2122 3594 tal
2151 3531 2436 3593 maniera
2457 3531 2760 3593 aeddan-

174 3625 338 3673 nosa
384 3609 449 3670 la
494 3609 729 3670 lectura
771 3608 964 3672 ancha
1006 3610 1141 3689 aqli
1183 3612 1899 3692 ecclesiastica-{quali
1941 3628 2065 3674 non
2107 3612 2312 3674 hanno
2355 3627 2485 3676 una
2547 3611 2756 3691 coqui·

177 3691 367 3753 zione
411 3697 619 3751 esatta
661 3689 759 3750 dei
799 3690 1033 3753 decreti
1073 3690 1239 3752 della
1282 3701 1474 3754 santa
1518 3690 1665 3755 Sede
1706 3692 1864 3755 sune
1907 3694 2168 3755 materie
2231 3692 2395 3754 della
2455 3693 2684 3771 grazia
2725 3708 2756 3752 e

177 3769 355 3849 deqli
398 3770 614 3830 scritti
654 3768 720 3830 di
758 3786 808 3830 s.
855 3770 1177 3849 Aqostino,
1216 3772 1316 3833 dei
1355 3772 1531 3851 quali
1575 3775 1599 3834 i
1636 3773 1995 3853 partiyt‘ani
2059 3774 2126 3835 di
2191 3769 2529 3835 Giansenio
2592 3788 2622 3833 e
2684 3771 2749 3833 di

181 3849 515 3925 Quesnello
557 3847 764 3912 hanno
804 3848 968 3929 fatto
1008 3853 1068 3912 si
1104 3851 1345 3930 orande
1386 3849 1594 3915 abusa.
1638 3852 1924 3916 Gousset.

276 3929 640 3992 Temeraria
681 3945 794 3993 seu
835 3931 1054 3993 avidam
1095 3942 1193 3995 est
1235 3948 1376 4011 quae
1431 3935 1605 3994 omni
1670 3934 2041 3997 destituitur
2101 3932 2552 3995 fundamento:
2617 3930 2761 3993 talis

179 4020 285 4074 est
330 4027 474 4089 quae
521 4018 757 4089 pugnat
799 4026 940 4072 cum
986 4017 1306 4076 communi
1350 4012 1651 4075 Ecclesiae
1698 4018 1900 4093 praxi,
1951 4023 2060 4075 aut
2103 4028 2426 4074 communi
2491 4011 2750 4074 Patrum

180 4099 250 4155 et
292 4089 761 4168 Theologorum
797 4093 1134 4155 sententia.
1180 4091 1482 4156 Provenit
1525 4109 1604 4154 ex
1641 4095 1943 4156 novitatis
1988 4095 2261 4172 pruritu,
2298 4101 2362 4154 et
2396 4093 2635 4171 proprii
2661 4092 2756 4172 ju·
2807 4149 2816 4158 ,

182 4172 345 4235 dicii
396 4170 764 4234 inordinato
808 4187 1042 4234 amore.

272 4250 695 4315 Schismatica
737 4262 834 4314 est
876 4268 1017 4331 quae
1062 4254 1196 4330 paci
1241 4261 1306 4313 et
1349 4253 1582 4316 unitati
1627 4253 1930 4317 Ecclesiae
1974 4253 2373 4327 adversatur,
2405 4252 2630 4314 fideles
2665 4269 2764 4316 re-

187 4331 512 4394 trahendo
559 4333 636 4394 ab
682 4331 1048 4395 obedientia
1087 4341 1152 4393 et
1182 4335 1545 4397 reverentia
1570 4334 2013 4414 superioribus
2043 4331 2500 4396 ecclesiasticis
2528 4331 2766 4409 debitat,
2815 4376 2820 4380 -

183 4424 255 4475 et
302 4413 625 4493 praecipue
669 4413 942 4476 Romano
1007 4413 1334 4491 Pontifici,
1395 4415 1500 4493 qui
1567 4415 1930 4478 est.totius
1994 4415 2258 4479 unitatis
2315 4412 2766 4478 ecclesiasticae

183 4498 493 4555 centrum
539 4503 604 4554 et
645 4502 850 4571 caput.

273 4572 633 4652 Antiquam
675 4565 771 4656 est
813 4589 954 4654 quae
996 4574 1351 4652 antiquitus
1387 4573 1843 4639 admittebatur
1885 4575 1980 4638 uti
2027 4573 2395 4654 probabilis,
2424 4575 2573 4653 quia
2607 4589 2769 4636 non-

187 4652 353 4714 dum
399 4660 539 4716 erat
581 4657 905 4733 cognitum
949 4655 1335 4733 principium
1381 4663 1625 4718 certum
1641 4673 1662 4730 ;
1706 4656 1814 4719 sed
1865 4671 2034 4719 nunc
2078 4654 2227 4735 (etsi
2274 4670 2401 4718 non
2465 4669 2765 4736 expresse

184 4732 535 4815 damnata)
577 4742 675 4798 est
717 4733 1256 4814 incompossibilis
1299 4749 1442 4802 cum
1485 4751 1652 4800 novo
1693 4735 1961 4801 Decreto
2003 4733 2306 4801 Ecclesiae
2347 4732 2490 4816 (T).
