3292 5167
437 197 577 265 556
1104 193 1221 263 tin.
1272 215 1334 265 ιι.
1382 218 1593 265 macr.
1644 215 1749 264 vu.
1795 217 1951 266 nise.
2002 217 2068 264 ιι.
2118 219 2376 266 arpenn.

525 317 589 383 R.
632 318 726 381 Ad
767 319 837 381 2:
880 318 1054 393 Quod
1100 320 1332 382 attinet
1373 320 1457 381 ad
1497 320 1846 384 socordiam
1887 329 1953 385 et
1995 320 2479 401 neptiqentiam,
2538 335 2680 401 quae
2723 318 3033 386 discendi

440 395 724 464 laborem
770 400 1028 479 refugit,
1072 398 1511 463 adolescentes
1554 402 1801 464 sciant:
1842 433 1924 448 —
1970 401 2031 481 l)
2075 403 2255 543 gravi
2301 418 2370 464 se
2413 401 2597 480 culpa
2658 402 3035 483 inquinare,

440 482 493 543 si
540 497 574 543 a
619 481 993 561 parentibus
1036 480 1112 542 ad
1159 481 1366 543 studia
1416 482 1585 543 missi
1654 489 1907 543 aetatem
1967 490 2069 544 stu
2122 482 2200 543 iis
2262 481 2659 560 aptissimam
2719 482 2784 543 in
2855 480 3041 547 ludis

440 562 754 640 nugisque
797 559 898 622 vel
942 560 1108 639 quod
1157 560 1443 640 pejus,in
1472 576 1719 642 morum
1744 561 2201 641 depravatione
2228 571 2568 637 terant3—
2594 561 2661 640 2)
2691 563 2834 624 sine
2868 564 3041 626 vitio»

441 659 583 704 esse
627 656 757 704 non
804 657 984 720 posse
1034 643 1229 718 ipsam
1259 642 1565 719 temporis
1588 641 1941 719 jacturam;
1979 658 2121 706 cum
2156 651 2425 720 tempus,
2461 640 2715 704 dicente
2753 641 3029 718 Seneca,

442 721 526 785 sit
576 722 936 794 thesaurus,
978 720 1162 797 cujus
1208 721 1397 783 unius
1459 723 1741 785 avaritia
1804 722 2063 785 honesta
2127 728 2258 794 est;
2303 756 2380 767 —
2422 722 2488 801 3)
2533 719 2819 786 futurum
2878 738 3033 785 esse

441 811 512 865 ut
553 818 620 864 se
664 800 1011 880 aliquando
1057 802 1432 880 poeniteant,
1474 803 1581 864 sed
1631 802 1869 866 frustra
1915 814 1979 866 et
2024 801 2537 881 irreparabiliter
2585 803 2634 864 ¹.

515 880 728 942 8⁰4.
773 881 839 955 Q.
880 882 936 944 5.
985 879 1145 955 Quid
1186 882 1257 943 de
1298 882 1672 960 eutrapetia,
1711 890 1944 947 ornatu
1985 889 2048 944 et
2084 882 2541 961 simplicitate?

520 960 591 1024 R.
633 961 722 1022 Ad
773 961 839 1022 1:
885 961 1243 1041 Eutrapelia
1291 970 1389 1024 est
1434 964 1636 1026 virtus
1679 966 1967 1026 omnium
2024 962 2525 1041 jucundissima,
2587 962 2823 1040 quippe
2932 976 3039 1023 ttoe

440 1047 574 1105 tota
616 1042 684 1104 in
726 1044 1083 1106 amaenitate
1124 1050 1432 1118 versatur,
1477 1050 1827 1123 temperans
1858 1043 2146 1105 videlicet
2162 1045 2338 1122 Jocos
2368 1051 2431 1105 et
2458 1043 2633 1105 ludos
2680 976 3029 1103 secnmqmn

437 1129 680 1185 rectam
723 1123 1031 1186 rationem
1065 1121 1130 1183 ²:
1174 1124 1457 1184 animum
1503 1129 1677 1186 enim
1722 1141 1861 1186 cum
1909 1125 2119 1203 aliqua
2184 1123 2610 1202 jucunditate,
2653 1132 2717 1185 et
2763 1119 3025 1183 liberali

433 1204 562 1282 joci
609 1203 956 1265 festivitate
1004 1203 1294 1265 relaxare
1338 1203 1644 1275 debemus
1688 1205 2055 1283 aliquando,
2102 1212 2170 1268 ut
2210 1204 2289 1267 ad
2339 1205 2575 1283 majora
2626 1205 2776 1264 vitae
2814 1200 3027 1265 officia

438 1286 796 1424 promptior
841 1286 950 1346 fiat
991 1293 1181 1363 atque
1226 1285 1527 1362 paratior.
1572 1283 1698 1346 Sed
1741 1302 1883 1347 cum
1929 1283 2118 1348 facile
2177 1287 2441 1347 omnino
2485 1287 2567 1347 sit
2611 1286 2673 1343 in
2728 1282 2893 1360 jocis
2958 1287 3037 1344 et

475 1363 905 1427 estivitatibus
950 1374 1141 1426 rectae
1189 1364 1457 1426 rationis
1501 1363 1730 1427 violari
1779 1375 2115 1446 praecepta,
2166 1367 2517 1445 requiritur
2552 1366 2782 1427 iccirco
2814 1364 3033 1426 virtus

444 1443 678 1521 aliqua,
720 1453 862 1521 quae
905 1444 1164 1507 modum
1212 1445 1292 1505 its
1337 1445 1546 1507 valeat
1588 1446 2004 1526 accomodare
2029 1465 2061 1518 :,
2091 1447 2210 1507 hoc
2256 1447 2410 1509 facit
2451 1443 2826 1522 eutrapelia.

520 1522 588 1584 R.
633 1522 726 1584 Ad
768 1524 844 1585 2:
889 1524 1166 1588 Ornatus
1208 1535 1399 1604 atque
1443 1525 1821 1604 simplicitas
1863 1535 1961 1590 est
2010 1526 2246 1602 virtus,
2304 1543 2440 1605 quw
2491 1532 2821 1592 caeternum
2882 1538 3025 1584 cor·

430 1604 604 1680 poris
649 1603 888 1666 cattam
930 1605 1012 1667 ad
1052 1605 1290 1667 decoris
1335 1613 1398 1667 et
1438 1604 1782 1670 honestatis
1825 1607 2078 1687 reputas
2131 1607 2493 1668 moderatur
2547 1622 2624 1668 ac
2685 1603 2868 1684 repit.
2912 1600 3021 1663 Vi·

438 1682 661 1746 demus
705 1701 874 1764 saepe
919 1685 1080 1747 illud
1128 1687 1193 1748 in
1239 1687 1536 1749 humanae
1580 1688 1731 1750 vitae
1775 1686 2244 1750 consuetudine
2311 1689 2560 1759 vitium,
2627 1701 2752 1764 quo
2816 1682 3023 1762 aliqui

438 1765 676 1830 vestitu
720 1764 1127 1841 obsoletiore,
1171 1781 1438 1847 corpore
1483 1767 1728 1831 inculto
1772 1777 1838 1830 et
1867 1766 2152 1843 horrido,
2188 1775 2448 1847 aspectu
2477 1766 2687 1837 (mdo,
2728 1763 3027 1826 barbarae

437 1845 647 1924 potius
691 1852 757 1906 et
803 1845 1106 1909 belluinae
1171 1857 1418 1909 naturae
1464 1846 1734 1911 formam
1791 1848 2248 1929 praeseferunt,
2313 1863 2502 1927 quam
2568 1863 2777 1908 mores
2842 1842 3022 1908 civili

438 1926 728 1987 societati
777 1925 1059 1988 idoneos.
1105 1923 1225 1987 Alii
1275 1943 1351 1988 ex
1397 1926 1668 1990 adverso
1715 1930 1799 1991 ita
1847 1930 2033 1991 nitidi
2080 1938 2145 1989 et
2209 1931 2442 2008 compti
2508 1927 3033 2006 conspiciuntur,

438 2013 509 2068 ut
533 2004 834 2083 dignitati
862 2016 1107 2070 naturae
1139 2006 1320 2070 obliti
1358 2016 1606 2086 turpem
1630 2010 1829 2071 animi
1856 2008 2189 2072 mollitiem
2218 2008 2375 2073 luxu
2397 2008 2702 2070 foemineo
2727 2005 3025 2068 diffluen-

438 2093 561 2148 tem
613 2088 822 2148 insani
868 2086 1290 2149 amasiunculi
1336 2095 1734 2167 expromant.
1779 2088 2062 2153 Ornatus
2110 2106 2300 2168 porro
2342 2099 2408 2152 et
2438 2087 2816 2167 simplicitas
2860 2086 3023 2149 vitia

437 2164 578 2227 haec
622 2168 961 2245 extinguit,
1004 2177 1068 2229 et
1111 2166 1393 2230 medium
1442 2170 1610 2231 inter
1655 2179 1998 2249 utrumque
2042 2170 2370 2249 sapienter
2414 2170 2622 2231 docet.

516 2244 672 2318 Q·.ia
720 2258 930 2309 tamen
977 2248 1091 2310 bac
1138 2249 1203 2309 in
1251 2265 1321 2311 re
1367 2247 1618 2312 facilius
1665 2267 1778 2329 per
1847 2266 2198 2327 excessum,
2253 2265 2441 2330 quam
2508 2265 2621 2327 per
2685 2245 3017 2308 detectum

435 2324 503 2386 in
548 2326 1063 2390 adolescentibus
1107 2330 1464 2406 praesertim
1524 2339 1845 2410 peccatur,
1911 2332 2030 2393 tria
2097 2331 2335 2393 iccirco
2399 2330 2629 2394 iisdem
2737 2332 3017 2404 raecepta

434 2404 634 2468 tradit
662 2424 710 2469 s.
737 2407 1047 2471 Thomas:
1078 2408 1244 2487 -1)
1271 2425 1357 2478 ne
1387 2409 1628 2472 cultum
1674 2409 2045 2474 nitidiorem
2089 2411 2413 2480 affectent,
2457 2424 2645 2488 quam
2719 2415 2859 2469 erat
2888 2413 3019 2468 sta·

433 2491 535 2548 tus
578 2495 642 2548 et
684 2486 1016 2565 dignitatis
1062 2489 1384 2564 condit103
1421 2524 1498 2534 —-
1539 2490 1606 2569 2)
1654 2507 1732 2553 ne
1776 2492 2126 2584 exquisitas
2170 2499 2235 2553 et
2268 2491 2694 2553 effoeminatas
2730 2489 2801 2549 in
2836 2484 3025 2548 cultu

432 2563 699 2629 delicias
743 2577 1110 2644 sectentur3
1140 2602 1217 2613 —
1246 2568 1312 2649 3)
1356 2586 1437 2633 ne
1482 2571 1787 2651 temporis
1834 2572 2102 2634 nimium
2146 2586 2219 2633 ac
2263 2570 2618 2650 diligentiae
2654 2569 2722 2629 in
2761 2565 2826 2629 id
2864 2580 3024 2627 con·

433 2643 671 2723 ferant,
708 2648 873 2726 quod
921 2649 995 2711 ad
1045 2650 1330 2729 corporis
1374 2650 1613 2714 cultum
1661 2654 1974 2730 pertinet:
2030 2651 2247 2714 Vorrei
2288 2651 2398 2713 cite
2442 2650 2496 2711 te
2525 2663 2786 2729 persone
2814 2645 3032 2710 diocte

432 2725 667 2805 fos-sero
712 2729 766 2791 le
802 2730 920 2807 pist
959 2730 1161 2809 pulice
1204 2748 1234 2792 e
1279 2729 1332 2792 le
1373 2747 1546 2794 meno
1586 2730 1951 2808 ambiziose,
1999 2733 2090 2795 ait
2131 2730 2413 2796 Salesius
2459 2728 2509 2791 ⁸.

507 2806 720 2868 805.
765 2807 831 2882 Q.
874 2810 930 2872 6.
978 2809 1138 2884 Quid
1180 2812 1449 2874 castitas
1491 2818 1554 2874 et
1594 2813 1979 2892 quotuplex?

513 2883 581 2949 R.
626 2886 939 2964 Castitas,
1007 2907 1148 2971 quae
1212 2907 1555 2954 veneream
1626 2892 2120 2956 delectationem
2168 2897 2524 2970 temperat,
2594 2886 2829 2966 triplex
2872 2893 3023 2948 est:

433 2969 625 3050 conju
671 2969 818 3045 atis,
859 2970 1134 3033 viduatis
1177 2982 1242 3034 et
1283 2973 1626 3052 virginatis
1668 2972 1716 3034 ⁴.
1766 2971 1976 3037 Prima
2019 2972 2301 3035 abstinet
2343 2987 2377 3035 a
2404 2967 2841 3048 voluptatibus
2874 2982 3027 3028 car·

430 3050 534 3110 nis
579 3049 622 3110 il
657 3051 851 3120 icitis,
890 3059 958 3112 et
1001 3053 1202 3116 utitur
1244 3054 1574 3116 moderate
1620 3053 1814 3116 licitis
1860 3055 1925 3115 in
1972 3052 2400 3114 matrimonio.
2433 3050 2577 3112 Haec
2610 3057 2708 3111 est
2738 3046 2820 3111 de
2902 3061 3035 3110 1·ae-

432 3136 614 3207 cepto
657 3145 690 3192 a
735 3131 1115 3210 conjugibus
1157 3133 1502 3198 servanda:
1539 3131 1752 3197 Omnis
1794 3140 2003 3196 autem
2042 3132 2399 3211 fornicator
2439 3137 2556 3192 aut
2596 3131 2834 3191 immun
2881 3143 3027 3188 as...

430 3222 555 3271 non
596 3208 783 3273 habet
823 3210 1248 3276 haereditatem
1290 3214 1359 3275 in
1401 3214 1608 3294 Reqno
1658 3212 1904 3277 Christi
1943 3219 2007 3276 et
2045 3213 2176 3287 Dei,
2234 3213 2325 3275 ait
2392 3209 2725 3289 Apostolus
2790 3205 2842 3270 ὗ.
2903 3203 3021 3270 Se·

432 3290 640 3352 cunda
687 3301 832 3369 post
874 3293 1152 3355 solutum
1196 3294 1678 3358 matrimonium
1722 3294 2004 3359 abstinet
2047 3295 2112 3355 in
2139 3303 2467 3373 posterum
2496 3291 2577 3353 ab
2607 3289 2782 3352 omni
2820 3288 3029 3378 etiam

431 3367 609 3433 licita
655 3370 1012 3453 voluptate:
1057 3382 1154 3437 est
1196 3372 1276 3435 de
1321 3375 1591 3437 consilio
1639 3391 1720 3438 ex
1761 3376 1988 3437 eodem
2035 3373 2337 3454 Apostolo
2381 3371 2443 3447 ⁶3
2485 3386 2636 3433 nam
2678 3369 2892 3432 adhuc
2938 3367 3021 3459 ¹!’

432 3447 656 3512 berum
700 3459 797 3512 est
841 3468 1075 3514 novum
1122 3455 1290 3516 inire
1334 3457 1835 3518 matrimonium.
1880 3455 2093 3517 Tertia
2140 3455 2216 3515 ab
2262 3452 2560 3514 omnibus
2621 3459 2749 3513 tam
2818 3447 3033 3510 licitis

431 3543 621 3609 quam
667 3529 911 3594 illicitis
955 3535 1251 3596 venereis
1307 3533 1842 3598 delectationibus
1906 3546 2215 3614 perpetuo
2279 3531 2603 3607 abstinet,
2665 3529 3029 3608 carnisque

428 3611 868 3689 integritatem
912 3628 1164 3694 semper
1208 3623 1440 3677 servat.
1484 3615 1602 3688 Qui
1653 3625 1998 3695 peccarunt
2055 3621 2271 3698 mente
2335 3622 2560 3674 contra
2620 3612 3023 3700 castitatem,

428 3689 871 3770 virginitatem
957 3710 1026 3756 er
1073 3696 1523 3772 poenttentiam
1569 3705 1952 3773 recuperant
1970 3714 1989 3770 ;
2054 3710 2181 3756 non
2222 3703 2434 3756 tamen
2480 3691 2588 3772 qui
2635 3691 2852 3753 carnis
2915 3703 3021 3751 m·

431 3772 798 3850 tegritatem
833 3788 911 3835 cu
941 3773 1240 3854 pabiliter
1276 3775 1360 3855 (v-
1394 3790 1452 3854 g.
1485 3791 1598 3855 per
1628 3774 2146 3850 fornicationem,
2186 3774 2289 3837 vel
2323 3772 2745 3854 pollutionem
2784 3768 3017 3833 volun·

489 3975 512 4018 ¹
544 3977 734 4028 Mirum
763 3978 817 4028 in
855 3979 1071 4029 modum
1107 3978 1174 4029 ad
1211 3977 1623 4030 inflammandos
1657 3979 2054 4032 adolescentum
2092 3979 2302 4030 animos
2334 3977 2391 4028 in
2441 3975 2788 4029 scientiarum
2837 3974 3033 4028 studia

426 4036 666 4114 loquitur
696 4053 738 4092 s.
776 4042 974 4114 pagina
1007 4041 1307 4116 (Eccl.·v·1):
1338 4043 1415 4115 titi
1448 4056 1484 4092 a
1502 4043 1775 4117 ,inventute
1809 4048 1900 4093 tua
1929 4044 2105 4104 excipe
2137 4041 2448 4100 doctrinam,
2485 4043 2535 4091 et
2568 4052 2725 4113 iisqne
2760 4037 2831 4090 ad
2862 4049 3029 4092 canos

422 4107 1280 4239 ἐεέῗιξῗέἐξξρόἳξέῖέἵέηᾳιέἐῗΐέῧ
1297 4108 1617 4230 ttptatttt
1645 4106 2106 4239 ἓξἽξξέξέηξξέῖξ
2123 4104 2203 4215 ἐξὲξ
2233 4098 3024 4239 ἐιέῗρἐέἐέῗέ”ἐῗ,ἐέἐόἷιοῖἐί“ἐί

427 4221 610 4280 batur:
644 4233 872 4278 senectus
901 4240 1097 4290 eorum,
1129 4241 1218 4292 qut
1248 4228 1643 4281 adolescentiam
1679 4241 1829 4280 suam
1858 4229 2079 4280 honestis
2110 4228 2308 4280 artibus
2341 4230 2724 4280 instruxerunt.
2759 4227 2808 4274 et
2828 4236 2884 4275 tn
2912 4225 3033 4284 tene

426 4285 635 4339 Domini
666 4290 897 4341 meditati
926 4294 1064 4351 sant,
1098 4293 1247 4342 oetate
1276 4290 1337 4353 tit
1368 4292 1591 4355 doctior,
1621 4304 1721 4343 asu
1750 4294 1945 4352 tritior,
1980 4302 2221 4354 processu
2255 4291 2500 4352 temporis
2528 4290 2815 4352 sapientior
2849 4289 2909 4338 et
2936 4298 3022 4337 oo·

425 4350 597 4398 terum
626 4354 915 4404 studiorum
947 4355 1265 4405 dulcissimos
1294 4353 1498 4416 fructus
1523 4357 1687 4406 metit.

489 4409 515 4449 ²
546 4413 590 4462 A
658 4426 793 4464 raeco
825 4425 889 4463 eu
920 4413 1073 4475 bene,
1109 4419 1159 4468 et
1191 4416 1335 4478 crepo
1365 4428 1423 4468 se
1455 4420 1677 4478 vertere,
1716 4428 1783 4467 ex
1812 4416 1952 4467 raclii
1989 4426 2180 4479 nempe
2210 4417 2262 4468 et
2293 4412 2524 4476 eleganti
2558 4411 2825 4465 sermonis
2859 4408 3029 4473 copta

374 4485 381 4492 ·
421 4470 484 4524 et
510 4423 855 4548 flegffiititate.
894 4477 1020 4528 Vide
1053 4477 1217 4542 stapt,
1251 4478 1278 4541 5
1307 4479 1420 4530 3¹3.
1448 4504 1514 4516 -—
1546 4480 1588 4530 R
1694 4478 1756 4530 1ae
1786 4476 2217 4552 servandae-vide
2242 4478 2309 4528 de
2342 4476 2480 4528 tudo.

489 4534 512 4575 ⁸
543 4533 766 4599 Fttotsa,
799 4551 847 4601 p.
880 4540 954 4601 3⁸,
988 4552 1032 4590 c.
1067 4542 1147 4600 25,
1182 4542 1245 4592 28
1276 4551 1385 4591 ecc.
1421 4566 1483 4578 —
1521 4542 1575 4591 V.
1655 4541 1985 4602 astelvetero,
2019 4541 2297 4593 Direttorio
2332 4549 2462 4599 ecc„
2497 4548 2544 4589 c.
2580 4548 2651 4598 tv,
2686 4548 2739 4600 p.
2775 4537 2855 4587 ss.

488 4589 512 4637 ⁴
546 4599 704 4650 Plura
736 4601 797 4650 de
828 4605 1061 4653 castitate
1095 4601 1258 4665 Stapt',
1375 4605 1470 4654 299
1500 4602 1553 4655 et
1583 4614 1732 4668 seqq.
2420 4600 2443 4639 ³
2476 4600 2610 4664 pr.
2645 4610 2696 4650 v.
2757 4663 2763 4669 ι

483 4660 511 4701 ⁸
544 4672 603 4723 ιι,
636 4661 756 4713 cor.
788 4672 879 4713 vn.
910 4688 973 4702 —-
1013 4665 1068 4714 V.
1104 4663 1271 4724 Sales,
1352 4666 1525 4726 itotea,
1559 4675 1608 4715 c.
1641 4676 1744 4717 xa:
1780 4666 1950 4716 Avoisi
1977 4676 2074 4727 per
2109 4666 2156 4716 te
2188 4663 2393 4716 oedooe.
