3292 5167
1005 231 1083 277 na
1130 232 1564 280 ausura-rioms
1611 235 1674 280 m
1722 234 1960 281 caunas
2678 212 2807 278 465

211 334 516 412 tueantur,
544 350 619 400 ac
653 351 772 419 per
803 352 875 403 se
908 333 1245 420 loquendo
1280 336 1359 404 ad
1392 356 1579 407 suam
1616 337 2076 406 tantummodo
2115 344 2366 423 partem
2402 337 2805 422 obligentur,

203 440 367 525 quia
434 447 666 508 neutra
729 448 830 509 est
893 442 1163 510 alterius
1227 443 1764 514 instrumentum.
1829 445 1988 513 Aliis
2057 452 2273 513 tamen
2325 445 2808 525 deficientibuS,

211 546 401 616 valde
451 548 889 635 probabiliter
932 567 1357 638 unaquaeque
1406 572 1601 622 causa
1642 552 1939 639 negativa
1975 558 2242 621 tenetur
2273 553 2351 619 ad
2386 560 2624 636 totum,
2661 570 2812 621 cum

217 671 446 723 revera
496 674 916 742 unaquaeque
965 664 1182 725 totum
1229 658 1886 730 damnum'avertere
1935 660 2304 728 tenebatur.
2399 716 2412 729 .

299 796 427 861 Hoc
474 808 684 861 autem
730 800 1077 863 maximum
1123 809 1221 863 est
1264 802 1611 866 discrimen
1662 805 1834 866 inter
1879 812 2103 867 causas
2152 810 2283 864 tum
2331 802 2638 880 positivas
2675 808 2810 862 tum

221 881 592 957 negativas:
662 879 725 960 l)
789 879 954 957 quod
1011 897 1223 953 causa,
1267 900 1408 962 quae
1452 888 1662 962 primo
1709 884 1848 947 loco
1893 894 2177 959 tenetur,
2224 898 2480 962 semper
2516 889 2814 944 teneatur

218 962 586 1035 restituere,
627 959 781 1023 licet
826 961 971 1024 aliae
1013 977 1223 1025 causae
1268 963 1707 1027 subordinatas
1752 965 2203 1038 restituerint,
2255 962 2319 1023 id
2365 975 2463 1025 est
2533 961 2816 1024 solutum

219 1041 288 1101 in
334 1043 488 1102 istas
533 1039 984 1103 refundendo:
1032 1058 1177 1104 nam
1225 1045 1356 1122 ipsa
1403 1056 1498 1108 est
1543 1060 1729 1107 causa
1801 1048 2022 1125 prima.
2086 1042 2331 1106 Ceterae
2398 1052 2614 1106 autem
2681 1055 2815 1102 non

219 1129 549 1196 tenentur,
593 1122 716 1184 nisi
762 1120 1019 1201 quando
1067 1133 1238 1185 recte
1285 1136 1703 1203 praesumunt,
1751 1131 1987 1205 primas
2033 1139 2252 1189 causas
2298 1122 2402 1187 vel
2452 1139 2575 1184 non
2627 1136 2815 1201 posse

218 1201 321 1262 vel
369 1202 542 1264 nolle
588 1206 902 1264 resarcire
946 1202 1294 1279 damnum3
1336 1238 1410 1251 -
1454 1206 1522 1285 2)
1567 1208 1616 1267 si
1667 1206 1971 1269 damnum
2018 1220 2240 1284 passus
2273 1204 2430 1267 illud
2470 1200 2815 1283 principali

217 1281 690 1345 damnificatori
738 1283 1221 1360 condonaverit,
1264 1293 1497 1349 ceterae
1543 1303 1751 1350 causae
1798 1288 2183 1360 liberantur,
2248 1285 2395 1364 quia
2445 1281 2815 1364 principale

217 1360 444 1425 deficit
486 1379 627 1426 cum
674 1365 1047 1426 accessorio.
1092 1362 1287 1428 Secus
1319 1369 1373 1427 si
1405 1366 1793 1431 condonatio
1826 1369 1940 1430 flat
1977 1370 2189 1429 minus
2222 1364 2612 1445 principali,
2663 1373 2819 1426 tunc

224 1443 331 1506 bic
377 1444 777 1506 solummodo
824 1444 1157 1508 liberatur.
2716 1448 2721 1457 ‘

310 1578 519 1643 88⁴1·
573 1585 644 1662 Q.
695 1584 756 1649 6.
809 1584 940 1664 Quo
986 1595 1257 1668 tempore
1299 1583 1588 1668 facienda
1636 1596 1723 1651 est
1770 1585 2125 1650 restitutio?

310 1692 394 1758 R..
435 1690 501 1756 Si
554 1690 891 1757 restitutio
946 1708 1064 1757 seu
1116 1690 1338 1775 potius
1387 1689 1633 1758 solutio
1685 1689 1977 1757 facienda
2019 1697 2119 1758 est
2155 1707 2235 1757 ex
2269 1696 2637 1769 contractu,
2674 1687 2803 1754 fier

221 1796 428 1866 debet
479 1778 559 1867 eo
609 1806 930 1882 tempore,
982 1814 1115 1882 quo
1168 1798 1289 1865 fuit
1338 1806 1761 1880 conventum,
1834 1798 2090 1875 etiamsi
2157 1814 2300 1865 eam
2351 1797 2643 1865 creditor
2692 1813 2821 1864 non

229 1911 443 1990 petat3
493 1907 646 1990 quia
691 1905 820 1971 dies
863 1906 1215 1991 interpellat
1257 1924 1374 1991 pro
1422 1906 1712 1991 homine,
1762 1906 1857 1973 uti
1932 1905 2056 1973 lert
2113 1905 2285 1991 ,iuris
2325 1905 2651 1990 adagium.
2694 1902 2817 1972 Ubi

223 2029 382 2081 vero
436 2012 688 2080 nullum
738 2020 1138 2081 conventum
1190 2011 1387 2079 fuerit
1434 2019 1724 2098 tempuS,
1777 2028 1907 2079 non
1958 2020 2188 2099 peccat
2236 2013 2523 2097 graviter
2570 2011 2678 2096 qui
2723 2028 2822 2087 re-

151 2148 155 2152 ·
223 2120 646 2189 stitutionem
696 2120 913 2188 differt
965 2119 1183 2206 quoad
1233 2128 1510 2204 rogetur
1542 2139 1576 2187 a
1607 2108 1975 2213 'creditore3
2028 2139 2175 2188 nam
2216 2120 2508 2189 creditor
2539 2120 2830 2201 scienter

227 2247 362 2296 non
413 2227 697 2314 petendo
749 2228 1008 2296 videtur
1055 2227 1434 2297 consentire
1498 2227 1818 2310 dilationi,
1872 2235 1936 2296 et
1986 2228 2132 2295 talis
2161 2236 2260 2296 est
2311 2228 2544 2296 usus¹.
2581 2227 2826 2310 Excipe

225 2336 354 2403 nisi
408 2337 494 2404 ob
546 2337 872 2419 timorem,
924 2336 1328 2405 oblivionem
1378 2343 1488 2401 aut
1538 2336 1998 2421 impotentiam
2050 2336 2343 2405 creditor
2390 2337 2651 2403 omittat
2686 2353 2828 2402 mo-

231 2462 392 2512 nere
441 2444 848 2513 debitorem:
899 2446 1057 2512 item
1108 2445 1234 2513 nisi
1283 2443 1544 2513 debitor
1596 2443 1676 2510 ad
1734 2444 2122 2513 solvendum
2172 2464 2244 2512 se
2293 2443 2680 2527 obligaverit
2724 2444 2828 2528 ju-

232 2560 569 2632 ramento;
618 2569 768 2619 nam
811 2552 1264 2637 juramentum
1314 2549 1394 2617 de
1443 2570 1513 2618 se
1554 2549 1803 2634 obligat
1841 2553 2354 2637 quamprimum.
2386 2553 2615 2635 Neque
2648 2549 2828 2616 dicas

231 2658 415 2743 quod
457 2659 908 2751 juramentum
958 2659 1262 2743 sequitur
1333 2665 1632 2725 naturam
1708 2665 2126 2740 contractus;
2198 2657 2828 2747 respondentenim

233 2764 828 2833 Salmanticenses:
871 2765 1326 2851 juramentum
1378 2763 1685 2850 sequitur
1733 2771 2031 2832 naturam
2084 2769 2486 2847 contractuS,
2535 2762 2651 2831 sed
2703 2762 2833 2846 pri·

235 2870 625 2939 mordialem
673 2889 788 2939 seu
841 2877 1026 2939 actus
1076 2869 1616 2940 substantialem:
1678 2888 1880 2955 porro
1945 2870 2126 2957 quod
2174 2870 2239 2938 in
2290 2878 2629 2939 contractu
2683 2886 2829 2937 mo-

234 2978 489 3046 nitione
559 2996 728 3063 opus
790 2978 897 3060 sit,
954 2985 1054 3046 est
1094 2984 1350 3045 tantum
1385 2995 1466 3045 ex
1514 2977 1859 3059 accidenti,
1892 2968 1900 2979 ’
1935 2995 2173 3062 nempe
2207 2994 2287 3043 ex
2326 2975 2830 3057 consuetudine,

234 3104 367 3153 non
420 3091 641 3152 autem
690 3103 770 3153 ex
818 3104 934 3171 se„
1031 3070 1040 3079 ’
1461 3124 1466 3129 -
2149 3134 2163 3165 ,

326 3193 393 3259 Si
446 3210 607 3260 vero
656 3192 997 3260 restitutio
1049 3190 1340 3259 facienda
1390 3190 1474 3258 sit
1509 3208 1587 3257 ex
1623 3188 1751 3257 alio
1802 3190 2016 3272 titulo,
2069 3190 2177 3258 illa
2210 3188 2349 3257 fieri
2384 3190 2582 3257 debet
2615 3188 2836 3257 statim

249 3317 325 3369 ac
372 3299 715 3368 moraliter
761 3307 1016 3386 potest,
1063 3317 1258 3390 secus
1307 3316 1438 3366 non
1491 3297 1851 3364 restituens
1902 3306 2079 3385 esset
2128 3315 2438 3365 morosus
2502 3296 2834 3376 detentor,

235 3412 307 3475 et
351 3407 636 3492 privaret
683 3406 964 3474 alterum
1015 3426 1138 3475 usu
1193 3405 1287 3474 rei
1337 3423 1500 3473 suae.
1553 3402 1742 3485 Quod
1793 3404 1846 3471 si
1899 3415 2184 3490 nequeat
2247 3404 2631 3490 obligationi
2682 3403 2837 3471 huic

235 3534 382 3584 suae
433 3515 812 3584 satisfacere
847 3535 966 3602 pro
1007 3522 1173 3598 tot0,
1215 3523 1480 3584 tenetur
1530 3531 1648 3600 pro
1701 3521 1885 3599 parte
1935 3533 2129 3601 quam
2172 3523 2393 3602 potest
2408 3542 2427 3597 ;
2461 3515 2623 3583 utile
2658 3514 2841 3582 en'im

241 3640 362 3708 per
411 3622 643 3691 inutile
692 3640 823 3691 non
873 3622 1160 3689 vitiatur.
1209 3625 1374 3689 Item
1424 3621 1535 3707 qui
1587 3638 1720 3688 non
1773 3629 1996 3705 potest
2061 3622 2409 3691 commode
2480 3622 2832 3690 restituere

237 3737 488 3814 aperte,
537 3730 841 3797 restituat
889 3729 1175 3809 occulte3
1229 3729 1339 3814 qui
1392 3728 1622 3814 nequit
1674 3746 1791 3814 per
1837 3749 1931 3813 se,
1980 3730 2173 3798 faciat
2223 3750 2339 3818 per
2385 3729 2609 3810 alium,
2644 3747 2701 3794 v.
2756 3744 2815 3810 g.

241 3855 362 3922 per
409 3837 628 3922 ipsum
672 3836 1149 3905 confessarium
1200 3843 1312 3902 aut
1362 3836 1669 3903 amicum.
1718 3839 2021 3905 Attamen
2083 3843 2439 3913 excusatur
2485 3854 2519 3902 a
2568 3832 2828 3902 mortali

239 3943 351 4030 qui
405 3943 622 4013 differt
684 3943 1176 4013 restitutionem
1227 3942 1307 4009 ad
1355 3943 1551 4011 breve
1626 3950 1915 4029 tempuS,
1964 3944 2018 4011 si
2070 3943 2378 4012 dominus
2449 3959 2573 4010 nec
2640 3956 2835 4025 grave

215 4050 555 4119 damnum
612 4051 903 4138 patiatur
949 4068 1069 4120 nec
1118 4050 1401 4136 graviter
1470 4057 1822 4117 censeatur
1891 4051 2170 4119 invitus:
2243 4050 2479 4119 Palaus
2548 4048 2836 4133 spatium

238 4159 327 4226 20
375 4157 632 4255 dierum
682 4165 868 4244 putat
917 4156 1249 4226 ordinarie
1296 4163 1560 4241 tempus
1606 4156 1806 4224 breve
1855 4175 2004 4225 esse
2051 4156 2103 4225 ³.

300 4353 322 4393 ¹
367 4354 423 4402 V.
457 4326 692 4416 'Lignorh
730 4351 819 4415 Op.
857 4354 1016 4412 Mor„
1049 4353 1084 4403 l.
1121 4363 1196 4413 ιιι,
1234 4362 1287 4402 ιι.
1323 4353 1437 4412 676,
1469 4351 1568 4402 etc.
1604 4376 1667 4388 —
1700 4352 1931 4412 pavone,
1967 4352 2247 4415 Spiciteqio,
2293 4352 2318 4415 3
2368 4353 2449 4403 95.
2513 4352 2683 4403 Monet
2730 4352 2840 4403 imo

241 4416 389 4479 Lugo
419 4426 546 4465 cum
578 4415 697 4466 ants
729 4426 836 4466 non
875 4417 1016 4465 illico
1048 4412 1415 4466 damnandum
1448 4412 1514 4464 de
1547 4413 1707 4475 culpa
1738 4414 1884 4474 gravi
1918 4418 2008 4477 qui
2045 4413 2216 4466 differt
2249 4414 2454 4465 solvere
2509 4413 2741 4465 debitum
2776 4427 2845 4466 ex

235 4479 519 4529 contractu
553 4478 670 4528 sine
700 4479 845 4540 gravi
874 4478 1073 4529 damno
1105 4475 1401 4535 creditoris,
1436 4477 1558 4527 licet
1590 4476 1688 4527 iste
1723 4477 1895 4538 petat3
1928 4477 2055 4540 quia
2089 4478 2207 4527 talis
2240 4476 2428 4528 dilatio
2465 4488 2570 4527 non
2624 4479 2838 4529 videtur

242 4543 404 4654 tugen
427 4540 1038 4654 gagbsfflvednldliiilglgffiu
1072 4600 1317 4661 Antoine,
1352 4599 1556 4651 licitum
1588 4611 1706 4652 esse
1734 4598 1962 4651 debitori
2010 4599 2293 4664 anticipale
2314 4600 2517 4654 solvere
2539 4601 2718 4653 debita
2739 4613 2857 4663 sua,

239 4674 287 4728 st
316 4664 579 4718 terminus
609 4664 766 4716 tuerit
797 4666 1084 4729 praefinitus
1120 4665 1173 4715 ln
1208 4664 1323 4725 ejus
1353 4662 1609 4719 favorem.
1647 4666 1705 4714 ut
1738 4665 1791 4715 in
1829 4668 2045 4724 mutu03
2124 4675 2251 4714 nam
2286 4666 2512 4728 quisque
2545 4666 2718 4729 potest
2745 4663 2855 4727 iuri
