3292 5167
1294 189 1371 261 ηε
1421 188 1558 234 rim:
2484 267 2489 272 .
2580 169 2709 236 625

452 418 486 501 g
534 418 613 484 11.
644 454 733 465 —
765 420 855 487 De
897 416 1040 505 fidei
1082 417 1437 484 necessitate
1481 417 1726 484 ratione
1771 429 1949 484 actus
1999 417 2362 499 exterioris,

833 559 906 627 de
949 561 1244 648 symbolis
1288 560 1429 647 fidei
1474 550 1530 627 ἑι
1576 559 1979 627 catechismis,

202 790 410 857 910.
464 793 535 872 Q.
581 794 638 857 l.
686 792 786 859 An
831 803 997 858 eoetet
1039 802 1418 883 praecepcum
1469 791 1651 877 fidem
1698 789 1975 855 easterius
2016 790 2401 876 profitendi?

204 900 277 965 R.
335 898 776 966 Affirmative:
830 898 1063 985 ἀτιμίαι·
1108 900 1412 986 officium,
1467 897 1680 983 inquit
1726 896 2159 981 Augustinus,
2214 917 2255 963 a
2301 897 2475 964 nobis
2519 896 2716 982 exiqit

105 1004 285 1090 fidei,
335 1005 538 1071 cordis
585 1018 639 1071 et
690 1005 922 1091 linyuoe
971 1002 1019 1072 ¹.
1073 1008 1211 1074 Hoc
1262 1012 1362 1073 est
1411 1004 1653 1086 fidem,
1693 1021 1886 1089 quam
1939 1004 2115 1071 intus
2167 1004 2229 1071 in
2280 1002 2482 1073 corde
2534 1010 2713 1071 tene-

109 1129 282 1194 mus,
334 1112 626 1179 exterius
676 1111 875 1179 etiam
929 1111 1224 1197 profiteri
1277 1111 1495 1196 lingna
1546 1110 1866 1178 debemus
1929 1111 2111 1196 juxta
2165 1110 2326 1177 illud
2372 1108 2708 1195 Apostoli:

105 1218 375 1286 corde...
425 1219 702 1286 creditur
744 1218 829 1286 ad
878 1220 1236 1305 justitiam,
1289 1238 1393 1286 ore
1446 1229 1656 1285 nutem
1712 1208 1783 1303 'fit
1848 1219 2148 1302 confessio
2203 1216 2287 1285 nd
2329 1217 2593 1285 salutem
2633 1223 2707 1299 ²;

107 1327 366 1395 etenim
421 1326 639 1395 honor
685 1328 823 1395 Deo
876 1327 1138 1396 debitus
1190 1326 1420 1412 exigit,
1472 1332 1544 1393 ut
1595 1326 1651 1393 ei
1704 1325 2160 1394 adhaereamus
2208 1325 2445 1413 spiritu
2495 1332 2560 1393 et
2608 1342 2713 1393 ve-

106 1433 325 1502 ritate.
363 1438 499 1502 Hoc
536 1443 965 1520 praeceptum,
1007 1441 1330 1520 quatenus
1366 1432 1830 1522 affirmativum,
1872 1432 2174 1519 praecipit
2215 1432 2706 1502 confessionem

105 1548 450 1609 externam
503 1558 624 1626 pro
679 1548 981 1626 tempore
1038 1540 1518 1621 determinat03
1588 1545 1918 1625 quatenus
1983 1541 2342 1625 nepotivum
2404 1539 2710 1625 prohibet
2758 1622 2767 1633 .

101 1647 288 1715 omni
347 1654 649 1732 tempore
700 1649 1119 1733 negationem
1171 1647 1364 1728 fidei,
1417 1647 1613 1716 etiam
1665 1664 1844 1715 mere
1895 1651 2252 1715 externam.

197 1754 532 1840 obligatio
585 1756 783 1823 fidem
835 1755 1128 1824 exterius
1181 1753 1529 1841 profitendi
1596 1751 1950 1839 aliquando
2002 1753 2172 1838 viget
2225 1756 2381 1821 Jure
2431 1754 2707 1821 naturali

101 1858 332 1927 divino
359 1887 376 1941 3
426 1859 779 1946 aliqnando
825 1863 984 1929 Jure
1031 1859 1503 1942 ecclesiasticO,
1539 1866 1603 1926 et
1639 1858 1908 1944 quidem
1946 1858 2046 1926 vel
2077 1858 2363 1943 generali
2409 1877 2528 1946 pro
2566 1867 2707 1927 toto
2818 1898 2831 1923 ,

103 1968 274 2036 orbe
323 1968 670 2051 catholico,
723 1968 820 2036 vel
875 1966 1249 2055 particulari
1303 1984 1422 2052 pro
1474 1965 1768 2051 qualibet
1821 1965 2127 2033 Dioeeesi.

290 2084 342 2144 1.
391 2078 544 2141 Iure
592 2075 875 2141 naturali
920 2074 1132 2141 divino
1180 2072 1351 2158 viget
1402 2071 1718 2157 obligatio
1758 2070 1954 2139 fidem
1997 2069 2288 2138 exterius
2331 2068 2704 2155 profitendi,

106 2189 175 2247 ut
225 2199 464 2249 omnes
514 2180 760 2249 docent
809 2199 961 2249 cum
1009 2179 1069 2247 d.
1122 2180 1389 2261 Thoma‚
1437 2178 1687 2265 quando
1727 2198 1847 2265 per
1889 2178 2282 2245 omissionem
2335 2179 2521 2265 hujus
2568 2198 2710 2245 con-

100 2288 402 2372 fessionis
468 2289 970 2355 substraheretur
1009 2288 1206 2354 honor
1257 2291 1377 2355 Deo
1424 2287 1698 2367 debitus,
1761 2298 1818 2353 et
1883 2288 2070 2353 etiam
2114 2286 2354 2353 utilitas
2394 2287 2710 2372 prooeimis

103 2395 519 2482 impendenda
566 2396 615 2456 ³.
669 2394 856 2463 Ratio
908 2393 1058 2479 quia
1131 2399 1315 2461 actus
1381 2392 1638 2481 virtutis
1685 2394 1843 2460 Jure
1911 2391 2189 2460 naturali
2263 2391 2480 2459 divino
2552 2399 2708 2460 tuno

103 2503 515 2590 praecipitur,
554 2502 814 2590 quando
850 2501 1263 2570 necessarius
1323 2507 1422 2568 est
1461 2499 1537 2566 ad
1593 2506 1995 2586 praeceptum
2034 2498 2248 2585 ipsum
2280 2499 2704 2568 servandum:

106 2609 288 2696 atqui
333 2602 429 2679 ‘ita
499 2612 703 2679 currit
772 2611 834 2678 in
907 2608 1153 2697 duplici
1204 2626 1357 2677 casu
1419 2609 1787 2693 proposito.
1842 2610 1936 2676 De
1990 2608 2205 2693 primo
2272 2607 2553 2675 dieitur:
2601 2609 2709 2694 qui

104 2739 198 2784 me
244 2717 560 2784 erubuerit
605 2730 659 2784 et
707 2736 870 2784 meos
899 2736 1228 2800 sermones,
1279 2719 1441 2782 hunc
1485 2715 1696 2782 Filius
1743 2715 2016 2782 hominis
2070 2715 2416 2792 erubescet;
2463 2714 2543 2783 de
2606 2733 2706 2783 se-

106 2826 344 2894 cundo
379 2824 659 2910 legitur:
715 2828 1011 2894 Debemus
1053 2844 1170 2912 pro
1229 2825 1533 2910 fratribus
1590 2823 1840 2890 animas
1880 2841 2109 2910 ponere
2160 2822 2210 2889 ⁴.
2262 2822 2438 2889 Dixit
2486 2828 2707 2890 autem

105 2933 459 3019 Angelieus
503 2934 741 3000 utilitas
765 2933 1085 3021 proximis
1119 2932 1276 3027 (non
1317 2930 1644 3016 proximo)
1685 2928 2115 3018 impendenda,
2155 2934 2225 2996 ut
2264 2929 2705 3015 intelligamus

111 3060 230 3109 nos
283 3060 418 3109 non
467 3042 674 3109 teneri
728 3059 846 3127 pro
899 3058 1029 3107 uno
1080 3046 1191 3106 ant
1239 3038 1446 3107 altero
1499 3038 1559 3104 in
1612 3037 1740 3105 fide
1811 3036 2263 3105 confirmando
2332 3037 2531 3104 vitam
2581 3038 2703 3105 no-

108 3157 313 3217 stram
366 3149 660 3235 periculo
709 3166 1076 3234 exponere3
1119 3164 1268 3213 nam
1318 3145 1598 3213 charitas
1635 3164 1756 3213 nos
1794 3163 1923 3213 non
1963 3152 2154 3229 urget
2203 3143 2282 3211 ad
2342 3144 2707 3230 impedien-
2795 3130 2801 3139 ’

114 3255 266 3323 dum
326 3256 595 3324 alterins
646 3262 1035 3343 peccatum,
1104 3255 1299 3321 vitam
1367 3259 1661 3321 nostram
1725 3252 2145 3339 profundere.
2211 3250 2341 3320 Sed
2404 3260 2709 3322 tenemur

111 3370 369 3430 tantum
419 3363 683 3450 quando
735 3363 1104 3448 perieulum
1157 3370 1276 3445 est,
1330 3378 1410 3428 ne
1460 3359 1600 3446 ipsa
1651 3360 2007 3426 multitudo
2059 3378 2091 3425 a
2146 3359 2271 3427 fide
2324 3360 2604 3444 deficiat,
2642 3369 2706 3430 et

109 3490 229 3542 nos
280 3480 464 3541 certo
515 3473 843 3541 valeamus
893 3471 1239 3558 impedire.
1798 3473 1807 3481 '
2734 3480 2739 3483 ·

296 3582 359 3645 2.
407 3583 560 3647 Jure
624 3580 1028 3647 ecclesiastico
1099 3576 1384 3663 generali
1451 3583 1697 3664 praeter
1762 3576 2192 3662 baptizandos
2242 3577 2380 3663 (qui
2454 3578 2707 3647 scilieet

110 3693 428 3755 tenentur
476 3688 573 3755 vel
626 3706 749 3773 per
794 3705 887 3768 se,
938 3687 990 3753 si
1043 3685 1282 3767 adulti3
1336 3684 1432 3751 vel
1483 3702 1602 3771 per
1651 3683 1969 3768 patrinOS,
2023 3685 2076 3752 si
2130 3684 2461 3771 infantes),
2510 3685 2707 3754 fidem

116 3795 412 3864 exterius
464 3793 758 3881 profiteri
807 3810 1090 3863 unacum
1133 3792 1512 3880 juramento
1563 3791 1958 3860 obedientiae
1995 3810 2146 3879 erga
2184 3794 2709 3863 Ecclesiam-Bo-

113 3918 373 3967 manam
427 3906 753 3984 tenentur,
806 3919 922 3987 per
967 3919 1039 3969 se
1089 3899 1292 3985 ipsos,
1347 3916 1478 3966 non
1531 3917 1646 3983 per
1697 3906 2203 3984 procuratorem
2241 3898 2304 3966 ⁸:
2338 3938 2424 3948 —-
2455 3901 2518 3985 1)
2558 3919 2709 3986 pro-

113 4007 232 4075 visi
281 3994 369 4076 'de
402 4007 735 4076 Beneficio
784 4015 1056 4091 curato,
1108 4007 1275 4075 intra
1324 4005 1493 4074 duos
1541 4023 1807 4105 menses
1859 4023 1893 4072 a
1943 4005 2049 4074 die
2090 4006 2533 4092 possessionis
2599 4025 2705 4075 co-

178 4211 190 4238 ·
231 4207 299 4256 De
328 4205 426 4269 fide
453 4210 504 4256 et
533 4217 686 4268 sym„
715 4216 761 4257 c,
798 4216 833 4255 ι.

172 4269 198 4307 2
227 4269 378 4320 Rom.
416 4280 475 4318 x.
514 4293 568 4305 -
610 4269 665 4317 V.
700 4266 934 4329 Lignori,
970 4266 1106 4329 opus
1132 4265 1287 4324 Mor„
1321 4264 1355 4315 1.
1393 4276 1450 4324 ιι,
1488 4277 1541 4315 ιι.
1577 4265 1629 4313 ὅ.

174 4332 196 4370 ⁸
231 4334 279 4388 Ξ,
312 4335 359 4395 2,
401 4343 451 4394 q.
483 4331 532 4387 3,
568 4341 614 4380 a.
645 4332 694 4381 2.
729 4355 791 4367 -
832 4329 885 4378 V.
926 4328 1122 4389 Alasia,
1158 4329 1230 4378 De
1261 4327 1375 4391 fide.
1410 4352 1474 4364 —
1509 4326 1781 4388 Ferraris;
1817 4326 1882 4376 V.
1916 4327 2058 4377 Fidei
2085 4324 2361 4389 professio.

172 4392 195 4431 ⁴
232 4393 358 4443 Luc.
392 4403 478 4452 ¹13
513 4392 564 4443 et
593 4393 790 4443 Joann.
827 4403 902 4441 ιιι.
936 4391 1068 4442 Hinc
1099 4391 1393 4441 catholicus
1428 4387 1617 4440 videns
1652 4386 2064 4448 Eucharisttam,
2100 4388 2182 4439 vel
2214 4399 2414 4451 „sacras
2443 4388 2702 4452 imagines

113 4455 380 4506 contemni
418 4455 673 4506 obsistere
705 4453 879 4513 debet,
912 4453 957 4503 si
991 4452 1165 4503 valeat
1199 4453 1301 4503 hoo
1334 4450 1623 4514 impedire:
1660 4451 1739 4500 est
1772 4451 1837 4500 «le
1874 4451 2070 4501 nonore
2104 4451 2219 4501 Dei.
2258 4449 2381 4510 ·Qui
2434 4461 2561 4502 vero
2606 4452 2702 4503 ali-

113 4515 408 4631 qgidwaffit,
442 4514 583 4628 undio
617 4516 705 4589 alii
741 4515 1031 4579 conjiciant
1063 4514 1238 4579 ipsum
1273 4524 1492 4576 negasse
1529 4511 1707 4570 tidem,
1743 4513 1951 4565 tenetur
1981 4524 2012 4563 a
2044 4512 2183 4564 tacto
2218 4511 2496 4565 desistere:
2532 4515 2615 4566 est
2636 4513 2702 4565 de
2732 4529 2737 4535 ·

115 4590 140 4628 c
181 4589 257 4629 ari
289 4589 320 4628 a
342 4592 372 4629 e
443 4590 541 4629 rox
567 4590 657 4629 mn.

177 4640 200 4680 Β
247 4643 298 4691 V.
336 4592 650 4692 Begedictus
682 4641 817 4702 xlv,
851 4639 1208 4702 Notificatione
1242 4650 1328 4689 Lx.
1358 4637 1577 4691 Constat
1608 4648 1680 4689 ex
1713 4636 2069 4691 declaratione
2102 4636 2155 4690 S.
2190 4638 2246 4690 C.
2277 4637 2518 4689 concilii.
