3292 5167
1250 285 1256 290 ’
1280 309 1733 360 numerarium-:s
2659 292 2787 359 759

187 411 406 493 parcis
445 411 687 492 populo,
728 428 821 474 me
863 427 993 476 una
1034 429 1174 475 cum
1217 414 1348 494 ipso
1391 411 1711 493 interfice,-
1753 411 1820 498 3)
1868 412 1919 476 si
1969 409 2416 491 intelligantur
2473 410 2551 474 de
2619 411 2786 477 libro

238 494 819 568 raedestinatorum,
859 495 984 556 erit
1027 509 1280 556 sensus:
1326 503 1444 557 autv
1484 495 1614 558 dele
1659 507 1749 555 me
1790 493 1862 554 de
1909 487 2070 556 libro
2106 502 2228 564 tuo,
2265 501 2381 557 aut
2413 492 2664 555 dimitte
2693 496 2783 576 cis

234 581 354 637 ane
399 590 667 644 noxam;
711 579 926 635 certus
969 573 1143 636 enim
1188 583 1327 637 erat
1370 576 1549 655 quod,
1588 574 1754 636 Deus
1801 588 1925 635 non
1973 583 2144 635 esset
2188 572 2366 636 illum
2414 571 2784 648 deleturus;

188 669 346 733 ergo
390 653 673 716 restabat
718 662 785 715 ut
829 652 993 715 Deus
1040 653 1252 732 populi
1302 666 1629 734 peccatum
1675 654 2048 718 dimitteret.
2096 653 2274 716 Unde
2324 654 2518 715 verba
2558 652 2671 714 illa
2706 671 2785 717 ex

186 750 433 798 summa
479 733 707 797 fiducia
753 733 833 795 de
879 734 987 797 Dei
1034 749 1183 812 erga
1235 737 1439 813 ipsum
1484 750 1706 798 amore
1752 731 2200 812 procedebant.
2244 733 2379 808 Quo
2417 734 2552 795 fere
2589 751 2788 798 sensu
2829 805 2840 820 ⁸

189 814 600 894 explicantur
645 813 835 876 verba
882 832 935 877 s,
974 813 1229 891 Ignatii,
1269 841 1292 871 ι
1330 818 1517 895 quisi
1549 818 1722 894 optio
1760 812 2027 876 daretur
2063 812 2441 893 (aliqnando
2489 814 2789 890 dicebat),

187 895 416 958 mallet
458 911 526 957 se
572 893 986 957 beatitudinis
1033 895 1346 957 incertum
1393 901 1612 958 vivere
1660 903 1724 956 et
1774 895 2038 958 interim
2088 893 2222 955 Deo
2261 896 2509 956 servire
2557 905 2621 957 et
2651 911 2789 975 pro·

186 976 509 1037 ximorum
554 973 763 1049 saluti,
807 991 993 1054 quam
1040 985 1285 1039 certum
1330 976 1619 1053 ejusdem
1665 976 1896 1053 gloriae
1940 974 2160 1038 statim
2203 976 2385 1036 mori.
2429 999 2451 1027 ι

269 1054 444 1128 Quod
489 1057 721 1118 attinet
750 1054 835 1116 ‚ad
886 1054 1079 1117 verba
1124 1057 1429 1131 Apostoli,
1473 1057 1538 1119 in
1592 1056 1816 1134 primis
1861 1057 2056 1117 etiam
2100 1056 2301 1135 accipi
2354 1061 2628 1133 possunt
2669 1054 2783 1133 hy-

185 1134 531 1215 perbolice.
577 1134 691 1197 Vel
732 1135 912 1214 juxta
959 1135 1118 1198 alios
1161 1134 1500 1213 Apostolus
1544 1144 1722 1214 optat
1768 1152 1880 1215 pro
1927 1135 2196 1199 fratrum
2242 1135 2452 1197 salute
2520 1133 2781 1198 anathe-

187 1217 507 1292 matizari,
553 1215 613 1276 id
661 1226 758 1278 est
801 1214 875 1277 ad
925 1217 1128 1278 instar
1172 1217 1449 1278 victimae
1494 1218 1880 1295 expiationis
1924 1218 2308 1294 gravissima
2371 1230 2642 1294 qumque
2707 1231 2786 1277 ac

189 1306 466 1358 mortem
509 1295 984 1357 acerbissimam
1034 1296 1193 1374 pati:
1239 1298 1329 1356 sic
1375 1298 1437 1358 in
1486 1296 1809 1374 Scriptura
1857 1295 2241 1376 quandoque
2293 1295 2604 1374 accipitur
2667 1311 2790 1357 vox

191 1376 549 1440 anathema.
591 1375 707 1438 Vel
753 1392 979 1440 sensus
1022 1392 1159 1437 esse
1208 1383 1435 1453 potest,
1480 1385 1548 1439 ut
1589 1377 1821 1440 Paulus
1868 1393 1996 1438 non
2055 1378 2188 1456 jam
2267 1377 2606 1456 optaverit,
2675 1375 2786 1438 sed

190 1466 475 1535 optasset
518 1458 585 1518 in
630 1465 944 1519 aeternum
984 1466 1343 1534 separatum
1390 1473 1529 1519 esse
1574 1472 1608 1520 a
1653 1457 1929 1533 Christo,
1972 1459 2025 1519 si
2082 1456 2149 1520 id
2186 1459 2327 1519 sine
2360 1466 2617 1535 peccato
2648 1457 2789 1519 fieri

189 1547 427 1615 posset,
472 1538 870 1616 potiusquam
920 1535 1139 1598 videre
1182 1537 1347 1619 quod
1395 1537 1559 1600 Deus
1602 1554 1636 1599 a
1678 1538 1909 1617 judaeis
1957 1537 2328 1599 infidelibus
2384 1535 2788 1616 blaspheme·

192 1623 333 1679 tur:
378 1620 595 1697 sicque
638 1632 919 1679 amorem
959 1625 1018 1678 et
1065 1615 1336 1696 gloriam
1382 1617 1633 1679 Domini
1681 1618 1964 1699 praetulit
2007 1619 2125 1680 sibi
2176 1619 2313 1697 ipsi.
2360 1618 2544 1681 Dana.

1247 1854 1368 1935 (0)
1410 1857 1563 1940 Pap.
1606 1858 1744 1922 687.

279 2076 534 2138 Ιθιίῦ.
578 2076 844 2139 Dilectio
887 2078 1251 2152 amicorum,
1285 2077 1624 2141 secundum
1670 2095 1731 2140 se
1782 2077 2200 2154 considerata,
2225 2085 2320 2139 est
2344 2076 2688 2157 ferventior
2729 2085 2793 2140 et

189 2157 432 2231 melior,
476 2174 662 2236 quam
703 2158 954 2219 dilectio
996 2158 1399 2221 inimicorum
1442 2158 1840 2238 (Angelicu8‚
1888 2159 1952 2234 2,
1992 2159 2050 2221 2.
2101 2174 2157 2237 q.
2204 2157 2300 2230 27,
2344 2175 2396 2220 a.
2443 2157 2525 2237 7).
2570 2155 2786 2219 Ratio:
2875 2168 2878 2171 “

192 2237 307 2321 illa
355 2236 614 2300 dilectio
659 2246 756 2298 est
798 2236 1089 2300 absolute
1134 2237 1361 2300 melior
1406 2247 1471 2301 et
1515 2241 1870 2314 meritoria,
1914 2239 2099 2316 cujus
2144 2238 2464 2315 objectum
2514 2246 2611 2300 est
2655 2253 2784 2299 me-

190 2317 360 2393 lius3
403 2320 576 2397 atqui
623 2320 863 2380 amicus
908 2327 1004 2379 est
1047 2317 1301 2391 melior,
1351 2319 1479 2381 Deo
1524 2330 1586 2382 et
1634 2319 1819 2382 nobis
1864 2321 2067 2396 magis
2132 2319 2530 2396 conjunctus,
2597 2331 2785 2398 quam

191 2400 531 2461 inimicus:
578 2398 663 2459 ita
709 2399 1111 2461 communius
1156 2409 1219 2460 et
1265 2399 1683 2478 probabilius.
1734 2400 1859 2462 Nec
1903 2401 2128 2464 obstat.
2174 2400 2342 2478 quod
2399 2399 2640 2461 inimici
2689 2399 2778 2460 di-

188 2476 388 2541 lectio
433 2480 515 2540 sit
559 2476 911 2540 difficilior:
960 2480 1098 2557 plus
1141 2478 1295 2542 facit
1344 2479 1422 2542 ad
1461 2480 1788 2543 rationem
1830 2481 2041 2542 meriti
2093 2480 2325 2541 bonum
2371 2494 2561 2559 quam
2629 2479 2786 2540 diffi-

188 2558 342 2634 cile,
387 2557 531 2621 aliis
573 2558 936 2638 praeclusis:
983 2573 1136 2621 sane
1180 2559 1443 2622 dilectio
1488 2561 1596 2622 Dei
1643 2559 1872 2623 melior
1914 2571 2010 2622 est
2052 2558 2400 2621 dilectione
2474 2561 2799 2637 proximi;·

187 2639 457 2703 dilectio
502 2648 713 2701 tamen
759 2640 1029 2716 proximi
1075 2649 1169 2701 est
1212 2649 1386 2702 certo
1432 2639 1772 2706 difficilior.

276 2722 470 2781 Amor
514 2717 918 2781 inimicorum
965 2727 1061 2780 est
1105 2719 1182 2780 de
1229 2718 1369 2799 lege
1415 2721 1718 2796 naturali,
1753 2722 1922 2783 unde
1954 2718 2125 2782 nulla
2162 2720 2433 2798 positiva
2470 2717 2610 2795 lege
2647 2717 2783 2781 tolli

185 2807 424 2880 potest.
467 2798 592 2861 Nec
635 2799 845 2861 obstat
891 2799 1045 2861 illud
1091 2800 1307 2861 Matth.
1356 2818 1419 2862 v:
1470 2802 1772 2873 Audistis,
1820 2801 1970 2879 quia
2013 2800 2252 2862 dictum
2295 2807 2390 2862 est
2447 2799 2774 2878 antiquis:

185 2880 420 2958 diliges
464 2877 818 2959 proximum
863 2887 1058 2953 tuum,
1101 2887 1162 2942 et
1200 2881 1336 2942 odio
1379 2880 1631 2945 habebis
1665 2883 1986 2943 inimicum
2018 2883 2244 2942 tuum?
2282 2898 2311 2943 e
2355 2898 2387 2942 o
2416 2888 2621 2942 autem
2649 2881 2786 2942 dico

184 2959 393 3034 vebia,
437 2969 555 3022 etc.
601 2959 966 3037 Respondet
1008 2960 1378 3038 Angelicus:
1430 2961 1599 3036 Quod
1641 2964 1899 3031 dicitur,
1941 2962 2077 3022 odio
2141 2959 2296 3023 habe
2345 2964 2398 3023 is
2461 2962 2785 3022 inimicum

188 3048 395 3114 tuum,
437 3058 557 3102 non
591 3047 684 3101 est
716 3058 795 3100 ex
837 3040 964 3118 leae
1007 3047 1340 3119 sumptum,
1389 3043 1536 3121 quia
1580 3059 1891 3122 nusquam
1929 3041 2038 3102 ltoc
2082 3041 2149 3104 in
2194 3042 2386 3104 litera
2418 3042 2781 3111 inve-nitur,-

185 3122 306 3184 sed
345 3128 440 3182 est
478 3121 761 3182 additum
803 3135 882 3182 em
921 3137 1121 3197 prava
1190 3121 1707 3200 interpretatione
1748 3121 2126 3196 Judoeormn,
2176 3123 2286 3201 qui
2347 3139 2425 3184 ea>
2493 3140 2558 3184 eo
2623 3121 2784 3201 quod

238 3198 686 3280 raeeipiebatur
718 3201 968 3263 dilectio
1011 3201 1305 3280 proximi,
1333 3202 1805 3279 concludebant,
1836 3203 1993 3281 quod
2021 3203 2264 3264 inimici
2298 3209 2486 3265 erant
2519 3202 2776 3265 odiendi.

228 3299 271 3344 n
317 3282 374 3356 3,
417 3282 532 3342 dis.
574 3279 674 3355 31,
721 3298 779 3360 q.
826 3284 879 3356 t,
923 3279 999 3342 ad
1045 3280 1099 3343 2.
1145 3279 1311 3343 Sane
1344 3285 1407 3344 in
1445 3284 1724 3345 Levitico
1755 3284 1835 3363 (c.
1868 3284 2007 3359 xix)
2040 3283 2347 3345 babetur:
2378 3283 2515 3346 Non
2546 3300 2782 3362 quoeres

185 3363 522 3434 ultionem,
571 3377 679 3422 nec
723 3378 946 3424 memor
987 3362 1111 3423 eris
1154 3361 1416 3440 injuriae
1458 3364 1687 3426 civium
1747 3374 2049 3433 tuorum;
2119 3372 2183 3425 et
2246 3363 2428 3424 ProV.
2490 3381 2641 3425 xxv:
2713 3361 2781 3424 Si

68 3483 75 3489 ·
188 3442 502 3507 esurierit
526 3442 819 3503 inimicus
854 3450 1023 3516 tuus,
1062 3437 1203 3504 ciba
1240 3443 1436 3519 illum,
1472 3455 1585 3506 etc.
1620 3444 1780 3505 Hinc
1814 3453 2039 3505 notant
2076 3459 2187 3521 pro
2221 3447 2534 3522 praxiz—
2567 3445 2625 3521 l)
2654 3460 2778 3505 non

189 3531 355 3586 sunt
397 3520 792 3596 absolvendi,
837 3523 1062 3583 saltem
1107 3517 1457 3599 ordinarie,
1501 3527 1605 3604 qui
1657 3527 1945 3602 quamvis
1991 3524 2208 3586 dicant
2250 3541 2317 3586 se
2391 3523 2780 3597 condonare,

188 3612 507 3667 recusant
551 3612 762 3663 tamen
811 3603 1139 3663 inimicum
1186 3602 1447 3682 alloqui,
1496 3605 1641 3667 licet
1687 3603 1877 3666 facile
1924 3606 2169 3682 possint
2205 3615 2268 3667 et
2300 3604 2779 3677 debeant.ltem

188 3699 413 3762 neque
458 3683 564 3761 qui
611 3680 785 3757 dicit,
841 3698 908 3743 se
955 3682 1229 3744 libenter
1265 3685 1803 3759 condonaturum,
1838 3684 1950 3745 sed
1985 3701 2110 3746 non
2150 3700 2333 3764 posse
2368 3686 2780 3761 promittere3

190 3765 310 3844 qui
360 3778 582 3826 revera
626 3761 783 3835 vult,
820 3770 1043 3839 potest,
1072 3762 1187 3823 *Dei
1236 3767 1435 3841 gratia
1475 3765 1751 3843 adjutus
1796 3769 2169 3844 promittere
2205 3781 2280 3827 ex
2315 3764 2544 3826 animo.
2577 3763 2625 3826 A
2657 3762 2782 3824 for-

188 3844 355 3908 tiori
402 3845 506 3923 qui
554 3851 850 3905 asserunt
891 3858 957 3903 se
1005 3859 1328 3920 nunquam
1376 3845 1642 3908 verbum
1689 3846 1779 3907 illi
1848 3844 2131 3907 dicturos
2176 3861 2345 3917 esse;
2409 3845 2553 3921 quia
2625 3844 2783 3905 tales

185 3923 434 3989 malam
466 3923 659 3984 animi
694 3922 1175 4001 dispositionem
1209 3925 1271 3983 in
1305 3925 1496 3986 corde
1530 3928 1829 3988 retinent.
1870 3923 2067 4002 Gury.
2112 3958 2186 3968 -
2228 3925 2293 4003 2)
2331 3923 2395 3985 Si
2432 3921 2595 3985 nolis
2639 3939 2781 3987 cum

187 4005 469 4068 inimico
512 4003 897 4076 conversari,
942 4004 1086 4081 quia
1134 4018 1261 4063 non
1305 4003 1479 4067 aliud
1525 4021 1713 4084 quam
1763 4006 2001 4067 malum
2050 4006 2125 4067 ab
2163 4021 2237 4066 eo
2278 4021 2355 4068 ex
2407 4013 2619 4065 ectare
2652 4020 2783 4081 pos·

190 4083 473 4159 sis;‚vel
518 4085 569 4145 si
616 4083 968 4162 prudenter
1014 4082 1235 4144 timeas
1280 4101 1358 4146 ex
1400 4102 1475 4146 eo
1522 4086 1701 4164 pejus
1749 4087 2034 4158 evenire,
2108 4094 2257 4146 tunc
2325 4101 2356 4147 a
2409 4084 2780 4146 stinendum

189 4165 282 4229 ab
325 4164 625 4225 amicitiae
670 4162 893 4241 signiS,
939 4161 1126 4223 modo
1174 4163 1446 4227 interius
1492 4165 1750 4245 diligas,
1798 4174 1862 4227 et
1885 4164 2050 4250 apud
2082 4162 2246 4226 alios
2281 4163 2651 4226 scandalum
2687 4180 2777 4227 re·

184 4260 407 4327 pares
454 4244 871 4307 continuator
921 4240 1249 4321 Tournely.

285 4324 371 4387 At
410 4324 719 4404 (inquies)
764 4324 1055 4403 quomodo
1096 4322 1283 4402 diliyi
1323 4331 1523 4401 potest
1564 4322 1735 4386 homo
1783 4322 2540 4403 iniquissimu8,.crudelis
2573 4323 2781 4386 inuni-

185 4421 334 4482 ους,
377 4406 485 4484 qui
526 4422 634 4467 nos
680 4405 892 4484 quovis
935 4404 1105 4466 modo
1145 4402 1401 4482 perdere
1444 4405 1680 4467 nititur
1707 4424 1733 4477 ;
1805 4421 1945 4467 cum
1989 4405 2277 4467 voluntas
2318 4411 2536 4466 nostra
2579 4420 2785 4467 amore

180 4486 368 4567 ferri
410 4503 531 4547 non
570 4487 788 4564 possit,
831 4485 959 4546 nisi
1003 4485 1070 4546 in
1115 4480 1392 4546 bonum?

283 4562 352 4626 R.
398 4563 588 4642 Diligi
627 4575 862 4658 potest,
905 4563 1219 4643 quomodo
1265 4563 1596 4641 diligimus
1650 4565 2006 4627 membrum
2039 4565 2357 4638 vitiatum,
2387 4563 2551 4643 quod
2584 4564 2785 4626 acutis

185 4643 534 4709 doloribus
579 4646 689 4708 diu
735 4655 1052 4724 noctuque
1098 4661 1210 4706 nos
1257 4647 1529 4723 cruciat3
1579 4660 1812 4724 nempe
1860 4645 2321 4724 distinguimus
2366 4644 2783 4706 substantiam

184 4725 375 4789 inter
418 4738 482 4788 et
529 4727 751 4788 vitium
798 4725 1039 4787 doloris
1084 4740 1373 4788 causam:
1404 4726 1761 4787 substantia
1819 4734 1917 4789 est
1947 4727 2130 4789 nobis
2181 4725 2372 4788 chara
2409 4741 2479 4786 ac
2510 4727 2781 4804 pretiosa

1018 4816 1033 4842 ἱ
