3292 5167
1243 242 1699 290 Annona-tomus
2594 218 2599 221 ’
2637 222 2769 290 ¹35

220 420 232 432 ,
315 341 373 404 2.
420 340 650 415 omes.-
693 344 871 408 inter
913 345 1194 423 quietem
1224 355 1288 409 et
1318 345 1839 409 recollectionem
1897 343 2451 425 supernaturalem
2500 346 2620 411 boc
2666 356 2769 410 est

174 420 537 497 discrimen,
586 422 761 503 qnod
806 425 906 487 vis
946 428 1184 489 amoris
1227 427 1428 489 divini
1476 442 1543 489 ιιι
1592 424 2051 489 recollectione
2094 427 2608 490 communicatur
2644 426 2760 490 im-

183 500 438 565 mediate
483 502 788 568 sensibus
831 506 1156 580 externis3
1201 508 1268 568 in
1313 510 1528 588 quiete
1570 514 1785 569 autem
1832 519 2014 568 amor
2057 507 2194 584 ipse
2244 508 2766 571 communicatur

186 583 535 645 immediate
577 585 836 664 spiritui
885 588 952 647 in
997 588 1132 666 ipsa
1176 588 1411 663 anima,
1433 597 1498 651 et
1540 589 1634 650 sic
1674 587 1893 650 evadit
1922 586 2285 660 ardentior,
2314 595 2382 649 et
2412 586 2769 666 aliquando

183 662 556 728 diffunditur
599 664 680 728 ad
726 666 1184 745 ipsos'sensus.
1229 667 1388 731 Dein
1437 669 1501 729 in
1538 668 1764 747 quiete
1799 666 2218 745 suspenditur
2247 667 2509 746 quidem
2543 667 2770 733 volun·

181 752 276 819 las,
315 760 464 824 quae
509 756 734 809 manet
774 747 955 826 quasi
1002 747 1195 825 ligata
1224 794 1241 824 ,
1282 763 1427 811 cum
1471 763 1602 810 non
1646 746 1822 810 aliud
1867 746 2079 809 valeat
2122 747 2443 826 objectum
2489 747 2767 828 diligere

181 834 398 902 prater
445 825 670 903 Deum,
705 830 813 906 qui
851 843 991 890 eam
1034 828 1227 890 adse
1272 829 1495 909 trabit3
1538 826 1652 890 sed
1698 843 1827 889 non
1872 827 2364 907 suspenduntur
2410 844 2619 906 neque
2665 828 2763 891 in·

180 903 460 968 tellectus
504 923 719 987 neque
764 909 1092 983 memoria,
1137 924 1345 988 neque
1390 906 1746 988 phantasia.
1791 909 1970 971 Tunc
2011 908 2223 969 anima
2263 907 2457 970 debet
2486 909 2649 971 eniti
2682 906 2761 972 ad

179 983 566 1064 colligendas
596 989 1023 1067 cogitationes
1066 1005 1247 1064 suas3
1289 989 1399 1052 sed
1448 1006 1558 1052 eos
1603 997 1847 1052 tantum
1893 995 2072 1051 actus
2115 989 2441 1063 emittere,
2488 989 2569 1050 ad
2605 1005 2766 1069 quos

171 1079 298 1128 eam
345 1066 520 1129 Deus
564 1068 864 1148 impellit,
906 1078 971 1131 et
1010 1070 1104 1131 sic
1131 1068 1486 1149 tranquille
1531 1085 1599 1131 se
1644 1069 1884 1131 babere
1930 1070 1995 1130 in
2041 1067 2362 1130 omnibus.

319 1147 380 1209 3.
432 1146 612 1225 Unio,
656 1148 922 1212 ultimus
956 1152 1189 1212 animae
1232 1167 1459 1228 scopus
1525 1153 1589 1211 in
1659 1149 2078 1229 perfectionis
2140 1149 2265 1210 via.
2329 1146 2578 1226 Duplex
2634 1158 2759 1213 est:

173 1224 301 1289 Alia
356 1230 598 1305 activa,
642 1239 708 1291 et
741 1240 839 1292 est
876 1231 1156 1308 perfecta
1202 1231 1611 1293 uniformitas
1645 1229 1970 1292 voluntati
2015 1228 2298 1304 divinas,
2346 1230 2413 1290 in
2462 1244 2585 1308 qua
2633 1240 2766 1294 tota

175 1307 518 1383 perfectio:
556 1326 674 1390 per
709 1311 866 1373 ectio
908 1310 1030 1389 (ait
1072 1312 1306 1375 eximia
1352 1311 1462 1374 illa
1504 1311 1917 1391 mysticorum
1975 1312 2283 1387 magistra
2326 1326 2375 1371 s.
2427 1310 2767 1390 Therasia)

175 1404 288 1451 non
327 1392 630 1453 consistit
775 1392 1047 1463 emtas&
1094 1393 1200 1459 sed
1227 1409 1375 1455 vcra
1411 1393 1561 1455 unio
1603 1392 1831 1453 animoe
1873 1407 2014 1451 cum
2063 1388 2183 1451 Deo
2225 1398 2322 1451 est
2362 1391 2510 1452 unio
2555 1392 2766 1455 volun·

175 1470 322 1531 tatis
363 1478 602 1533 noseroe
641 1486 787 1533 cum
825 1472 1145 1535 voluntate
1185 1473 1424 1535 divina.
1469 1472 1607 1534 Alia
1648 1472 1953 1550 passiva,
1998 1478 2064 1533 et
2106 1478 2204 1532 est
2245 1470 2504 1549 quando
2549 1474 2767 1535 anima

182 1549 260 1610 ita
297 1551 723 1630 suspenditur
766 1552 832 1614 in
878 1552 1006 1615 Deo
1092 1569 1165 1614 er
1209 1553 1530 1632 quandam
1573 1551 2038 1615 abundantiam
2074 1548 2236 1613 lucis
2281 1558 2347 1612 et
2391 1554 2650 1625 amoris»,
2694 1561 2766 1617 ut

182 1628 240 1689 in
279 1630 412 1709 ipsa
456 1631 840 1695 efformetur
885 1631 990 1695 illa
1078 1639 1224 1696 eata
1265 1635 1492 1714 caligo,
1535 1635 1605 1694 in
1642 1648 1764 1712 qua
1810 1631 1962 1694 dein
2009 1631 2495 1710 suspenduntur
2539 1648 2764 1696 omnes

179 1712 474 1786 potentiae
519 1713 788 1776 animae:
833 1714 1169 1789 memoria,
1212 1730 1355 1793 quae
1398 1730 1528 1777 non
1575 1719 1787 1793 potest
1828 1710 2010 1776 aliud
2069 1709 2344 1790 amplius
2389 1711 2512 1773 sibi
2550 1730 2761 1776 recor·

177 1789 308 1852 dari
353 1797 596 1871 praeter
640 1792 875 1868 Deum3
918 1795 1315 1871 intellectus,
1359 1796 1466 1875 qui
1527 1795 1811 1872 cogitare
1855 1808 1983 1854 non
2048 1800 2257 1870 potest
2300 1791 2479 1855 aliud
2525 1800 2765 1871 praeter

186 1886 377 1948 ipsum
418 1871 671 1949 Deum,
708 1875 836 1936 imo
880 1890 1010 1936 nec·
1041 1876 1313 1954 gratiam
1360 1876 1558 1954 ipsam
1604 1889 1796 1953 quam
1839 1883 1984 1935 actu
2030 1873 2288 1950 recipit;
2337 1872 2617 1951 denique
2662 1891 2761 1937 vo·

183 1950 406 2027 imas,
454 1968 603 2033 quae
646 1969 718 2016 se
761 1955 960 2017 sentit
1001 1957 1089 2017 ita
1134 1955 1261 2018 Deo
1298 1958 1525 2019 intime
1568 1954 1898 2034 conjungi,
1941 1960 2011 2015 ut
2054 1952 2306 2015 nullum
2365 1952 2541 2016 aliud
2587 1952 2762 2033 obje-

185 2040 340 2094 ctum
381 2048 606 2096 amare
649 2035 874 2097 valeat„
918 2035 1064 2097 Haec
1108 2037 1367 2098 unionis
1413 2037 1659 2117 species
1701 2042 1799 2096 est
1845 2033 2231 2113 perfectior,
2279 2041 2349 2095 ut
2394 2042 2601 2113 patet3
2647 2034 2758 2099 sed

200 2126 387 2188 parum
430 2113 672 2190 durat,
723 2131 930 2194 neque
993 2117 1246 2178 excedit
1301 2115 1635 2179 dimidiam
1705 2116 1881 2176 borae
1949 2127 2235 2192 partem,
2293 2124 2565 2192 excepto
2612 2131 2764 2179 casu

193 2193 610 2257 extraordinat
631 2196 709 2258 io.
753 2195 1195 2259 confessarius
1238 2204 1481 2259 attente
1525 2194 1844 2274 invigilet,
1890 2210 1971 2256 ne
2019 2194 2230 2256 anima
2279 2195 2346 2255 in
2391 2194 2763 2274 superbiam

197 2274 489 2353 erigatnr;
533 2290 805 2354 eamque
849 2287 1105 2343 moneat
1149 2293 1261 2355 per
1305 2276 1487 2340 illum
1549 2273 1840 2339 favore'm
1884 2290 2013 2336 non
2060 2275 2202 2335 fieri
2261 2274 2767 2353 impeccabilem.

189 2350 303 2415 imo
341 2372 384 2416 s.
426 2354 742 2429 Tberesia
788 2357 1023 2420 latetur
1064 2374 1134 2419 se
1178 2360 1555 2436 cognovisse
1599 2359 1894 2430 animas,
1938 2370 2083 2435 quae
2172 2362 2464 2433 ostquam
2508 2354 2583 2418 ad
2635 2363 2766 2420 tam

189 2432 366 2497 altum
407 2435 836 2514 perfectionis
896 2437 1178 2517 gradum·
1224 2438 1691 2514 ascendissent,
1735 2443 1876 2516 post
1918 2371 2384 2517 ‘supergientes
2426 2438 2489 2498 in
2528 2436 2772 2516 gravis·

189 2516 362 2576 simas
400 2514 626 2596 culpas
667 2518 1034 2580 miserrime
1079 2517 1391 2598 prolapsae
1435 2528 1605 2582 sunt.
1822 2554 1829 2567 ·
2712 2538 2721 2545 ·

258 2593 319 2657 ln
358 2601 658 2659 oratione
702 2597 1176 2662 recollectionis
1218 2608 1283 2661 et
1325 2600 1444 2663 otii
1486 2596 1972 2677 contemplativi
2019 2594 2425 2658 contendunt
2464 2592 2770 2659 nonnulli

191 2676 447 2738 animam
497 2678 754 2741 cessare
798 2678 1034 2742 debere
1077 2695 1206 2741 non
1252 2679 1458 2742 solum
1521 2696 1553 2742 a
1615 2679 2035 2741 meditatione
2066 2720 2081 2743 ,
2126 2674 2235 2736 sed
2297 2679 2492 2755 etiam
2537 2693 2569 2739 a
2609 2693 2763 2757 quo·

191 2771 419 2835 cunque
487 2757 620 2819 ullo
665 2768 811 2821 actu
853 2758 1224 2835 voluntati3‚
1253 2776 1307 2821 v.
1341 2776 1431 2855 g.,²
1451 2761 1708 2833 amoris,
1743 2756 2149 2834 bumilitatiS,
2172 2764 2318 2827 etc„
2344 2758 2532 2819 etsie
2569 2766 2771 2820 totam

195 2850 508 2900 remanere
554 2838 625 2898 in
670 2855 827 2918 pura
872 2856 945 2902 ac
986 2856 1162 2902 mera
1208 2850 1565 2903 attentione
1628 2849 1695 2902 et
1756 2838 2095 2918 vigilantia
2159 2835 2239 2897 ad
2291 2836 2489 2900 Deum
2537 2838 2554 2898 i
2609 2853 2769 2900 sum.

191 2914 406 2979 Verum
449 2917 822 2997 spirituales
869 2920 1235 2999 hujusmodi
1282 2922 1465 3001 quasi
1510 2922 2029 2983 incantationum
2096 2919 2345 2996 species
2413 2919 2538 2980 hau
2632 2917 2770 2999 pla·

189 3004 358 3072 cent3
396 3013 543 3060 cnm
588 3001 767 3061 enim
812 3001 1020 3062 anima
1068 3002 1153 3063 sit
1195 3000 1406 3065 adnuc
1471 3003 1535 3064 in
1602 3009 1774 3064 statu
1839 3001 2091 3073 activo,
2136 3012 2265 3058 non
2312 2997 2607 3061 videmus
2655 3014 2770 3063 cur

193 3092 425 3140 cessare
471 3078 708 3142 debeat
749 3096 784 3143 a
827 3083 1181 3151 meritoriis
1224 3081 1578 3145 voluntatis
1620 3098 1750 3144 suaa
1787 3079 2076 3151 actibnS,
2117 3078 2395 3140 maxime
2444 3079 2493 3140 si
2540 3088 2768 3157 sponte

189 3156 554 3221 eliciantur:
604 3160 733 3223 imo
780 3160 947 3240 quod
995 3169 1243 3240 tempus
1304 3163 1509 3241 magis
1573 3170 2005 3243 opportunum
2066 3157 2145 3220 ad
2214 3173 2324 3219 eos
2367 3157 2774 3224 eliciendos?

193 3270 266 3282 —
308 3238 367 3301 V.
411 3238 711 3318 Segneri‚
753 3240 839 3303 De
881 3243 1214 3304 concordia
1258 3238 1424 3306 inter
1468 3240 1742 3306 laborem
1785 3249 1846 3304 et
1889 3240 2175 3320 quietem.
2218 3271 2297 3282 —
2341 3237 2603 3319 Bartoli,
2652 3240 2772 3305 clue

189 3320 470 3383 «eziens
511 3320 871 3400 simonetta
913 3321 1022 3384 che
1063 3322 1390 3386 chiamano
1432 3324 1498 3387 di
1543 3324 1757 3403 quiete
1800 3339 1831 3383 c
1871 3336 2036 3383 come
2077 3319 2137 3379 si
2173 3314 2504 3397 pratia-hi?

257 3398 448 3460 188.
494 3398 563 3472 Q.
608 3400 666 3463 3.
708 3401 810 3464 An
851 3403 1073 3465 unioni
1113 3405 1365 3481 activae,
1395 3411 1457 3466 ct
1492 3404 1776 3484 passivoe-
1805 3398 2310 3490 addanturtqlioe
2354 3400 2637 3481 species?

255 3479 486 3543 Unioni
534 3482 763 3544 activae
791 3496 865 3545 ac
908 3484 1175 3563 passivae
1220 3484 1520 3564 (utraque
1563 3484 1803 3547 dicitur
1845 3483 2039 3545 etiam
2084 3494 2237 3541 unio
2269 3480 2593 3562 simplex),
2623 3479 2772 3545 duaa

185 3558 324 3622 addi
365 3570 660 3640 possunt,
702 3578 932 3643 nempe
965 3565 1120 3626 unio
1164 3565 1534 3642 sponsalitia
1581 3574 1646 3628 et
1688 3565 1844 3627 unio
1887 3568 2345 3624 consummata.

187 3652 196 3663 ·
334 3640 387 3703 1.
433 3639 830 3720 Sponsalitia
890 3645 1039 3706 unio
1082 3645 1149 3706 in
1196 3645 1315 3706 hoc
1356 3644 1574 3708 differt
1636 3643 1718 3707 ab
1779 3642 1944 3719 aliis,
1998 3639 2167 3722 quod
2214 3656 2341 3702 non
2408 3642 2493 3705 sit
2561 3640 2772 3719 solum

185 3719 464 3799 quadam
509 3724 1009 3786 communicatio
1043 3723 1248 3795 divini
1291 3726 1568 3793 amoris:
1605 3724 1718 3787 sed
1771 3723 1962 3787 valde
2005 3722 2328 3800 copiosior
2391 3730 2772 3801 supernatu-

183 3800 331 3863 ralis
371 3800 618 3865 infusio
656 3803 1062 3883 quorundam
1121 3803 1438 3884 graduum
1500 3810 1739 3869 amoris
1803 3803 2121 3883 eJusdem.
2180 3800 2408 3863 Anima
2467 3802 2578 3865 ubi
2625 3817 2772 3882 per·

191 3886 430 3944 venerit
471 3881 554 3944 ad
601 3892 729 3945 tam
780 3884 1088 3947 sublimes
1131 3888 1368 3948 amoris
1424 3886 1682 3965 gradus,
1724 3887 1795 3947 in
1841 3885 2130 3965 proximo
2180 3891 2301 3957 est,
2344 3891 2417 3944 ut
2478 3882 2608 3943 Deo
2653 3896 2771 3944 suo

184 3960 605 4040 spiritualiter
648 3965 1078 4045 conjungatur
1116 3965 1343 4044 majori
1386 3967 1575 4029 modo
1619 3970 1688 4029 in
1720 3967 1841 4028 bac
1882 3965 2013 4027 vita
2073 3960 2380 4042 possibili.
2427 3961 2773 4025 ordinarie

191 4039 341 4105 solet
381 4040 554 4106 hanc
597 4047 906 4107 unionem
953 4045 1317 4124 praecedere
1353 4046 1486 4109 alia
1533 4049 1829 4126 purgatio
1873 4045 2141 4124 spiritns
2184 4043 2377 4103 etiam
2423 4042 2628 4119 magis
2672 4058 2770 4104 se·

192 4134 330 4183 vera
379 4124 687 4201 superius
729 4125 1072 4205 descripta,
1138 4138 1280 4205 quae
1350 4129 1799 4206 complectitur
1839 4129 2041 4188 etiam
2104 4135 2329 4202 peenas
2394 4124 2773 4200 exteriores,

199 4215 251 4264 v.
281 4219 359 4281 g.,
398 4203 785 4282 calumnias,
825 4208 1325 4286 persecutioneS‚
1366 4208 1801 4285 infirmitateS,
1842 4209 1962 4269 erc.
2027 4202 2206 4265 Illius
2250 4207 2462 4264 autem
2507 4203 2773 4267 unionis

205 4282 418 4358 gradus
463 4293 596 4348 tres
639 4294 814 4363 sunt,
855 4288 1144 4365 exstasis„
1203 4295 1448 4368 raptus,
1489 4288 1766 4352 elevatio
1810 4286 2094 4367 spiritus.
2141 4282 2449 4345 Emensis
2486 4283 2667 4360 facit,
2699 4292 2772 4347 ut

205 4363 517 4427 amittatur
561 4381 719 4431 usus
762 4382 1064 4431 sensnum
1109 4370 1303 4431 etiam
1339 4376 1781 4443 externorum,
1824 4368 1912 4429 ita
1957 4372 2029 4428 ut
2071 4377 2344 4442 persona
2390 4380 2510 4427 nec
2551 4364 2776 4427 videat

215 4454 311 4502 nec
340 4444 575 4521 audiat,
619 4447 750 4507 imo
794 4462 914 4509 nec
955 4450 1193 4512 sentiat
1235 4449 1606 4512 adustiones
1642 4457 1755 4511 aut
1785 4447 2135 4509 incisiones
2172 4442 2492 4519 sinerent
2534 4446 2597 4507 in
2629 4445 2773 4524 ejus

207 4532 410 4601 corpus
438 4525 508 4618 (a
554 4539 770 4604 graeco
811 4543 892 4589 ιω
932 4538 1113 4591 extra
1156 4538 1223 4592 et
1266 4531 1410 4612 εεαιξ
1450 4529 1729 4611 sistere).
1772 4527 2017 4606 Raptus
2060 4524 2485 4616 estfluaedam
2528 4526 2771 4587 divinae

157 4605 404 4678 ,gratia
448 4607 792 4685 impressio
817 4615 944 4670 tam
973 4610 1114 4671 viva
1147 4618 1216 4672 et
1243 4608 1610 4681 vehemens,
1642 4619 1715 4673 ut
1756 4609 1969 4672 anima
2013 4619 2193 4685 quast
2240 4606 2376 4685 rapi
2423 4622 2492 4669 se
2535 4606 2777 4668 sentiat

211 4690 370 4746 motu
410 4685 692 4765 quodam
739 4686 1074 4751 subitaneo
1117 4705 1188 4752 ac
1232 4688 1542 4768 violento,
1579 4699 1646 4753 et
1685 4687 2031 4771 aliquando
2074 4687 2284 4766 ipsum
2333 4702 2585 4766 quoque
2639 4700 2777 4747 cor·
