3292 5167
533 202 663 268 552
1203 220 1318 268 un.
1368 219 1433 268 n.
1482 223 1695 270 rnAcr.
1743 221 1847 269 vti.
1895 221 2049 272 nisi».
2097 219 2164 270 ιι.
2212 223 2474 270 apruno.

537 339 773 387 munus
818 321 1112 386 consistit
1156 323 1223 385 in
1269 324 1425 404 ipsis
1468 325 1777 404 periculis
1819 325 2175 390 adeundis:
2217 326 2310 388 sic
2354 323 2539 387 fortis
2585 323 2653 387 iu
2700 322 2972 388 nomine
3013 320 3143 385 Dei

537 407 636 468 sni
683 403 880 466 David
928 401 1263 482 Gigantem
1307 422 1648 484 aggressus
1691 415 1807 470 est.
1850 407 1942 469 Ex
1987 409 2033 468 A
2131 405 2292 470 elico
2330 406 2480 469 huic
2534 403 2904 468 fortitudini
2972 418 3139 465 con·

538 488 823 548 sociatur
864 483 1155 563 quaedam
1203 485 1317 547 irae
1361 488 1627 578 specieS‚
1673 502 1803 549 non
1847 489 2028 568 qnasi
2119 488 2355 561 omina,
2419 485 2531 549 sed
2600 486 2781 566 quasi
2848 482 3142 547 ancilla:

536 567 705 628 iram
749 564 1131 626 moderatam
1172 572 1441 628 assumit
1480 565 1669 645 fortis
1713 567 1797 630 ad
1837 585 2018 631 suum
2060 574 2273 629 actum
2322 566 2365 629 ἲ.

616 645 685 707 R.
730 643 819 706 Ad
852 644 922 706 2:
954 643 1003 705 Α
1034 646 1274 707 virtute
1307 644 1881 710 fortitudinisaliae
1913 649 2212 710 oriuntur
2239 649 2301 709 in
2330 644 2593 709 homine
2616 644 2974 707 christiano
2995 644 3141 705 vir·

538 734 707 788 tutes
749 725 1027 787 morales
1074 724 1582 803 praeclarissimae
1628 738 1930 807 tanquam
1974 729 2263 807 ejusdem
2310 727 2460 788 filiae
2505 742 2618 789 seu
2686 731 2903 803 partes
2964 725 3142 785 inte-

533 813 818 886 gyrantes,
855 814 925 867 ut
956 813 1183 867 vocant
1213 803 1604 886 Philosophi.
1640 806 1816 881 Quod
1850 811 1941 872 sic
1973 809 2363 888 explicatur:
2396 823 2541 870 cum
2588 804 2899 868 fortitudo
2935 805 3147 868 maxi·

535 901 800 965 mopere
848 884 1067 947 tendat
1110 884 1187 947 ad
1233 886 1629 965 superandas
1675 888 2103 966 difficultates,
2146 904 2289 968 quae
2335 889 2401 950 in
2447 888 2612 950 bene
2656 885 2908 964 agendo
2942 883 3145 946 nobis

537 964 983 1038 adversantur,
1024 969 1236 1028 varias
1280 982 1397 1046 pro
1439 967 1887 1032 difficultatum
1933 969 2248 1032 varietate
2290 983 2534 1049 species
2579 968 2646 1029 in
2694 981 2763 1028 se
2807 966 3144 1041 continet,

539 1063 697 1126 quas
740 1047 880 1123 ejus
925 1046 1089 1108 filias
1134 1061 1592 1126 nuncupamus,

620 1125 938 1189 Videlicet
979 1128 1269 1188 oriturae
1312 1126 1656 1191 difficultas
1700 1129 1766 1192 in
1811 1128 2060 1208 agendo
2091 1128 2170 1191 ab
2218 1131 2232 1189 i
2286 1142 2349 1190 sa
2384 1129 2599 1207 operis
2642 1135 2871 1189 natura
2903 1133 2967 1187 et
2997 1140 3145 1186 ma·

542 1205 925 1285 gnitudine?
969 1205 1174 1268 eidem
1222 1223 1256 1267 o
1306 1210 1569 1287 ponitur
1610 1210 2144 1290 magnanimitas,
2187 1145 2294 1270 ilfa
2342 1223 2571 1288 nempe
2615 1210 2843 1282 virtuS,
2877 1222 3017 1284 quae
3053 1202 3147 1266 ad

541 1285 847 1366 qnaelibet
889 1301 1115 1364 magna
1162 1293 1226 1348 et
1315 1290 1529 1350 eroica
1577 1289 1866 1352 inclinat.
1911 1324 1988 1335 —
2040 1287 2349 1352 Oriturne
2391 1289 2468 1351 ab
2516 1291 2580 1350 in
2630 1288 2765 1351 enti
2825 1285 3143 1367 pecunia·

543 1383 681 1429 rum
727 1368 1102 1446 quantitate,
1146 1383 1287 1445 quae
1331 1367 1409 1430 ad
1454 1372 1669 1447 operis
1725 1369 2210 1449 perfectionem,
2256 1386 2315 1430 v.
2375 1384 2478 1446 g.,
2538 1386 2572 1431 a
2690 1366 2909 1445 templi
2978 1382 3143 1428 con·

540 1456 963 1510 structionem
1008 1448 1408 1525 requiritur?
1450 1448 1659 1511 eidem
1706 1452 2052 1530 opponitur
2088 1449 2538 1528 munificentia,
2569 1449 2682 1512 illa
2719 1448 2951 1520 virtus,
2986 1461 3143 1526 quae

543 1527 620 1589 ad
666 1542 893 1606 magna
939 1542 1127 1607 opera
1175 1536 1437 1590 externa
1487 1532 1773 1593 externis
1818 1547 1889 1593 ac
1934 1532 2187 1608 magnis
2213 1530 2569 1608 sumptibus
2602 1525 2993 1609 perficienda
3030 1529 3143 1587 in·

543 1607 760 1670 clinat.
804 1640 882 1653 —
923 1605 1144 1670 Oritur
1187 1624 1219 1671 a
1268 1610 1496 1670 timore
1540 1618 1604 1672 et
1646 1612 1971 1673 anxietate
2017 1613 2270 1673 interna
2319 1611 2487 1673 circa
2531 1610 2745 1687 operis
2789 1605 3144 1670 eventum?

555 1687 765 1751 eidem
814 1688 1159 1767 opponitur
1198 1704 1330 1768 pam
1371 1690 1579 1753 cordis
1621 1698 1683 1753 et
1723 1691 2037 1754 securitas
2081 1691 2306 1764 animi,
2366 1688 2473 1753 illa
2539 1692 2741 1753 virtus
2805 1703 2950 1767 quae
3013 1702 3139 1748 nos

550 1767 729 1831 ducit
770 1767 848 1830 ad
893 1771 1168 1830 maxima
1213 1783 1480 1848 quaeque
1523 1787 1713 1850 opera
1760 1772 2137 1850 gaudentes,
2185 1770 2557 1848 glorianteS‚
2608 1772 2673 1833 in
2734 1768 2913 1832 nullo
2978 1766 3142 1829 defi·

543 1849 806 1911 cientes.
849 1880 925 1893 —
968 1845 1186 1910 Oritur
1229 1864 1262 1911 a
1315 1849 1729 1913 multitudine
1774 1862 1839 1913 et
1891 1851 2198 1931 qualitate
2243 1848 2578 1925 malorum,
2619 1864 2760 1930 quse
2805 1850 2874 1911 in
2918 1848 3144 1926 operis

544 1930 925 1990 executione
967 1936 1117 1990 sunt
1180 1930 1618 2008 perferenda?
1688 1931 1896 1994 eidem
1962 1933 2305 2011 opponitur
2363 1931 2699 2010 patientia,
2749 1927 2861 1991 illa
2926 1930 3144 1991 virtus

545 2025 689 2087 quae
733 2008 907 2082 facit,
955 2017 1026 2070 ut
1067 2011 1279 2072 omnia
1325 2010 1588 2073 adversa
1635 2027 1818 2090 aequo
1863 2028 1935 2074 ac
1973 2012 2120 2074 sorti
2161 2013 2373 2074 animo
2411 2011 2776 2074 toleremus.
2807 2041 2883 2054 —
2914 2007 3145 2071 Oritur

545 2105 577 2151 a
628 2088 932 2170 temporis
962 2087 1440 2153 diuturnitate?
1475 2096 1819 2171 opponitur
1862 2092 2330 2172 lonqanimitas‚
2377 2095 2584 2153 virtus
2629 2088 2737 2153 illa
2768 2136 2784 2165 ,
2828 2105 2973 2168 quae
3021 2105 3144 2150 nos

545 2168 758 2232 firmat
802 2170 865 2229 in
912 2173 1373 2247 expectatione.
1430 2205 1509 2216 —
1551 2172 1642 2234 Ab
1685 2173 1899 2251 operis
1954 2177 2150 2251 ipsius
2194 2174 2680 2235 continuatione
2710 2170 2743 2232 ?
2786 2187 2821 2231 o
2870 2170 3140 2248 ponitur

541 2249 1034 2328 perseverantia.
1102 2253 1304 2315 virtus
1353 2250 1482 2329 illa,
1544 2268 1686 2331 quae
1731 2269 1847 2315 nos
1908 2252 1987 2315 ad
2057 2251 2526 2331 persistendum
2591 2254 2660 2313 in
2724 2263 2828 2312 mo
2858 2258 2998 2312 esto
3062 2264 3139 2312 ac

559 2329 760 2393 arduo
821 2345 1015 2408 opere
1081 2329 1365 2393 inclinat.
1410 2366 1486 2377 —
1548 2333 1597 2393 Α
1657 2333 1868 2394 cordis
1924 2333 2186 2397 humani
2236 2332 2716 2394 instabilitate?
2781 2332 3138 2410 opponitur

543 2411 926 2483 constantia,
967 2425 1108 2489 quae
1148 2412 1348 2474 virtus
1383 2421 1480 2474 est
1528 2412 1837 2475 roborans
1887 2430 1959 2475 ac
2011 2413 2274 2476 firmans
2312 2410 2775 2475 volubilitatem
2821 2420 3135 2474 nostram.

545 2488 650 2551 Sic
695 2489 774 2552 de
819 2490 1049 2553 ceteris
1092 2488 1455 2556 dicendum.
1564 2525 1574 2534 -

625 2568 829 2632 298.
879 2569 948 2643 Q.
989 2572 1048 2630 ὃ.
1094 2568 1266 2644 Quod
1306 2581 1458 2635 sunt
1497 2570 1900 2652 fortitudinis
1940 2574 2210 2653 qradus,
2251 2577 2313 2635 et
2356 2571 2793 2652 impedimenta
2820 2572 2852 2631 9

626 2649 696 2712 R.
741 2650 836 2712 Ad
882 2651 954 2713 t:
991 2648 1283 2730 Quinque
1326 2652 1594 2733 gradus:
1640 2653 1704 2732 l)
1747 2657 2031 2717 animum
2071 2653 2355 2730 vincere,
2398 2651 2796 2715 iracundiam
2830 2649 3137 2713 cohibere

546 2729 903 2810 voluptates
946 2740 1381 2795 contemnere.
1425 2733 1574 2806 Quae
1618 2737 1711 2794 sic
1756 2734 2064 2797 describit
2107 2751 2154 2795 s.
2199 2732 2619 2796 Ambrosius:
2661 2731 2815 2794 Jure
2844 2747 2918 2793 ea
2947 2729 3135 2811 forti·

544 2812 690 2873 tudo
732 2817 1012 2885 vocatur,
1095 2813 1298 2875 nando
1338 2814 1770 2892 unusquisque
1810 2831 1874 2876 se
1918 2815 2121 2894 ipsum
2161 2814 2382 2890 vincit,
2415 2814 2581 2876 iram
2607 2814 2906 2886 continet,
2936 2811 3138 2875 nullis

548 2889 861 2955 illecebris
905 2892 1059 2953 erno!
1089 2894 1224 2953 itur
1264 2901 1453 2974 atque
1497 2895 1844 2974 inflectitur
1871 2942 1885 2969 ,
1924 2907 2080 2956 *non
2142 2894 2429 2956 adversis
2499 2892 2956 2973 perturbatur,
3012 2907 3136 2956 iton

568 2973 905 3034 extollitur
944 2972 1253 3049 secundis,
1300 2981 1363 3036 et
1403 2976 1587 3054 quasi
1629 2982 1806 3037 vento
1862 2976 2124 3055 quodam
2186 2976 2516 3037 variarum
2584 2991 2794 3037 rerum
2861 2972 3133 3035 eircum-

543 3050 755 3131 tertur
826 3053 1168 3114 mutatione
1236 3052 1282 3110 ².
1359 3087 1434 3099 -
1493 3053 1562 3132 2)
1624 3053 1835 3118 Vitam
1895 3056 2214 3135 propriam
2341 3053 2583 3118 ericulo
2656 3068 2988 3132 exponere
3052 3053 3133 3116 ob

545 3133 784 3196 bonum
830 3131 1165 3211 spirituale
1207 3142 1272 3196 et
1314 3134 1644 3214 corporale
1690 3137 1984 3214 proximi,
2016 3136 2198 3214 juxta
2244 3134 2287 3195 il
2323 3134 2444 3197 ud:
2504 3133 2811 3212 Majorem
2852 3132 3139 3196 charita·

548 3219 667 3274 tem
691 3229 862 3276 nemo
893 3211 1096 3288 habet,
1124 3221 1199 3276 ut
1222 3216 1500 3277 animam
1528 3231 1710 3277 suam
1736 3225 1932 3296 ponat
1965 3217 2102 3295 quis
2128 3230 2243 3293 pro
2271 3215 2494 3279 amicis
2537 3217 2671 3277 suis
2707 3214 2753 3276 θ.
2777 3246 2856 3261 --
2883 3214 2953 3292 3)
2974 3213 3136 3276 Mar·

549 3296 786 3372 tyrium
831 3302 1133 3372 appetere
1176 3296 1369 3357 corde
1413 3312 1643 3374 magno
1689 3306 1753 3359 et
1797 3297 2065 3373 volenti,
2107 3295 2402 3375 exemplo
2447 3313 2493 3357 s.
2541 3294 2767 3374 ignatii
2814 3293 3142 3375 Martyris,

592 3376 651 3435 ui
702 3388 843 3436 cum
886 3372 965 3435 ad
1012 3374 1245 3437 bestias
1289 3384 1456 3439 esset
1499 3376 1882 3439 damnatus:
1926 3378 2173 3440 utinam
2232 3376 2340 3457 <ad
2403 3375 2720 3437 Romanos
2783 3376 3138 3455 scribebat)

541 3387 739 3531 yruar
782 3450 1021 3528 bestiis,
1069 3471 1200 3534 quoe
1240 3455 1396 3519 milti
1437 3462 1589 3518 sunt
1623 3461 1977 3535 paratoet...
2042 3459 2102 3518 si
2159 3457 2371 3520 venire
2426 3455 2787 3530 noluerint,
2842 3470 2952 3535 eqo
3012 3456 3141 3519 vim

541 3532 802 3612 faciam,
842 3549 949 3614 eqo
991 3552 1083 3597 me
1126 3536 1426 3616 ingeram,
1467 3543 1544 3597 ut
1581 3537 1857 3600 devorer.
1901 3570 1980 3582 —
2022 3538 2087 3615 4)
2131 3535 2289 3600 Mala
2358 3537 2733 3617 gravissima
2798 3544 2864 3597 et
2932 3537 3139 3615 ipsam

542 3616 740 3677 etiam
781 3626 1052 3677 mortem
1097 3621 1149 3677 si
1193 3631 1274 3678 ex
1319 3617 1664 3695 improviso
1707 3619 2061 3697 contingat,
2132 3616 2389 3681 fortiter
2453 3625 2517 3681 et
2588 3618 2911 3697 patienter
2979 3617 3137 3680 tole·

544 3710 709 3757 rare.
753 3726 830 3740 -
872 3694 939 3775 ὅ)
981 3695 1102 3773 (En
1149 3695 1386 3776 gradus
1431 3697 1761 3778 heroicus)
1805 3698 1972 3762 mala
2012 3697 2144 3774 illa,
2176 3707 2240 3760 et
2285 3705 2557 3761 mortem
2594 3700 2720 3778 pati
2759 3698 2954 3759 etiam
2992 3712 3163 3760 cum-

544 3775 802 3837 sincero
845 3775 1042 3838 animi
1108 3776 1340 3853 gaudio
1369 3823 1385 3851 ,
1454 3777 1747 3856 exemplo
1810 3778 2281 3857 Apostolorum,
2327 3779 2433 3857 qui
2488 3775 2673 3840 ibant
2711 3778 3057 3857 pandentes
3096 3793 3140 3840 a

540 3862 874 3998 {mnspectu
919 3854 1202 3979 foncilii,
1242 3858 1538 3937 quoniam
1577 3857 1759 3938 diqni
1799 3857 2005 3924 habiti
2043 3866 2196 3922 sunt
2234 3874 2347 3937 pro
2381 3860 2625 3922 nomine
2653 3856 2801 3920 Jesu
2831 3863 3144 3921 contume-

571 3938 698 3998 iam
734 3938 877 4015 pati
954 3984 968 3999 .
2920 3971 2931 3981 ·

625 4016 693 4079 R.
738 4016 829 4077 Ad
872 4016 950 4078 2:
994 4015 1380 4080 Fortitudini
1424 4016 1882 4081 adversantur:
1933 4017 1994 4096 l)
2042 4017 2376 4093 timiditas,
2421 4033 2535 4080 seu
2578 4016 2728 4097 ruga
2792 4015 3142 4095 malorum,

547 4096 783 4177 quibus
824 4097 969 4177 quis
997 4113 1065 4160 se
1098 4097 1380 4178 objicere
1422 4098 1651 4174 debet3
1690 4098 1756 4178 2)
1802 4098 2207 4174 intimiditas,
2249 4113 2363 4161 seu
2411 4096 2701 4162 deiectus
2749 4099 3005 4161 timoris
3036 4099 3140 4178 ju·

601 4248 620 4288 ¹
663 4267 684 4292 ‹
722 4251 1023 4304 Praesertim
1054 4263 1155 4326 nos
1187 4250 1489 4305 sacerdotes
1522 4252 1727 4312 (monet
1758 4250 1926 4315 Stspf,
1961 4252 1987 4316 ς
2017 4253 2152 4315 207),
2188 4252 2447 4316 patientia
2480 4250 2674 4314 insigni
2729 4251 2975 4303 armatus
3024 4262 3146 4304 esse

539 4313 770 4425 ffiffiss’
795 4317 920 4428 itt}
939 4318 1302 4440 limitetis}
1334 4315 1434 4429 ¹333
1470 4314 2160 4440 tttffesslzssussttffffpiitff
2186 4315 2420 4428 mitis
2439 4316 2696 4441 Ἧῗωὲιξε
2712 4315 2773 4428 2¹⁸¹
2815 4314 3146 4442 iffi‘iffl}

462 4471 470 4478 .
539 4435 639 4496 est,
673 4438 841 4489 multa
872 4438 1196 4501 gubernatur
1226 4439 1525 4503 prudentia3
1551 4440 1639 4503 qui
1671 4441 1943 4501 impatiens
1972 4443 2049 4491 est
2079 4440 2278 4490 emanat
2312 4439 2587 4491 stultitiam
2610 4442 2796 4497 suam(
2846 4449 2963 4490 τον.
2992 4447 3053 4491 11
3076 4478 3089 4490 .
3115 4457 3135 4478 ·

551 4498 606 4545 V.
642 4497 964 4570 Scarsmeiii,
999 4503 1279 4554 Dimum-io
1313 4505 1523 4553 exotico
1557 4513 1669 4553 ecc.
1704 4527 1768 4539 —
1817 4500 2132 4565 Rodriguez,
2182 4502 2439 4553 Esercizio
2494 4503 2549 4553 di
2598 4500 2908 4565 mmmm.
2941 4524 3011 4541 —-
3124 4526 3146 4540 ·

540 4569 713 4621 guori,
748 4562 1038 4626 opuscolo,
1075 4563 1385 4625 Uniformitd
1416 4566 1530 4616 alla
1562 4563 1773 4615 voconia
1803 4564 1855 4614 di
1888 4565 2003 4615 Dio.

605 4621 870 4735 {fgaglgss’
892 4627 1013 4738 'lh-1,
1048 4638 1095 4678 c.
1130 4628 1211 4678 36.
1244 4651 1305 4664 -
1345 4627 1403 4678 v.
1438 4627 1543 4678 Cio.
1578 4626 1872 4686 canuitm;
1905 4637 2008 4679 ser.
2045 4627 2117 4689 ι’,
2156 4627 2194 4728 ξ.
2215 4637 2330 4741 Ritu
2353 4627 2430 4740 :tl
2457 4626 2651 4690 orandi
2680 4626 2898 4679 nomini.
