3292 5167
491 305 621 370 522
1152 317 1269 368 un.
1319 320 1381 367 11.
1431 321 1642 368 rnac'r.
1691 318 1796 366 vn.
1845 321 1995 367 mss.
2044 319 2108 366 11.
2157 320 2287 367 can.
2336 318 2404 365 11.

579 425 709 496 Sed
776 425 901 495 erit
946 423 1298 511 aliquando
1347 431 1602 492 tantum
1652 422 1943 507 veniale,
1991 430 2056 491 et
2110 421 2462 511 aliquando
2533 422 2787 492 nullum
2855 439 3086 511 pecca-

492 542 672 603 tum:
721 571 809 582 —-
858 535 923 620 l)
976 531 1244 601 venialis
1297 534 1419 602 erit
1467 532 1915 616 contumelia,
1966 540 2108 600 tum
2164 552 2243 602 ex
2305 532 2814 620 imperfectione
2871 541 3080 615 actuS,

491 651 631 711 tum
676 641 733 708 si
776 642 859 708 sit
905 642 1034 708 leve
1075 640 1425 707 convicium
1469 661 1598 708 non
1640 640 1909 709 multum
1954 640 2266 709 hominem
2310 640 2735 724 dehonestans,-
2779 652 2837 707 et
2874 642 3086 729 profe-

488 763 674 817 ratur
717 770 799 817 ex
843 749 1058 833 aliqua
1105 748 1308 815 animi
1355 748 1616 831 levitate,
1664 749 1762 816 vel
1806 769 1891 815 ea:
1938 749 2055 816 levi
2098 750 2201 816 ira
2244 749 2471 835 absque
2524 750 2709 835 firmo
2761 750 3083 837 proposito

488 859 758 943 aliquem
826 854 1298 937 dehonestandi,
1371 862 1445 922 ut
1515 855 1604 922 ait
1674 874 1726 924 s.
1777 858 2015 924 Tomas
2064 862 2133 937 ¹3
2180 893 2271 903 —-
2314 857 2382 942 2)
2444 855 2702 925 nullum
2750 857 2878 925 erit
2928 874 3085 944 pec-

498 972 716 1034 catum
746 982 822 1032 ex
859 962 1093 1032 eodem
1127 960 1461 1047 Angelico‚
1513 962 1565 1030 si
1608 963 1981 1031 convicium
2015 963 2282 1050 aliquod
2318 963 2457 1032 leve
2491 964 2865 1050 proferatur
2892 985 3086 1032 rausa

491 1070 914 1139 delectationis
958 1089 1034 1137 ac
1067 1070 1220 1157 joci,
1264 1069 1322 1136 si
1356 1069 1569 1137 debitoe
1611 1070 2099 1138 circumstantioe
2164 1085 2526 1150 sementum
2601 1070 2667 1138 id
2715 1071 2888 1139 enim
2942 1089 3087 1158 per-

491 1178 658 1246 tinet
708 1176 787 1245 ad
835 1174 1281 1264 eutrapeliam.
1324 1174 1504 1244 Idem
1549 1182 1670 1259 est,
1721 1176 1778 1244 si
1829 1176 2197 1245 convicium
2231 1178 2450 1247 dicere
2487 1178 2783 1265 proficiat
2817 1177 2899 1244 ad
2934 1196 3083 1246 cor-

493 1286 897 1354 rectionem:
947 1284 1059 1370 ljoc
1103 1282 1283 1349 modo
1332 1284 1637 1351 Dominus
1683 1281 2017 1369 discipulos
2063 1288 2301 1352 vocavit
2363 1287 2599 1366 ειυῑευε,
2646 1297 2702 1351 et
2757 1286 3086 1370 Apostolus

492 1394 755 1461 Galatas
800 1393 1143 1458 insensatos
1158 1417 1184 1470 ;
1230 1389 1348 1458 sed
1398 1408 1544 1457 raro
1596 1389 1886 1476 expedit,
1936 1391 2087 1477 quia
2124 1410 2201 1459 ex
2236 1392 2608 1478 Augustino
2644 1392 2894 1478 saepius
2931 1393 3084 1460 snb-

491 1497 666 1568 ditos
707 1498 786 1566 ad
838 1498 1001 1567 iram
1050 1499 1293 1568 excitat
1340 1499 1392 1564 ².

572 1607 768 1670 us.
806 1610 877 1689 Q.
912 1609 972 1675 2.
1007 1609 1106 1675 An
1142 1618 1199 1673 et
1233 1606 1534 1691 quomodo
1562 1604 1958 1692 reparandus
1988 1609 2187 1674 honor
2215 1608 2586 1675 contumelia
2629 1608 2928 1676 ablatus?

577 1719 645 1785 R.
694 1714 791 1784 Ad
837 1719 906 1783 1:
957 1718 1187 1783 Honor
1233 1715 1489 1783 ablatus
1539 1715 1664 1783 sub
1714 1714 1916 1800 gravi,
1952 1716 2005 1782 si
2049 1716 2336 1800 graviter
2384 1716 2608 1800 laesus,
2667 1714 3083 1801 reparandus

492 1833 594 1895 est
609 1852 627 1906 ;
676 1830 779 1892 est
812 1822 987 1892 enim
1025 1841 1172 1892 vera
1210 1823 1398 1890 laesio
1434 1830 1500 1891 et
1540 1823 1711 1908 juris
1762 1822 2032 1892 alterius
2067 1822 2355 1907 violatio,
2391 1824 2651 1910 gravior
2684 1824 2828 1910 ipso
2862 1823 3076 1904 furto;

497 1950 647 2000 nam
693 1932 943 1998 bonum
993 1947 1235 1998 nomen
1285 1930 1495 2015 magis
1546 1930 1979 2013 permanebit,
2028 1950 2221 2016 quam
2286 1932 2460 2000 mille
2519 1932 2801 1998 thesauri
2858 1931 3077 2016 maqni

490 2052 546 2107 et
606 2037 866 2125 pretiosi
912 2039 963 2105 ⁸.
1013 2036 1292 2123 Excipe:
1345 2038 1410 2124 l)
1460 2038 1512 2105 si
1563 2044 1744 2105 recte
1808 2038 1984 2106 credi
2050 2037 2265 2126 possit
2312 2040 2545 2108 laesum
2595 2038 3087 2124 reparationem

494 2162 822 2227 recusare,
875 2164 956 2213 ne
1005 2145 1323 2213 memoria
1370 2153 1662 2231 acceptae
1712 2145 1971 2231 injuriae
2022 2153 2411 2227 renovetur;
2461 2147 2530 2232 2)
2579 2145 2634 2215 si
2684 2145 2857 2214 adsit
2905 2143 3086 2231 peri-

491 2250 734 2334 culum,
786 2270 865 2319 ne
914 2260 1316 2321 renoventur
1363 2252 1511 2320 odia
1563 2254 1626 2320 in
1679 2265 1829 2322 actu
1879 2254 2031 2336 illo;
2097 2255 2165 2340 3)
2216 2255 2273 2321 si
2356 2254 2700 2324 manifesta
2769 2262 3086 2340 appareat

491 2357 749 2445 injuriae
798 2357 1219 2442 condonatio,
1268 2367 1342 2428 ut
1391 2360 1444 2428 si
1512 2361 1806 2429 offensus
1857 2368 2098 2448 sponte
2170 2360 2249 2428 ad
2321 2360 2719 2430 offensorem
2791 2359 3086 2443 accedat,

489 2486 642 2538 cum
689 2487 769 2537 eo
818 2468 1226 2537 familiariter
1272 2468 1602 2555 loquatur,
1629 2470 1865 2556 jocose
1900 2477 2368 2551 conversetur;
2408 2470 2476 2556 4)
2517 2469 2572 2537 si
2623 2469 2919 2539 offensus
2946 2469 3087 2554 jam

487 2578 611 2646 sibi
695 2576 1042 2646 vindictam
1115 2578 1494 2662 sumpserit,
1575 2578 1979 2646 offensorem
2052 2576 2530 2664 percutiendO,
2601 2576 2865 2662 injuriis
2939 2575 3088 2644 affi-

489 2684 746 2767 ciendo,
796 2690 919 2753 etc.
937 2711 955 2766 ;
1006 2692 1163 2752 tunc
1213 2691 1526 2753 censetur
1572 2685 1699 2754 sibi
1742 2686 1880 2772 jam
1928 2684 2370 2755 satisfecisse:
2420 2684 2540 2753 hac
2612 2683 2870 2751 ratione
2946 2684 3094 2752 exi-

487 2798 763 2859 muntur
810 2790 1060 2873 rustici,
1113 2791 1167 2859 si
1217 2791 1389 2859 inter
1438 2791 1620 2876 ipsos
1672 2793 1892 2861 habita
1942 2792 2188 2861 fuerint
2223 2793 2431 2861 ferme
2477 2790 2759 2878 aequalia
2792 2790 3097 2861 convicia

484 2905 554 2966 et
600 2898 1022 2984 improperia.
1072 2897 1253 2966 Idem
1299 2898 1459 2965 dicit
1501 2901 1725 2985 mogo,
1797 2900 1851 2968 si
1930 2918 2050 2986 pro
2123 2900 2379 2969 honore
2450 2900 2676 2967 ablato
2758 2917 2792 2965 a
2860 2897 3096 2985 Judice

489 3022 686 3091 poena
735 3003 980 3074 inflicta
1027 3005 1153 3073 fuit
1192 3005 1371 3092 (quae
1421 3006 1486 3073 in
1536 3005 1943 3075 conscientia
1993 3006 2119 3075 erit
2168 3005 2551 3092 solvenda);
2600 3024 2751 3073 nam
2784 3005 2866 3111 jn
2911 3022 3100 3075 com-

483 3113 674 3182 muni
724 3112 1165 3182 aestimatione
1201 3121 1357 3183 tunc
1406 3114 1666 3183 videtur
1712 3115 1875 3184 satis
1922 3113 2143 3184 honor
2188 3122 2552 3201 reparatus.

578 3222 646 3288 R.
694 3221 794 3288 Ad
839 3222 914 3287 2:
964 3219 1031 3288 Si
1084 3221 1303 3289 bonor
1349 3221 1470 3288 fuit
1523 3222 1788 3308 publice
1858 3222 2124 3291 ablatus
2201 3223 2266 3290 in
2345 3222 2699 3309 praesentia
2773 3220 3098 3304 aliorum,

490 3325 750 3394 restitui
798 3325 995 3395 debet
1044 3345 1269 3395 coram
1317 3328 1484 3410 illis3
1536 3330 1633 3398 vel
1671 3330 1905 3398 saltem
1942 3348 2059 3415 per
2101 3329 2398 3414 modum,
2439 3347 2572 3415 quo
2607 3328 2974 3396 satisfactio
3009 3326 3102 3396 ad

487 3432 755 3501 illorum
803 3433 1105 3502 notitiam
1155 3443 1353 3523 queat
1401 3436 1589 3506 facile
1635 3438 2021 3525 pervenire:
2072 3437 2367 3524 alioquin
2420 3455 2552 3505 non
2620 3437 3102 3506 restitueretur

489 3541 766 3626 integre.
815 3542 1071 3610 Sufficit
1118 3550 1339 3612 autem
1389 3543 1455 3611 id
1512 3562 1707 3629 agere
1780 3545 1977 3613 etiam
2050 3563 2167 3631 per
2238 3544 2434 3612 aliam
2511 3561 2897 3630 personam:
2975 3544 3098 3630 qui

486 3647 666 3716 enim
717 3667 835 3733 per
880 3649 1080 3717 alium
1127 3649 1300 3732 facit,
1352 3670 1470 3737 per
1517 3671 1589 3721 se
1638 3653 1859 3720 facere
1910 3660 2242 3720 censetur.
2294 3651 2360 3718 Si
2418 3669 2573 3719 vero
2642 3651 2902 3719 ablatus
2968 3650 3101 3718 fuit

490 3754 554 3823 in
605 3755 959 3840 praesentia
1011 3761 1264 3824 tantum
1313 3760 1716 3827 contumelia
1768 3758 2003 3842 affecti,
2056 3767 2214 3828 tunc
2262 3757 2624 3827 satisfactio
2672 3757 2922 3844 privata
2959 3755 3101 3825 suf-

487 3861 661 3941 ficit3
707 3879 857 3929 nam
905 3880 1026 3948 pro
1075 3863 1276 3933 modo
1328 3865 1578 3951 peccati
1629 3865 1703 3932 fit
1751 3864 2111 3935 restitutio.

574 3969 876 4039 Brevius:
925 3968 1010 4038 ad
1056 3972 1549 4040 restitutionem
1597 3973 1871 4042 honoris
1918 3972 2027 4041 illa
2076 3971 2439 4042 satisfactio
2490 3971 2876 4058 requiritur,
2936 3987 3095 4058 quae

488 4084 841 4146 censeatur
885 4078 1220 4149 sufficiens
1267 4078 1350 4146 ad
1398 4069 1855 4167 integrandam
1920 4080 2431 4161 aestimationem
2494 4080 2681 4167 juxta
2765 4077 3099 4148 conditio·

492 4201 644 4251 nem
693 4203 999 4269 personae
1052 4186 1347 4255 offensae.
1400 4188 1508 4255 Sic
1556 4187 1609 4255 si
1662 4185 2113 4256 dehonorator
2158 4187 2279 4255 fuit
2339 4189 2652 4275 superior,
2703 4185 2970 4267 sufficit,
3032 4185 3095 4253 si

489 4285 970 4361 honorabiliter
1016 4291 1503 4364 dehonoratum
1550 4295 1814 4379 salutet,
1866 4294 2140 4364 domum
2192 4295 2421 4364 invitet
2490 4301 2556 4363 et
2626 4291 3094 4363 benevolentia

489 4398 807 4485 excipiat3
850 4385 909 4469 'si
959 4400 1137 4471 enim
1186 4403 1471 4489 amplius
1520 4412 1764 4502 ageret,
1813 4423 1948 4473 non
1997 4403 2157 4473 satis
2236 4402 2619 4473 consuleret
2689 4419 2829 4470 suae
2879 4399 3099 4485 digni·

549 4627 575 4730 :
604 4630 1346 4754 {ihff'nff'ozff’sssmf'oomm
1381 4706 1429 4745 c.
1464 4706 1571 4746 xix.
1604 4720 1671 4733 -
1703 4696 1872 4748 Codex
1896 4706 2056 4759 pom„
2092 4694 2196 4747 art.
2228 4695 2324 4747 373
2361 4693 2775 4746 calumniatores
2807 4692 2982 4757 punit.

543 4754 575 4794 ³
653 4751 766 4803 ccli.
798 4765 904 4805 xm.
936 4780 1000 4792 —
1043 4756 1098 4805 V.
1134 4755 1370 4819 Lignori,
1407 4756 1497 4822 Op.
1532 4757 1690 4820 Mor„
1728 4756 1765 4810 1.
1800 4769 1881 4819 m,
1917 4768 1969 4809 n.
1999 4757 2118 4810 990.
