3292 5167
1293 206 1372 252 nn·
1419 205 1756 253 emulum
1908 219 1917 230 ·
2655 185 2822 255 2715
2845 229 2852 236 ,

217 325 365 377 non
412 307 693 379 credant
730 306 793 375 id
842 324 991 376 esse
1037 306 1395 377 intrinsece
1443 307 1709 376 malum.
1761 307 1950 390 Quod
1999 307 2079 377 de
2126 305 2410 401 famulis,
2458 308 2632 379 idem
2678 310 2822 397 ple-

218 429 483 502 runque
529 414 697 484 valet
740 414 823 484 de
869 415 1011 484 aliis
1058 414 1499 498 inferioribus,
1548 414 1630 486 de
1679 432 1906 500 uxore,
1955 417 2127 500 filiis,
2176 426 2302 488 etc.

407 525 469 590 2.
518 521 745 603 Quoad
794 523 1131 608 operarios.
1166 522 1349 590 Licet
1381 517 1845 592 fabriferrariis
1884 522 2465 594 indiscriminatim
2515 523 2801 594 vendere

221 647 430 714 arma,
480 629 603 699 etsi
669 634 1075 716 cognoscant
1146 628 1405 716 aliquos
1455 630 1551 713 (in
1601 632 1871 716 genere)
1921 648 1998 698 ex
2073 637 2172 699 tot
2243 632 2660 718 emptoribus
2735 631 2816 699 iis

216 737 555 806 abusuros
604 753 787 818 esse3
841 736 989 822 quia
1042 753 1235 805 secus
1283 735 1759 804 commercium
1811 755 2084 821 prorsus
2133 747 2373 806 rueret.
2419 740 2589 808 altem
2641 755 2806 824 ope-

225 844 417 912 rariis
465 842 622 911 salsa
671 841 845 911 idola
896 840 1246 924 conficere,
1300 843 1351 909 si
1407 843 1551 910 haec
1585 841 2023 910 adhibeantur
2056 841 2135 909 ad
2170 851 2633 912 ornamentum
2670 843 2814 929 pla-

114 1003 137 1016 ..
227 957 507 1031 tearum,
557 948 1010 1031 aedificiorum,
1062 956 1231 1030 etc.;
1282 947 1646 1017 nullimode
1684 966 1856 1030 vero,
1906 947 1963 1017 si
2011 947 2091 1016 ad
2123 949 2361 1017 falsum
2409 950 2813 1033 cultum,·at-

218 1074 359 1142 que
409 1057 556 1125 ideo
610 1073 864 1142 pagano
915 1055 1044 1122 sint
1096 1053 1445 1136 tradenda3
1496 1063 1656 1123 tunc
1704 1054 1880 1123 enim
1928 1063 2364 1124 censerentur
2395 1054 2636 1123 addicti
2675 1074 2813 1122 ser·

217 1164 386 1233 vitio
435 1164 784 1231 idolorum.
838 1198 927 1210 —
971 1163 1112 1230 Non
1151 1162 1301 1230 licet
1337 1161 1603 1246 pulsare
1660 1179 1925 1248 organa,
1978 1163 2074 1230 vel
2116 1180 2354 1231 canere
2404 1164 2468 1229 in
2519 1162 2813 1230 Ecclesia

156 1271 187 1310 '=
232 1271 619 1354 infidelium,
671 1270 723 1338 si
776 1269 840 1336 id
888 1270 973 1338 sit
1022 1269 1088 1338 in
1139 1270 1462 1337 honorem
1537 1269 1693 1338 idoli
1712 1295 1730 1351 3
1782 1269 1932 1355 quia
1980 1271 2076 1338 sic
2127 1270 2303 1339 idolo
2380 1277 2813 1356 praestaretur

214 1380 643 1466 obsequium.
691 1378 873 1447 Idem
923 1385 1024 1446 est
1071 1377 1125 1445 si
1178 1377 1243 1444 id
1290 1377 1478 1444 fieret
1527 1376 1590 1445 in
1629 1377 1994 1474 ¹synagogis
2048 1377 2489 1460 hebraeorum,
2532 1377 2812 1456 functio·

229 1505 393 1556 num
440 1494 773 1576 tempore3
823 1492 1001 1554 esset
1046 1484 1221 1552 enim
1270 1503 1420 1553 vere
1472 1491 1537 1552 et
1583 1484 1949 1553 formaliter
2009 1501 2407 1553 concurrere
2487 1493 2553 1552 et
2602 1483 2807 1571 parti-

213 1594 443 1681 cipare
490 1594 555 1661 iu
603 1592 768 1662 falso
816 1592 1032 1673 cultu,
1082 1592 1266 1660 illum
1316 1592 1499 1679 quasi
1552 1591 1926 1659 alternatim
1987 1591 2378 1688 usurpando
2431 1609 2556 1659 una
2607 1590 2804 1659 simul

214 1719 374 1770 cum
415 1701 684 1788 judaeis:
735 1699 881 1767 talis
929 1699 1104 1768 enim
1155 1699 1438 1785 pulsatio
1482 1706 1790 1784 est-pars
1859 1698 2263 1783 psalmodiae,
2313 1716 2463 1786 quae
2512 1715 2590 1765 ex
2640 1714 2807 1765 sono

214 1814 289 1878 et
337 1815 529 1877 cantu
580 1808 921 1890 conflatur,
974 1816 1046 1874 ut
1091 1807 1320 1874 dicunt
1370 1824 1522 1873 cum
1572 1805 1749 1873 Gotti
1801 1813 1866 1872 et
1912 1803 2158 1874 Fedeli.
2230 1808 2394 1874 Item
2446 1804 2625 1873 nefas
2698 1812 2798 1872 est

221 1913 490 2002 pulsare
539 1932 920 2001 campanam
971 1911 1047 1980 ad
1078 1913 1603 1982 annunciandam
1641 1913 2031 1981 concionem
2078 1913 2568 1991 haereticorum,
2605 1928 2809 1997 quum

208 2021 307 2090 sit
375 2020 1031 2089 invitationisinstar.
1090 2021 1243 2087 Haec
1276 2027 1494 2087 tamen
1551 2037 1702 2087 cum
1738 2035 1952 2099 causa,
2009 2027 2265 2087 remoto
2311 2015 2649 2100 scandalO,
2699 2017 2804 2084 alii

213 2128 630 2215 permittunt.

311 2236 492 2304 Licet
539 2243 759 2303 autem
810 2234 1060 2302 theatra
1113 2231 1461 2314 aedificare,
1538 2250 1812 2314 ornares
1852 2239 2000 2315 etc„
2066 2232 2119 2300 si
2186 2242 2570 2303 ornamenta
2623 2235 2684 2302 in
2734 2253 2806 2303 se

234 2343 517 2410 honesta
569 2342 734 2424 sint,
787 2342 934 2426 quia
983 2341 1367 2426 cooperatio
1418 2340 1676 2408 videtur
1723 2325 1886 2408 adeo
1928 2347 2198 2422 remota,
2250 2349 2323 2408 ut
2371 2360 2501 2410 non
2542 2344 2626 2409 sit
2660 2360 2812 2428 pec-

211 2450 570 2519 caminosa.
620 2447 808 2529 Quod
859 2448 1036 2516 valet
1085 2450 1281 2516 etiam
1334 2447 1415 2514 de
1463 2446 1833 2515 sartoribus
1885 2448 1993 2532 qui
2046 2455 2259 2544 vestes
2296 2450 2679 2530 conficiunt,
2722 2449 2811 2516 la-

218 2555 428 2626 certis
478 2555 746 2642 31131113,
799 2563 864 2622 et
914 2554 1159 2623 nudato
1210 2563 1499 2640 pectore,
1551 2562 1675 2623 etc.
1723 2557 1885 2623 Item
1941 2555 2090 2623 licet
2140 2555 2610 2649 baereticorum
2650 2564 2812 2625 tem·

216 2664 327 2749 pla
379 2671 444 2731 et
495 2679 858 2752 synagogas
901 2661 1275 2747 judaeorum
1327 2660 1675 2741 aedificare,
1725 2660 2018 2745 legitimo
2082 2663 2468 2746 magistratu
2534 2664 2808 2748 permit-

213 2775 436 2851 tente,
488 2767 857 2854 praesertim
906 2768 957 2834 si
1010 2786 1205 2853 aeque
1248 2767 1482 2835 fierent
1533 2766 1678 2835 sine
1730 2766 1913 2853 ipsiS.
1960 2770 2105 2835 Non
2159 2775 2374 2836 tamen
2424 2768 2559 2837 ullo
2609 2769 2807 2838 modo

214 2876 375 2945 licet
434 2876 896 2944 baereticorum
949 2876 1161 2960 pravis
1208 2874 1394 2943 libris
1443 2873 1714 2942 edendis
1765 2874 2138 2943 immediate
2210 2878 2573 2961 cooperari,
2621 2896 2675 2945 v.
2727 2896 2807 2962 g..

213 2990 416 3069 typos
466 2982 793 3063 ordinare,
845 2984 1137 3051 chartam
1187 2983 1358 3070 typis
1407 2979 1766 3069 apponere,
1817 2983 2323 3067 impressionem
2372 2982 2674 3069 dirigere,
2725 2985 2805 3052 il-

218 3090 328 3159 los
378 3090 584 3158 libros
633 3089 936 3173 vendere,
988 3098 1147 3171 etc.;
1200 3091 1348 3177 quia
1401 3090 1507 3158 isti
1559 3090 1692 3157 nati
1744 3098 1899 3157 sunt
1948 3090 2191 3158 multos
2245 3090 2648 3159 subvertere.

398 3198 458 3264 3.
488 3196 716 3277 Quoad
741 3208 1127 3265 mercatores,
1161 3198 1343 3265 Licet
1374 3196 1658 3264 vendere
1688 3196 1884 3278 31333,
1921 3195 2191 3290 gladioS,
2226 3197 2434 3278 fucoS‚
2474 3205 2691 3265 vestes
2741 3205 2805 3266 et

214 3311 607 3373 ornamenta
643 3304 723 3371 ad
751 3312 1179 3388 personatum
1204 3302 1645 3371 incedendum
1683 3303 2077 3385 (masc-here),
2108 3309 2252 3382 etc„
2285 3303 2408 3371 etsi
2440 3303 2516 3371 iis
2540 3302 2800 3389 plurimi

211 3412 357 3482 sint
383 3409 871 3495 abusuriffluia
909 3410 1050 3478 haec
1077 3410 1156 3478 de
1198 3428 1269 3477 se
1303 3427 1433 3476 non
1473 3407 1863 3475 ordinantur
1893 3407 1970 3474 ad
2007 3417 2369 3492 peccatum,
2402 3428 2520 3477 nec
2562 3409 2805 3477 malum

194 3516 760 3604 ‘praesumendum
810 3524 936 3585 est.
986 3518 1052 3584 Si
1107 3525 1322 3584 tamen
1372 3514 1451 3583 de
1501 3515 1710 3582 abusu
1778 3514 2055 3600 alicujus
2105 3524 2286 3583 certo
2336 3523 2688 3597 constaret,
2740 3523 2805 3583 et

218 3646 363 3696 non
395 3624 741 3693 vendendo
780 3635 1109 3692 mercator
1157 3623 1507 3709 impediret
1543 3629 1906 3709 peccatum,
1953 3629 2110 3691 tunc
2161 3641 2353 3691 causa
2415 3624 2645 3708 gravis,
2684 3640 2803 3691 seu

217 3733 589 3821 periculum
640 3730 950 3800 notabilis
1000 3730 1215 3798 damni
1269 3731 1632 3818 requiritur
1680 3729 1759 3797 ad
1796 3748 1900 3798 res
1936 3730 2078 3798 illas
2114 3731 2525 3799 vendendas:
2561 3749 2641 3798 ex
2678 3748 2805 3816 qua

181 3840 478 3934 ‚ratione
532 3840 682 3907 licet
731 3837 955 3924 judaeo
1004 3838 1285 3906 vendere
1349 3847 1678 3919 ornatum,
1725 3836 1826 3905 vel
1874 3854 2134 3921 agnum,
2186 3838 2297 3922 qui
2348 3856 2428 3905 eo
2476 3837 2806 3904 abusurus

211 3954 321 4017 est
369 3946 449 4013 ad
497 3963 692 4014 suum
744 3945 1001 4031 pascha.
1057 3948 1198 4013 Non
1249 3945 1403 4014 licet
1452 3952 1666 4013 tamen
1718 3944 1999 4013 vendere
2063 3963 2410 4027 venenum,
2480 3946 2603 4012 nisi
2669 3963 2807 4013 mo-

215 4053 446 4122 raliter
490 4060 769 4132 constet,
820 4060 1189 4138 emptorem
1242 4051 1354 4120 illo
1405 4054 1575 4121 bene
1622 4070 1922 4134 usurum,
1956 4072 2015 4119 v.
2056 4071 2138 4137 g.‚
2193 4053 2273 4121 ab
2323 4053 2806 4121 confectionem

214 4151 542 4243 colorum,
603 4159 1006 4228 occisionem
1062 4177 1346 4242 murum,
1382 4167 1510 4228 etc.
1526 4184 1544 4240 3
1597 4158 1750 4244 quia
1785 4159 2069 4226 maxima
2110 4168 2505 4245 sequeretur
2537 4160 2803 4228 humani

214 4266 481 4354 generis
532 4266 882 4352 pernicieS,
928 4266 983 4333 si
1035 4263 1099 4332 id
1149 4268 1457 4336 omnibus
1511 4264 1887 4352 promiscue
1936 4265 2162 4333 liceret
2213 4268 2333 4351 (S).

304 4371 465 4448 Quid
505 4372 813 4453 (quaeres)
856 4371 927 4434 de
970 4371 1074 4448 iis,
1118 4371 1227 4451 qui
1268 4372 1610 4445 incurat-iic,
1676 4378 1793 4431 aut
1853 4369 2286 4434 meretricibus
2307 4372 2519 4434 domus
2552 4370 2802 4444 locant:

217 4452 316 4516 vel
356 4452 586 4517 vehunt
625 4454 896 4516 scienter
936 4453 1319 4515 meretricem
1360 4452 1442 4514 ad
1482 4449 1842 4514 amasium?

308 4531 378 4595 R.
423 4533 513 4596 Ad
561 4534 629 4595 1·
675 4533 735 4595 in
784 4532 1195 4606 civitatibus,
1211 4533 1276 4595 in
1323 4532 1555 4611 quibus
1613 4531 1693 4595 ad
1737 4528 2066 4592 vitandum
2113 4531 2317 4609 majus
2375 4530 2610 4594 malum
2656 4546 2801 4610 per·

220 4613 506 4676 mittitur
549 4620 620 4677 ut
662 4613 953 4682 habitent
1001 4613 1272 4675 usurarii
1341 4621 1403 4675 et
1445 4613 1841 4688 meretriceS‚
1887 4610 2032 4673 licet
2064 4611 2217 4688 ipsis
2265 4612 2521 4674 domum
2568 4611 2844 4681 locare..

234 4695 514 4758 maxime
557 4694 610 4756 si
653 4694 760 4756 alii
808 4693 1228 4758 conductores
1271 4693 1514 4757 desint:
1559 4695 1683 4756 nisi
1734 4691 2108 4758 meretrices
2155 4695 2438 4771 graviter
2485 4700 2799 4754 nocerent

214 4774 476 4837 vicinis
519 4774 841 4850 honestis;
883 4774 983 4837 vel
1027 4774 1107 4838 ob
1150 4776 1343 4838 situm
1385 4789 1603 4838 ansam
1648 4774 1951 4853 majorem
1998 4772 2227 4837 darent
2268 4774 2566 4854 peccatis.
