3292 5167
484 243 618 313 248
1207 263 1323 308 un.
1372 262 1434 307 n.
1484 260 1697 309 ‘ratic-r.
1743 258 1825 305 vt.
1871 254 2019 304 mss.
2072 253 2134 300 u.
2182 253 2314 300 aar.
2360 253 2401 298 1.

665 370 726 438 3.
772 372 951 440 Bona
996 368 1159 435 inter
1201 368 1373 434 vivos
1416 367 1535 434 sibi
1579 365 1814 434 donata
1880 364 2009 430 sive
2053 360 2280 428 directe
2332 357 2465 426 sive
2509 353 2898 425 indii-eae&
2948 355 3088 421 Hac

485 478 567 547 de
614 495 686 545 re
732 474 912 544 addit
959 473 1184 544 Codex
1232 455 1482 552 civilis:
1530 461 1591 544 Ε
1629 483 1899 562 soqqetto
1944 491 1987 538 a
2032 468 2380 537 collazione
2420 464 2516 534 οἱὸ
2579 466 2686 532 che
2732 463 2781 530 il
2825 462 3089 549 defunto

487 587 569 654 ha
613 605 786 672 speso
808 575 943 671 ‘per
989 584 1053 651 la
1097 584 1232 651 dote
1278 603 1308 650 e
1354 585 1405 650 il
1451 583 1706 650 corredo
1773 580 2027 650 nuziale
2071 578 2225 645 delle
2270 573 2684 654 discendenti,
2739 589 2858 658 per
2901 569 3093 637 costi-

485 692 648 759 tuire
691 693 758 758 al
802 691 1186 759 discendente
1229 691 1280 759 it
1317 690 1707 779 patrimonio
1752 688 2178 767 ecclesiastico,
2214 703 2248 751 o
2274 701 2390 771 per
2430 678 2840 768 procuraryli
2896 675 3091 763 qual-

487 800 596 865 che
638 797 844 886 uffizio
899 819 933 865 o
980 797 1439 880 communiente,
1490 817 1525 863 o
1568 815 1854 883 papante
1899 794 1924 860 i
1968 793 2172 860 debiti.
2220 793 2291 858 Se
2335 790 2384 892 ii
2414 790 2662 856 dotante
2707 787 2794 854 ha
2831 791 3086 872 pagata

490 907 556 974 la
598 906 734 973 dote
777 906 846 973 at
887 907 1115 973 marito
1158 925 1352 972 senza
1399 906 1452 971 le
1495 903 1824 992 sufficiemi
1868 901 2123 981 camele,
2178 900 2241 965 la
2281 897 2460 984 fiytia
2505 896 2720 964 dotata
2748 895 2781 961 e
2815 892 3094 960 sonante

487 1014 799 1099 obbliqata
841 1033 886 1078 a
929 1014 1234 1099 conferi-re
1281 1013 1322 1078 l'
1346 1011 1568 1078 azione
1630 1029 1806 1076 verso
1874 1008 1924 1074 il
1985 1005 2367 1093 patrimonio
2437 1001 2538 1070 del
2602 1002 2869 1069 marito.-
2934 1012 3092 1083 quae

487 1119 662 1190 actio
711 1120 954 1208 poterit
1001 1120 1277 1190 minoris
1314 1118 1628 1192 aestimari
1672 1116 1758 1185 ob
1791 1113 2244 1183 difficultatem
2282 1111 2635 1181 solutionis
2671 1111 2825 1196 (art.
2859 1105 3092 1192 1007).

489 1229 930 1314 Excipiuntur
975 1236 1195 1297 autem
1244 1248 1278 1295 a
1328 1227 1685 1296 collatione
1762 1240 2035 1293 munera
2106 1221 2358 1292 usualia
2393 1274 2410 1304 ,
2457 1235 2769 1306 expensae
2841 1213 2910 1283 in
2982 1210 3096 1280 die

495 1337 900 1422 nuptiarum,
950 1343 1257 1423 sumptus
1294 1354 1412 1422 pro
1447 1333 1864 1415 educatione,
1889 1332 2073 1410 ,hona
2108 1328 2474 1398 immobilia
2515 1324 2572 1394 si
2609 1327 2868 1411 absque
2894 1320 3094 1407 culpa

496 1443 833 1530 perierint,
870 1444 1051 1512 utilia
1089 1462 1238 1529 quae
1280 1444 1495 1512 haeres
1544 1439 1938 1528 perceperit,
1980 1456 2109 1506 non
2164 1444 2381 1506 tamen
2430 1435 2512 1504 ab
2562 1433 2770 1515 initio,
2801 1450 2888 1499 ex
2934 1446 3096 1498 con-

495 1552 804 1620 ventione
852 1569 1002 1620 cum
1051 1550 1361 1619 defuncto
1397 1553 1460 1634 ²3
1527 1557 1592 1617 et
1667 1566 1817 1635 quae
1889 1547 2303 1615 obvenerunt
2372 1561 2453 1612 ex
2523 1539 2844 1609 societate
2916 1538 3099 1605 inter

495 1664 883 1727 testatorem
929 1664 993 1726 et
1044 1656 1378 1725 haeredem
1424 1656 1568 1724 sine
1614 1654 1843 1723 fraude
1915 1653 2118 1734 inita,
2191 1651 2247 1720 si
2318 1648 2734 1719 conditiones
2805 1644 3091 1713 firmatae

497 1764 742 1833 fuerint
789 1765 1118 1851 scriptura
1165 1771 1344 1833 certa
1394 1765 1541 1849 (con
1589 1783 1676 1854 an
1720 1773 1848 1829 atto
1896 1762 1962 1827 di
2007 1760 2158 1827 data
2193 1759 2393 1842 certa)
2430 1752 2480 1825 ³.

676 1876 738 1939 4.
791 1874 946 1940 Cum
986 1873 1292 1958 fructibus
1326 1882 1382 1938 et
1416 1870 1626 1937 rasuris
1644 1894 1667 1949 ;
1713 1887 1861 1956 quae
1883 1867 2215 1938 debentur
2246 1883 2280 1932 a
2314 1863 2421 1933 die
2454 1880 2582 1950 qua
2616 1858 2914 1948 aperitur
2943 1874 3099 1927 suc-

502 1979 740 2048 cessio,
793 1981 1007 2061 Quare
1055 1980 1109 2048 si
1158 1987 1311 2047 ante
1359 1977 1702 2046 donatoris
1751 1977 2007 2046 obitum
2056 1972 2441 2044 donatarius
2489 1989 2570 2040 ex
2618 1968 2946 2039 fructibus
2994 1968 3094 2034 rei

501 2084 761 2154 donatae
813 2085 1152 2155 immobile
1199 2084 1323 2154 sibi
1375 2082 1875 2170 comparaverit,
1924 2100 2058 2150 non
2109 2087 2372 2150 tenetur
2409 2076 2572 2146 illud
2619 2075 2946 2145 conferre.

679 2196 740 2259 5.
786 2194 934 2261 Nisi
976 2212 1020 2266 a
1063 2194 1347 2280 defuncto
1392 2192 1579 2259 aliter
1621 2192 1815 2277 fuerit
1860 2188 2268 2276 dispositum;
2301 2204 2448 2254 nam
2491 2190 2772 2254 testator
2803 2181 2898 2251 rei
2947 2195 3092 2248 suae

503 2298 811 2367 dominus
860 2308 982 2385 est,
1032 2299 1232 2368 modo
1282 2307 1497 2368 tamen
1548 2297 1912 2383 legitimam
1959 2315 2091 2364 non
2140 2292 2482 2364 defraudet
2533 2296 2651 2377 (Ι).
2940 2296 2944 2299 ’

507 2584 955 2654 Cononmmtm.
1006 2621 1084 2633 —
1135 2557 1226 2652 De
1271 2584 1519 2670 Leqatis
1545 2634 1562 2662 ‚
1610 2584 2144 2651 substitutionibus
2167 2635 2186 2666 ,
2240 2592 2564 2649 eccecutore
2630 2574 3098 2646 testamentario

1360 2769 1435 2817 ac
1478 2747 1828 2817 testamenti
1870 2746 2231 2815 caducitate.

596 2998 799 3061 381.
845 2999 917 3079 Q.
971 3008 1027 3066 1.
1081 2999 1242 3079 Quid
1284 3011 1371 3066 est
1420 2999 1709 3085 leqatum,
1757 3010 1814 3065 et
1852 2998 2290 3085 quomodo-res
2333 2997 2625 3082 legatur?

599 3106 669 3171 R.
718 3102 817 3172 Ad
867 3108 937 3173 l:
990 3108 1306 3192 Legatum
1354 3104 1695 3196 definitur:
1744 3106 1994 3184 donatio
2063 3104 2416 3191 impropria
2460 3123 2500 3170 a
2544 3102 2876 3189 defuncto,
2922 3102 3099 3171 titulo

502 3211 885 3296 particulari
928 3213 1185 3294 relicta,
1228 3212 1306 3278 ab
1352 3211 1589 3278 haerede
1626 3210 1994 3298 proestanda
2026 3215 2086 3275 ⁴:
2137 3209 2203 3290 t)
2265 3209 2515 3277 donatio
2581 3210 2978 3298 impropria,
3030 3215 3102 3274 ut

514 3317 920 3403 intelligatur
966 3318 1253 3403 legatum
1303 3317 1630 3404 proficisci
1675 3315 1943 3404 quidem
1993 3333 2028 3383 a
2077 3315 2510 3400 liberalitate,
2569 3315 2687 3384 sed
2734 3334 2886 3385 esse
2934 3315 3102 3383 libe-

515 3422 837 3510 ralitatem
889 3425 1341 3511 impropriam,
1391 3425 1675 3493 maxime
1723 3424 1876 3512 quia
1926 3431 2147 3511 potest
2198 3442 2318 3510 pro
2367 3423 2558 3493 libitu
2594 3424 2924 3507 revocari3
2957 3424 3029 3510 2)
3062 3441 3102 3489 a

512 3529 796 3614 defuncto
840 3533 1092 3614 relicta,
1134 3539 1206 3599 ut
1253 3550 1287 3600 a
1335 3532 1807 3601 donationibus
1850 3533 2021 3601 inter
2064 3532 2246 3600 vivos
2280 3530 2724 3617 distinguatur
2748 3557 2769 3615 3
2817 3532 2887 3618 3)
2918 3531 3102 3600 titulo

505 3638 890 3724 particulari
918 3638 1081 3726 ,(sen
1127 3640 1514 3725 singulari),
1563 3647 1636 3707 ut
1686 3638 2131 3725 distinguatur
2176 3639 2258 3708 ab
2325 3638 2610 3709 haeredis
2660 3638 3102 3720 institutione,

512 3886 670 3938 Cario
694 3885 789 3938 lire
808 3886 957 3949 3,ooo
975 3884 1239 3937 cadauno.
1268 3887 1430 3937 Morto
1458 3887 1690 3938 Antonio
1723 3884 1960 3938 l'eredita
1982 3885 2027 3936 si
2045 3885 2273 3939 devolve
2307 3885 2356 3937 al
2391 3886 2506 3938 suoi
2530 3888 2606 3938 tre
2628 3885 2729 3950 flgli
2755 3885 2931 3945 carlo,
2953 3886 3100 3949 Luigi

513 3947 590 4021 ed·
611 3948 839 4000 Andrea.
872 3950 976 4000 Ora
1007 3948 1162 4001 carlo
1193 3945 1289 4000 dee
1320 3949 1580 3999 conterire
1611 3949 1752 4000 nella
1782 3947 1982 4000 eredita
2016 3949 2062 3999 le
2095 3961 2191 4002 sue
2217 3948 2318 4001 lire
2342 3949 2518 4011 a,000;
2556 3957 2642 3999 ma
2674 3959 2786 3998 non
2818 3947 2994 4012 quelle
3026 3948 3101 3997 la·

513 4012 679 4063 senate
709 4011 775 4061 ad
809 4011 990 4064 lsacco
1022 4021 1124 4062 suo
1155 4009 1315 4074 agno,
1349 4023 1407 4062 se
1438 4013 1468 4062 e
1500 4011 1651 4063 illesa
1679 4012 1733 4063 la
1761 4011 2031 4072 legittima.
2068 4030 2086 4051 ·

578 4073 600 4113 1
637 4093 656 4116 ι
690 4074 731 4124 ll
763 4073 980 4125 defunto
1011 4072 1164 4124 diede
1194 4073 1625 4134 indirettamente,
1658 4085 1716 4124 se
1749 4073 1902 4125 cerco
1936 4073 1986 4124 di
2024 4074 2242 4136 palliare
2274 4072 2326 4124 la
2377 4082 2478 4123 sua
2531 4072 2848 4132 (lanuinus,
2899 4070 3101 4128 dando,

513 4147 610 4198 per
639 4137 891 4200 esempi0,
925 4133 993 4186 ad
1029 4145 1136 4187 una
1169 4145 1391 4195 persona
1423 4136 1715 4198 inter-posta
1746 4135 2037 4187 incaricata
2069 4137 2450 4199 segretamente
2478 4133 2530 4185 di
2553 4135 2906 4186 trasmetterla
2928 4133 2979 4184 al
2999 4145 3100 4184 suo

514 4198 670 4249 erede
699 4198 1027 4260 presuntivo.
1062 4198 1223 4248 Diede
1252 4198 1626 4258 direttamente,
1660 4210 1716 4250 se
1749 4197 1900 4249 diede
1933 4198 2038 4249 alla
2068 4210 2168 4249 sua
2201 4196 2463 4249 liberalita
2494 4197 2546 4248 ia
2579 4197 2751 4248 forma
2803 4195 2939 4248 d'un
2974 4207 3100 4247 con-

516 4261 678 4311 tratto
714 4271 961 4320 oneroso,
994 4271 1146 4310 come
1177 4271 1287 4310 una
1318 4259 1550 4310 vendita.
1588 4280 1609 4304 ι

578 4321 603 4361 9·
641 4341 659 4363 ι
697 4323 795 4372 Per
823 4325 1073 4384 exempto:
1106 4323 1145 4371 ll
1181 4320 1343 4385 padre
1376 4324 1443 4372 lia
1478 4321 1710 4372 venduto
1743 4321 1790 4371 al
1826 4332 1926 4372 suo
1962 4322 2196 4383 figliuolo
2231 4332 2322 4383 per
2349 4320 2441 4371 lire
2481 4322 2629 4381 6,ooo
2665 4332 2775 4372 una
2824 4330 2958 4372 oasa
3003 4320 3102 4372 che

518 4396 585 4435 ne
614 4384 801 4434 valeva
836 4385 1009 4442 1:3,000
1035 4384 1085 4434 al
1119 4387 1388 4434 momento
1420 4384 1558 4434 della
1588 4382 1822 4434 vendita.
1861 4383 2047 4435 Giusta
2088 4384 2122 4433 ιι
2156 4384 2373 4434 sistema
2406 4385 2502 4434 cue
2536 4383 2654 4435 tutti
2689 4385 2706 4434 i
2743 4382 2988 4445 vantaggi
3019 4383 3099 4432 in·

516 4444 693 4498 diretti
719 4444 964 4496 debbono
994 4457 1166 4498 essere
1196 4445 1454 4507 conten-iti,
1487 4446 1521 4496 il
1554 4446 1694 4507 figlio
1722 4445 1990 4498 ‹iovi-ebbe
2020 4447 2422 4509 rappresentase
2453 4445 2592 4496 uella
2623 4456 2805 4500 massa
2834 4443 3001 4506 6,000.
3041 4463 3094 4516 ι,

580 4509 601 4548 ⁸
646 4533 661 4550 ·
703 4509 800 4559 Per
826 4512 1068 4570 esempto:
1103 4508 1327 4559 sai-ebbe
1358 4507 1692 4559 fraudolenta
1727 4521 1782 4560 se
1816 4509 1849 4558 ll
1895 4507 2114 4559 defunto
2150 4518 2338 4559 avesse
2392 4509 2659 4559 associato
2712 4519 2823 4559 uno
2873 4507 2953 4558 de·
2979 4516 3097 4558 suoi

516 4569 658 4620 eradi
694 4569 776 4619 nel
810 4579 909 4618 suo
930 4570 1269 4630 commercia,
1293 4569 1645 4632 supponendo
1675 4568 1990 4621 falsamente
2013 4570 2109 4620 che
2128 4580 2312 4620 avesse
2331 4570 2755 4622 sumministrato
2776 4569 2863 4622 dei
2882 4567 3047 4620 tondi.
3071 4587 3088 4611 ι

581 4631 602 4670 ⁴
648 4632 701 4679 V.
734 4631 960 4691 Lignori,
995 4633 1084 4692 Op.
1119 4632 1275 4691 Mor„
1308 4633 1341 4681 ι.
1380 4643 1459 4691 in,
1493 4644 1586 4682 nn.
1618 4635 1713 4683 932
1745 4633 1800 4682 et
1828 4644 1976 4694 seqq.
2008 4656 2073 4669 -
2105 4632 2363 4693 De—Luca,
2400 4633 2585 4695 Opera,
2621 4634 2656 4682 ι.
2691 4643 2768 4683 xi.
2803 4657 2868 4671 —
2919 4633 3094 4683 Ferra-

520 4693 619 4756 ris;
657 4694 718 4744 V.
752 4694 1014 4755 Leyacum.
1044 4717 1108 4729 —
1139 4694 1469 4755 A-Montazo,
1506 4696 1572 4744 De
1594 4696 1794 4756 Leoatis
1812 4697 1861 4745 et
1895 4695 2073 4745 causis
2096 4695 2215 4756 pits.
