3292 5167
932 244 1010 289 nn
1046 244 1223 290 vrrus
1272 243 1573 291 nanterum
1623 242 1931 291 opposta-ts
1993 223 2005 242 “
2639 227 2725 292 85

325 345 377 410 2.
422 345 627 411 sones
669 346 1078 428 consultorem,
1129 347 1372 431 quihus
1437 327 1797 432 inquiritur
1842 347 2002 433 qum
2068 347 2130 415 in
2183 348 2301 416 hac
2348 348 2450 414 vei
2502 348 2606 416 ina
2657 367 2726 417 re

193 453 256 520 sit
274 448 595 535 agendum,
628 451 752 517 nisi
779 469 874 520 eae
916 452 1075 518 fiant
1114 452 1329 520 divina
1361 453 1794 538 inspiratione
1828 456 1929 539 (ut
1964 455 2286 540 contingit
2312 457 2373 523 in
2404 456 2728 524 electione

190 557 479 641 Matthiae),
531 564 689 625 sunt
737 557 984 626 illicitae
1036 577 1310 645 prorsus
1328 586 1348 642 3
1388 561 1540 648 quia
1590 561 1932 629 continent
1982 562 2415 630 tentationem
2464 565 2605 645 Dei,
2655 580 2728 631 ac

184 663 501 754 periculum
550 664 898 734 diabolicae
947 666 1193 736 fraudis
1242 662 1290 736 ¹.

319 773 373 839 3.
420 774 624 839 Sortes
668 774 1084 858 divinatoriae,
1120 777 1363 861 quibus
1397 776 1757 862 inquiritur
1789 794 1906 862 per
1940 775 2316 844 taxillorum
2359 777 2726 861 projectum

180 879 251 948 rei
288 879 558 947 occultae
607 880 709 947 vel
759 879 999 949 i'uturae
1050 881 1366 969 cognitio,
1433 884 1617 952 nullo
1666 882 1866 951 modo
1917 882 2366 963 sustinentur3
2417 900 2567 950 cum
2618 901 2729 951 ne-

178 1005 277 1073 que
317 1006 391 1054 ex
434 993 668 1055 natura
716 1006 856 1072 sua,
908 1009 1123 1076 neque
1172 1009 1393 1061 rerum
1443 1001 1836 1074 ceterarum,
1882 1008 2098 1077 neque
2146 1007 2223 1059 ex
2275 990 2389 1058 Dei
2442 998 2552 1057 aut
2599 993 2725 1058 Ec·

175 1097 355 1166 clesiae
405 1096 826 1167 institutione
875 1100 1138 1168 sortitio
1188 1102 1331 1168 haec
1379 1101 1581 1168 ullam
1634 1101 1762 1168 vim
1812 1101 2046 1169 habeat
2094 1098 2174 1166 ad
2232 1099 2589 1186 praedictos
2639 1099 2727 1165 et·-

174 1205 364 1273 iectus.
413 1204 483 1270 Si
529 1209 753 1272 tamen
804 1205 883 1272 ad
918 1215 1167 1276 sortem
1218 1207 1590 1294 ponendam
1640 1208 1933 1293 impellat
1965 1209 2143 1276 Deus
2194 1207 2334 1293 ipse
2382 1203 2590 1293 (qu'od
2625 1206 2727 1272 vix

174 1327 422 1395 unquam
472 1310 837 1381 existimari
888 1313 1113 1399 debet)
1188 1325 1343 1384 tunc
1393 1316 1566 1383 licita
1617 1314 1775 1396 erit3
1849 1315 2043 1383 sicuti
2112 1314 2287 1382 licita
2334 1314 2455 1382 fuit
2501 1316 2724 1396 Josue,

170 1416 397 1503 qnando
443 1435 517 1486 ea
565 1437 732 1489 usus
783 1431 884 1489 est
933 1422 1013 1488 ad
1061 1425 1398 1492 occultum
1444 1424 1665 1493 Achan
1714 1423 1930 1491 scelus
1980 1421 2457 1508 explorandum
2507 1419 2535 1464 ²
2586 1423 2722 1505 (Q).

730 1707 1071 1777 Auricnws
1118 1710 1196 1776 ΙΙ.
1243 1747 1334 1759 -
1377 1714 1469 1778 De
1513 1729 1682 1776 vana
1727 1710 2135 1776 observantia.

237 1940 402 2004 no.
456 1938 625 2019 Quid
669 1952 760 2007 est
805 1958 974 2006 vana
1018 1941 1407 2009 observantia
1424 1947 1456 2009 9

239 2047 296 2113 R.
336 2047 511 2113 Vana
563 2047 984 2115 observantia
1030 2047 1096 2114 in
1146 2066 1226 2116 eo
1276 2049 1599 2132 consistit,
1652 2048 1830 2134 quod
1901 2047 2048 2134 quis
2098 2048 2178 2114 ad
2251 2048 2557 2116 effectum
2606 2046 2726 2112 ali-

177 2171 333 2239 quem
376 2153 823 2222 obtinendum
870 2153 1082 2221 media
1132 2153 1400 2224 adhibet
1444 2173 1603 2223 vana
1655 2163 1720 2223 et
1780 2155 2053 2236 inutilia,
2103 2172 2252 2240 quae
2327 2172 2565 2239 nempe
2616 2171 2726 2221 ne-

177 2280 273 2347 que
310 2280 383 2331 ex
431 2269 673 2329 natura
723 2280 861 2345 sua,
915 2280 1130 2350 neque
1178 2281 1211 2328 a
1261 2264 1420 2345 De0‚
1471 2280 1686 2350 neque
1735 2264 1815 2331 ab
1863 2263 2157 2332 Ecclesia
2204 2261 2283 2328 ad
2331 2262 2517 2329 illum
2568 2261 2726 2329 effe·

180 2375 320 2436 ctum
362 2368 671 2437 ordinata
719 2377 905 2437 sunt:
958 2370 1043 2436 ita
1092 2388 1145 2438 s.
1197 2370 1481 2438 Thomas
1531 2377 1578 2437 ³.
1619 2370 1938 2438 Convenit
1987 2387 2138 2438 cum
2188 2368 2612 2452 divinatione,
2647 2385 2727 2436 eo

180 2477 315 2561 qnod
355 2487 645 2564 utraque
694 2477 1012 2547 innitatur
1081 2478 1434 2564 implorato
1497 2478 1820 2546 daemonis
1892 2476 2136 2547 auxilio
2186 2483 2251 2545 et
2301 2485 2490 2561 pacto
2563 2475 2727 2544 inito

178 2601 291 2651 cum
317 2602 412 2653 eo.
446 2585 715 2667 niffen,
767 2585 918 2672 quia
951 2584 1266 2653 divinatio
1304 2585 1651 2655 ordinatur
1681 2585 1760 2653 ad
1796 2584 2247 2671 cognitionem
2281 2583 2724 2663 occultorum3

176 2708 297 2759 vana
333 2699 561 2761 autem
610 2692 1029 2761 observantia
1077 2692 1155 2759 ad
1204 2710 1641 2779 quoscunque
1690 2692 2090 2762 obtinendos
2139 2693 2433 2761 effectus.

236 2801 388 2867 Vana
435 2801 863 2867 observantia
914 2799 1373 2885 gravissimum
1444 2808 1789 2886 peccatum
1838 2806 1972 2880 est;
2022 2808 2163 2867 tum
2213 2800 2367 2885 quia
2425 2795 2729 2865 innititur

176 2906 319 2990 quasi
361 2906 697 2976 daemonis
743 2914 935 2992 pacto
978 2906 1127 2992 (etsi
1180 2907 1355 2975 enim
1404 2926 1535 2976 non
1568 2908 1916 2976 invocetur
1963 2924 2298 2992 expresse,
2333 2904 2731 2990 aequivalen-

179 3018 252 3080 ter
287 3012 660 3096 invocatur3
712 3031 863 3082 nam
909 3033 1058 3084 cum
1110 3016 1308 3084 rebus
1355 3015 1536 3083 vanis
1586 3034 1659 3083 se
1708 3018 1885 3083 Deus
1934 3033 2069 3082 non
2117 3014 2504 3095 immisceat,
2577 3011 2730 3079 effe-

179 3126 288 3187 ctus
330 3140 456 3189 non
506 3127 740 3207 potest
789 3121 911 3190 nisi
964 3139 999 3188 a
1046 3122 1353 3191 daemone
1399 3122 1760 3207 expectari)
1775 3147 1794 3202 3
1845 3128 1985 3188 tum
2035 3120 2185 3206 quia
2235 3119 2465 3188 tribuit
2528 3118 2730 3184 hono-

179 3243 281 3295 rem
321 3228 615 3296 divinum
690 3238 1032 3313 creaturae,
1097 3230 1176 3298 ab
1240 3230 1380 3315 ipsa
1444 3228 1852 3315 expectando
1902 3227 2082 3314 quod
2151 3227 2347 3295 debet
2396 3223 2642 3292 attendi
2694 3239 2727 3290 a

181 3332 289 3402 solo
330 3338 484 3404 Deo.
536 3337 624 3403 At
677 3335 1015 3405 multoties
1064 3355 1099 3404 a
1147 3337 1406 3404 mortali
1458 3341 1812 3404 excusatur
1859 3335 2114 3404 ratione
2169 3332 2580 3419 ignorantiae,
2630 3330 2727 3398 vel

179 3443 331 3510 etiam
374 3445 643 3516 ratione
688 3443 1330 3512 inconsiderationis.

236 3600 381 3663 nv.
422 3602 849 3683 Quadruplex
891 3615 988 3666 est
1030 3619 1210 3665 vanae
1255 3603 1683 3665 observantiae
1729 3605 2010 3681 species:

298 3682 345 3744 l.
386 3684 449 3746 Si
494 3685 929 3746 observentur
974 3684 1227 3747 inutilia
1273 3682 1348 3746 ad
1412 3680 1656 3762 aliquid
1715 3683 2264 3762 cognoscendum,
2321 3679 2557 3743 dicitur
2616 3693 2725 3739 ars

179 3763 399 3828 notoria.
440 3763 551 3827 Sic
601 3775 871 3844 peccant
911 3764 1278 3828 stultissimi
1326 3762 1448 3838 illi,
1496 3765 1604 3842 qui
1651 3763 2043 3827 elaboratam
2076 3764 2397 3843 potionem
2444 3764 2723 3830 sumunt,

180 3853 229 3903 ut
260 3843 417 3907 illico
460 3846 643 3909 docti
688 3847 983 3910 evadant.

204 4062 240 4134 αἱ
267 4066 366 4118 Act.
395 4080 433 4118 1.
462 4093 531 4106 —
565 4067 633 4118 V.
669 4067 843 4118 Bibbia
875 4067 928 4118 di
962 4068 1155 4125 veneo,
1188 4066 1291 4117 vol.
1326 4079 1397 4127 vi,
1431 4067 1648 4119 Dissert.
1668 4081 1681 4119 :
1703 4065 2000 4117 Leeleztom·
2023 4067 2198 4115 cavate
2227 4078 2262 4114 a
2285 4067 2439 4133 sorte..
2467 4060 2596 4111 ilinc
2628 4059 2725 4132 illi·

183 4125 257 4175 etta
282 4131 354 4179 est
385 4131 436 4181 et
479 4129 679 4182 merito
731 4128 970 4193 pluribus
1012 4131 1066 4180 in
1115 4130 1364 4181 conciliis
1397 4129 1647 4181 damnata
1682 4130 1802 4179 Sors
1834 4128 2158 4185 Sanctorum,
2193 4137 2311 4190 quae
2365 4126 2493 4195 olim
2526 4125 2640 4173 erat
2673 4133 2726 4173 ιιι

184 4196 272 4257 11831,
297 4192 346 4241 in
376 4192 477 4243 boc
507 4191 832 4252 consistens»,
868 4194 927 4243 nt
956 4192 1023 4242 ad
1059 4193 1411 4254 aperitionem
1442 4192 1668 4254 alicujus
1704 4190 1821 4240 libri
1854 4190 2044 4249 sancti,
2081 4191 2163 4238 vel
2196 4187 2262 4238 ad
2298 4185 2626 4237 auditionem
2661 4185 2731 4236 le·

186 4251 306 4302 tuoni
359 4265 545 4314 sacrae,
580 4265 654 4304 ex
692 4254 863 4318 prima
894 4255 1158 4305 sententia
1208 4257 1533 4314 occurrente,
1569 4253 1922 4315 cognoscatur
1953 4252 2258 4310 occultum;
2291 4250 2375 4299 vel
2408 4246 2536 4320 quid
2570 4258 2725 4319 agen-

186 4306 279 4382 tium
308 4315 355 4365 in
385 4316 475 4367 tali
509 4315 934 4368 circumstantia.
972 4316 1098 4375 Quae
1131 4327 1249 4366 sors
1279 4318 1360 4366 est
1390 4314 1458 4366 ad
1494 4316 1671 4366 minus
1701 4324 1843 4364 vana
1874 4313 1999 4374 (nisi
2049 4311 2332 4364 accedente
2379 4312 2470 4361 Det
2506 4320 2723 4373 inspira·

189 4371 333 4436 honen
361 4389 479 4428 curn
514 4377 669 4429 nullo
701 4379 903 4428 nitatur
932 4377 1304 4428 fundamento:
1340 4378 1392 4427 et
1422 4378 1479 4428 in
1514 4377 1783 4428 constitut.
1819 4375 1856 4425 Α
1898 4376 2116 4426 ostolicis
2149 4376 2203 4436 (l.
2242 4377 2286 4435 l,
2322 4383 2368 4424 c.
2402 4376 2452 4434 7)
2502 4372 2725 4423 liabetur

187 4437 403 4506 prohibita
452 4443 715 4504 tanquam
749 4439 814 4489 ad
853 4438 1212 4491 idololatriam
1263 4438 1587 4490 conducens.
1635 4464 1699 4475 -
1743 4439 1798 4489 V.
1889 4439 2075 4501 ergier,
2125 4437 2422 4490 Dizionario
2461 4435 2728 4495 encictope·

188 4495 386 4551 wenc.
420 4503 480 4554 V.
514 4502 681 4553 soree.
719 4526 784 4539 -
814 4502 1046 4563 Lignori,
1082 4503 1121 4553 Ο
1160 4541 1170 4551 .
1210 4502 1361 4561 Mor„
1398 4502 1429 4551 l.
1465 4513 1541 4563 ιιι,
1575 4512 1628 4550 n.
1666 4503 1713 4550 6.

232 4557 367 4614 ⁵10³.
396 4576 483 4616 vu.
518 4589 579 4599 -
622 4565 678 4615 V.
720 4565 988 4626 Ferraris;
1025 4566 1082 4616 V.
1210 4577 1251 4615 s.
2576 4621 2585 4631 ‚

234 4621 317 4682 ⁸2,
344 4629 388 4687 ἰ,
418 4640 471 4691 q.
503 4630 589 4682 96,
620 4638 670 4677 a.
707 4630 752 4677 t.
790 4649 851 4662 --
895 4627 944 4676 V.
982 4627 1211 4690 Lignori,
1248 4626 1338 4688 Op.
1375 4625 1534 4685 Mor„
1568 4623 1601 4674 l.
1640 4635 1717 4684 ιιι,
1754 4635 1843 4674 nn.
1882 4626 1940 4675 17
1975 4625 2026 4675 et
2061 4635 2227 4687 seqq„
2279 4622 2369 4675 ubi
2403 4623 2722 4685 quaestiones

192 4681 397 4740 plurimas
425 4689 493 4740 ad
524 4689 740 4754 praxim
778 4690 1095 4766 pertinentes
1128 4688 1343 4739 evolvit.
1376 4711 1442 4725 —
1472 4687 1733 4748 Ferraris3
1769 4687 1829 4738 V.
1862 4687 2183 4749 Superstitio.

259 4766 499 4857 Sumo,
553 4771 890 4857 Theotoqia
932 4778 1056 4840 etc.
1097 4773 1282 4840 Tom.
1330 4771 1409 4839 11.
2059 4829 2064 4836 ,
2502 4769 2544 4832 6
