3292 5167
441 231 573 299 770
1390 254 1506 300 un.
1556 254 1617 299 ιι.
1667 222 1877 301 rufior.
1925 247 2055 302 viii.

437 352 675 430 buere;
718 359 887 417 esset
919 353 1093 416 enim
1123 352 1298 432 illius
1332 362 1590 434 peccato
1628 372 1998 435 cooperare.
2032 355 2248 419 Aliter
2286 362 2385 418 est
2413 355 2465 419 si
2507 353 2868 435 indignitas
2897 369 3032 417 non

441 435 531 496 ita
577 437 748 497 certa
794 437 896 509 sit,
938 434 1049 496 sed
1094 442 1319 512 agatur
1363 434 1443 496 de
1487 436 1714 515 majori
1777 437 1888 512 vel⁸
1941 438 2174 500 minori
2239 436 2559 515 dignitate
2622 437 2687 498 in
2757 435 3034 498 aliorum

440 529 781 588 concursu3
831 531 972 577 cum
1020 515 1157 577 haec
1197 514 1274 576 ab
1333 517 1628 579 omnibus
1691 532 1818 579 non
1890 533 2016 581 uno
2085 516 2274 580 modo
2339 515 2881 596 apprehendatur.
2945 514 3030 577 Et

439 594 585 735 {deo
628 603 783 736 ctlunc
828 594 1137 657 mandans
1181 596 1566 675 supponitur
1612 597 1852 659 habere
1892 598 2107 676 justas
2163 598 2447 661 rationes
2505 602 2573 658 in
2614 596 2864 676 judicio
2909 612 3032 658 suo

470 690 620 738 eren
673 691 728 737 o.

520 753 584 828 Q.
629 756 688 818 2.
762 754 1019 818 Moevius
1061 753 1347 833 alioquin
1401 755 1660 833 iuvenis
1713 758 1884 835 pius,
1951 764 2210 820 vocatus
2263 757 2346 819 ad
2398 771 2579 819 sonos
2638 755 2902 818 edendos
2966 755 3038 818 in

438 833 611 897 domo
670 835 864 907 Livii,
933 832 1043 897 ubi
1104 835 1443 897 inhonestae
1508 837 1943 901 instituuntur
2005 837 2263 914 choreae,
2306 836 2532 917 qtaoerit
2581 853 2620 897 a
2679 836 3040 899 Pane-ratio

441 931 553 977 sno
595 915 998 996 confessario,
1031 931 1116 977 an
1161 916 1225 976 id
1265 918 1466 994 possit
1508 925 1648 980 tuta
1691 920 2139 998 conscientia?

522 993 589 1057 R.
635 994 697 1058 Si
742 995 999 1061 Maevius
1023 997 1167 1057 sine
1188 997 1365 1074 gravi
1413 996 1642 1059 damno
1691 1009 1896 1077 potest
1937 1015 1970 1060 a
2003 1014 2160 1061 sono
2190 995 2255 1058 in
2291 996 2401 1059 tali
2435 996 2621 1059 domo
2676 995 3034 1070 abstinere,

444 1073 637 1139 debet
680 1076 1046 1149 abstinere3
1089 1079 1235 1154 quia
1280 1077 1399 1139 etsi
1445 1077 1554 1154 (ex
1596 1095 1720 1157 quo
1765 1081 1853 1141 sit
1897 1080 1996 1140 vir
2029 1079 2191 1158 pius)
2232 1078 2370 1156 eJ’us
2405 1093 2599 1139 sonus
2631 1085 3044 1155 supponatur

443 1171 573 1217 non
611 1173 750 1218 esse
785 1174 898 1235 per
930 1173 998 1217 se
1032 1156 1790 1228 directivuschorearum
1825 1160 2335 1232 inhonestarum,
2373 1167 2436 1221 et
2471 1158 2673 1235 ipsum
2709 1159 2776 1218 in
2810 1172 3036 1218 earum

444 1247 705 1314 aspectu
744 1236 911 1299 haud
964 1241 1235 1315 turpiter
1279 1237 1621 1311 delectari;
1670 1239 1878 1303 adhuc
1926 1249 2136 1302 tamen
2184 1239 2356 1318 (cum
2401 1237 2673 1317 quilibet
2741 1252 2825 1298 ex
2894 1235 3040 1315 lege

445 1319 773 1379 charitatis
819 1326 1130 1392 teneatur,
1170 1326 1482 1396 quantum
1528 1321 1591 1379 in
1639 1335 1707 1381 se
1753 1331 1868 1391 est,
1931 1320 2166 1383 malum
2236 1319 2509 1397 proximi
2574 1315 2905 1389 avertere)
2969 1317 3034 1377 vi

445 1397 730 1475 ejusdem
776 1397 935 1537 leffis
982 1405 1234 1461 tenetur
1277 1415 1346 1460 se
1390 1414 1424 1459 a
1469 1398 1776 1477 praedicta
1822 1400 2009 1462 domo
2058 1402 2418 1473 retrahere,
2468 1414 2549 1459 ne
2594 1414 2706 1477 per
2739 1413 2953 1462 ,sonos
2997 1412 3032 1458 a

446 1494 513 1539 se
556 1478 761 1541 editos
805 1494 836 1540 a
874 1480 1076 1546 iorum
1124 1478 1543 1556 impudicitiis
1586 1489 1984 1558 cooperetur.
2030 1479 2097 1542 Si
2147 1496 2297 1543 vero
2363 1478 2721 1559 prudenter
2805 1478 3032 1539 timeat

444 1574 639 1699 {grave
685 1558 985 1621 damnum
1033 1558 1151 1620 sibi
1200 1560 1567 1634 imminere,
1613 1576 1668 1621 v.
1713 1578 1796 1639 g.,
1835 1563 1887 1623 si
1926 1577 2189 1640 gravem
2218 1560 2373 1622 inde
2404 1558 2712 1637 injuriam
2743 1563 3034 1619 autvitae

474 1639 775 1700 aesionem
823 1641 1076 1700 timeret
1119 1637 1315 1717 (quod
1365 1647 1573 1702 tamen
1624 1656 1766 1702 raro
1812 1642 2180 1721 contingit),
2218 1642 2284 1703 in
2332 1641 2450 1701 hoc
2485 1641 2586 1700 sin
2638 1638 2805 1701 utari
2847 1653 3025 1715 pror·

336 1773 351 1786 .
449 1736 555 1781 sus
600 1735 770 1794 casu,
815 1718 922 1780 ille
969 1727 1172 1798 potest
1220 1727 1348 1783 tuta
1396 1720 1791 1784 conscientia
1829 1738 2018 1784 sonos
2065 1726 2127 1784 in
2176 1721 2344 1783 dicta
2391 1719 2552 1781 Livii
2630 1735 2774 1780 omn
2807 1717 3037 1794 edere3

448 1812 588 1860 cum
635 1814 714 1861 ex
758 1815 878 1862 una
925 1808 1105 1878 parte
1148 1800 1399 1862 choreae
1444 1815 1524 1862 ex
1566 1801 1836 1864 aliorum
1887 1811 2130 1864 tantum
2178 1800 2419 1863 malitia
2469 1808 2689 1877 turpes
2721 1798 3021 1873 evadant,

448 1894 526 1941 ex
570 1878 768 1941 altera
815 1895 1000 1941 nemo
1048 1887 1338 1943 teneatur
1405 1883 1471 1941 in
1532 1895 1762 1958 magno
1828 1886 2072 1961 proprii
2131 1882 2346 1944 damni
2410 1879 2692 1958 periculo
2747 1878 3025 1940 aliorum

446 1968 701 2039 peccata
746 1977 824 2024 ex
867 1959 1179 2021 charitate
1224 1960 1556 2039 impedire.
1602 1959 1864 2035 Suarez,
1894 1962 2150 2034 Palaeis,
2187 1960 2576 2025 Giribaldns.
2608 1957 2773 2022 Sunt
2805 1969 3024 2020 tamen

449 2041 554 2118 qui
603 2040 664 2102 id
714 2039 1062 2104 nullimode
1108 2043 1509 2119 permittunt,
1553 2045 1700 2119 quia
1744 2060 1937 2106 sonus
1984 2044 2252 2106 nimium
2304 2043 2538 2116 inssuit,
2590 2049 2655 2102 et
2721 2040 3026 2101 intimius

448 2120 739 2184 incendit
780 2120 859 2183 ad
905 2121 1169 2182 choreas
1214 2121 1604 2183 inhonestas.
2845 2189 2850 2194 ,

528 2199 594 2273 Q.
637 2201 694 2264 3.
752 2204 851 2264 An
894 2200 1235 2263 christiani
1276 2201 1370 2262 vel
1411 2202 1710 2264 catholici
1749 2203 1917 2280 apud
1958 2210 2176 2266 turcas
2220 2202 2317 2266 vel
2359 2202 2677 2264 licereticos
2716 2198 3022 2262 bellantes

449 2297 672 2344 contra
715 2281 1096 2344 christianos
1139 2281 1233 2343 vel
1275 2281 1634 2349 catholicos.
1687 2283 1859 2345 licite
1902 2283 2228 2360 renumerat,
2263 2282 2535 2362 fodiant,
2579 2282 2905 2343 sarcinam
2947 2286 3010 2341 et

451 2378 632 2425 arma
673 2362 996 2436 devehant,
1040 2363 1517 2442 pi·opuqnacula
1560 2363 1880 2440 (edificent,
1925 2369 2090 2427 eta?

539 2440 603 2503 R.
647 2443 1081 2517 Affermative,
1129 2445 1274 2523 quia
1320 2459 1397 2504 ex
1445 2458 1567 2505 una
1616 2452 1794 2523 parte
1840 2461 2070 2522 magna
2115 2445 2463 2506 necessitas
2499 2450 2564 2504 et
2612 2440 3032 2518 gravissimus

452 2528 663 2586 metus
706 2522 1044 2584 verberum
1091 2533 1156 2584 et
1200 2527 1424 2584 mortis
1467 2539 1575 2585 eos
1619 2526 1822 2601 cogit:
1867 2541 1944 2586 ex
1989 2525 2189 2587 altera
2242 2531 2420 2602 parte
2483 2522 2850 2599 cooperatio
2897 2536 3030 2581 non

454 2603 614 2665 adeo
661 2604 1011 2682 propinqua
1058 2614 1174 2678 est,
1216 2605 1357 2664 sine
1445 2620 1518 2666 ua
1571 2604 1990 2667 nihilominus
2037 2605 2341 2666 damnum
2413 2601 2824 2665 inferendum
2890 2609 3028 2661 est:

454 2682 541 2746 ita
589 2683 1006 2762 probabiliter
1049 2681 1359 2758 Sanchez‚
1455 2700 1664 2760 uarez‚
1709 2683 1987 2763 Layman
2034 2694 2253 2748 contra
2301 2683 2567 2763 aliquoS,
2615 2682 2722 2761 qui
2768 2690 3030 2759 negant,

455 2764 602 2842 quia
649 2780 774 2825 non
824 2762 974 2826 licet
1015 2779 1197 2843 opem
1243 2762 1414 2843 ferre
1461 2765 1538 2825 iis
1574 2769 1681 2843 qui
1712 2764 1873 2828 alios
1903 2767 2145 2845 injuste
2176 2765 2468 2827 occidere
2508 2765 2825 2825 nituntur.
2850 2760 3030 2833 Quod

455 2845 507 2906 si
555 2844 787 2921 captivi
834 2842 983 2906 talia
1028 2842 1263 2905 auxilia
1297 2855 1624 2924 negantes,
1671 2844 1815 2907 illos
1844 2862 2075 2925 magno
2128 2844 2412 2926 periculo
2459 2844 2715 2923 eripere
2766 2851 3033 2921 possent

413 2922 556 3007 ¹vel
601 2924 936 2987 victoriam
985 2925 1135 3003 ipsis
1178 2941 1459 3000 causare,
1502 2925 1765 2987 omnino
1800 2943 1879 2987 ex
1915 2925 2254 2989 charitate*
2280 2925 2579 2987 videntur
2622 2920 2896 2999 obligari
2947 2920 3026 2982 ad

452 3002 693 3067 honum
751 3020 1085 3066 commune
1129 3002 1517 3083 Reipublicae
1570 3007 1940 3068 christianas
1997 3006 2101 3069 vel
2143 3005 2443 3068 Ecclesiae
2504 3002 3032 3082 anteponendum

453 3088 733 3165 propriae
778 3086 944 3147 vitae.
990 3083 1144 3146 ltem
1190 3095 1595 3161 excusantur,
1631 3087 1684 3148 si
1721 3085 2007 3149 inferant
2045 3087 2273 3152 damna
2316 3085 2688 3148 christianis
2732 3085 2797 3144 in
2837 3081 3031 3144 rebus

454 3165 742 3236 externis
778 3163 1152 3241 auferendo,
1196 3165 1606 3242 destruendo,
1636 3165 2070 3230 comburendo
2110 3167 2303 3228 simili
2341 3176 2516 3228 metu
2546 3164 2769 3226 mortis
2802 3165 3035 3234 coacti3

455 3247 600 3325 quia
651 3254 799 3307 tunc
842 3254 991 3309 sunt
1036 3248 1100 3308 in
1146 3252 1429 3309 extrema
1478 3247 1861 3310 necessitate
1905 3247 1984 3309 ad
2025 3247 2328 3310 tuendam
2373 3247 2607 3318 vitam,
2655 3252 2721 3306 et
2782 3241 3032 3304 domiui

454 3341 584 3388 non
630 3325 867 3389 dehent
909 3343 1048 3390 esse
1092 3327 1279 3389 inviti
1325 3325 1828 3401 rationabiliter3
1871 3329 1979 3390 sed
2029 3327 2239 3407 potius
2283 3341 2365 3390 ex
2407 3325 2723 3388 charitate
2760 3336 3035 3385 consen·

459 3407 597 3469 tire.
641 3405 722 3468 At
762 3423 912 3470 vero
956 3405 1219 3469 minime
1262 3415 1650 3469 excusantur
1693 3408 1916 3470 mortis
1959 3408 2151 3472 etiam
2205 3415 2380 3470 metu
2440 3414 2588 3468 actu
2651 3411 3034 3483 pugnantes,

456 3495 678 3549 contra
728 3489 1013 3549 insontes
1050 3487 1436 3549 christianos
1480 3487 1579 3549 vel
1626 3487 1995 3563 catholicos,
2039 3505 2146 3551 eos
2204 3487 2589 3559 occidentes,
2653 3484 3040 3546 mutilantes

457 3576 777 3630 tormenta
822 3567 1261 3647 explodenteS,
1304 3567 1699 3646 applicantes
1744 3569 1954 3646 iguem
2003 3567 2287 3644 naribus,
2317 3576 2467 3639 etc.;
2514 3564 2658 3645 quia
2704 3565 2842 3624 haec
2883 3573 3042 3625 sunt

454 3649 806 3711 intrinsece
851 3647 1036 3723 mala,
1078 3664 1194 3710 nec
1239 3646 1368 3709 illis
1414 3648 1542 3710 ullo
1576 3646 1763 3710 modo
1804 3649 2190 3727 patrocinari
2239 3656 2446 3727 potest
2483 3660 2833 3708 consensus
2868 3644 3030 3723 ipso·

455 3744 599 3791 rum
646 3728 1109 3790 innocentium.

533 3807 597 3882 Q.
643 3808 699 3870 4.
745 3808 904 3882 Quid
944 3809 1001 3870 si
1042 3826 1158 3871 rea>
1190 3805 1265 3871 ob
1310 3804 1535 3871 bellum
1577 3806 1891 3883 injustum
1929 3808 2264 3886 praecipiat
2298 3804 2588 3886 publicas
2632 3806 2894 3882 preces?

532 3888 604 3952 R.
645 3888 845 3950 Tenet
889 3889 1156 3963 Lessius,
1199 3897 1372 3950 metu
1407 3892 1621 3966 gravis
1665 3885 1906 3962 damni,
1957 3889 2201 3950 licitum
2233 3904 2371 3948 esse
2406 3883 2805 3948 intendendo
2841 3899 3040 3950 orare

454 3984 584 4032 non
630 3985 743 4048 pro
788 3971 1051 4032 victoria
1089 3984 1294 4032 causat
1341 3970 1617 4048 injustae,
1661 3966 1770 4028 sed
1834 3983 1945 4046 pro
1988 3983 2285 4031 successu
2329 3965 2503 4028 felici
2544 3966 2736 4044 Justae
2800 3979 3033 4026 causae.

453 4049 747 4112 Attamen
797 4065 921 4111 non
970 4051 1052 4112 ita
1101 4050 1284 4112 facile
1314 4048 1688 4110 scandalum
1718 4046 1958 4110 auferri
1997 4057 2235 4128 potest;
2266 4046 2522 4109 videtur
2554 4046 2726 4107 enim
2774 4043 3036 4123 publica

455 4128 765 4208 decepti0,
813 4141 877 4193 et
917 4129 1153 4193 abusus
1214 4139 1472 4208 apertus
1514 4127 1872 4190 Sacrorum.
1917 4126 2212 4191 Ceterum
2259 4142 2402 4190 cum
2451 4126 2746 4205 publicas
2808 4140 3037 4202 preces

454 4209 743 4274 indicere
786 4211 869 4272 sit
911 4225 1223 4289 supremae
1267 4211 1665 4272 auctoritatis
1709 4208 2156 4272 ecclesiasticae
2200 4208 2356 4287 (non
2401 4206 2780 4284 saecularis),
2817 4206 3033 4282 priva·

455 4297 557 4354 tus
604 4307 789 4353 nemo
834 4307 1039 4370 neque
1083 4291 1355 4353 clericus
1399 4306 1604 4369 neque
1651 4288 1991 4362 ParochuS,
2041 4305 2146 4352 eas
2208 4289 2466 4368 proprio
2511 4294 2715 4349 marte
2745 4284 3042 4347 indicere

456 4370 668 4444 debet,
717 4373 997 4434 inaniter
1044 4370 1546 4449 tergiversando,
1604 4368 1663 4431 V.
1713 4368 1843 4432 Lib.
1885 4386 1927 4446 1,
1972 4385 2031 4429 n.
2074 4368 2211 4431 613.

508 4448 801 4512 joaz.
845 4450 911 4525 Q.
953 4453 1008 4513 5.
1053 4452 1155 4514 An
1198 4451 1386 4516 liceat
1435 4452 1732 4512 interesse
1762 4450 2135 4531 spectaculis
2173 4445 2399 4529 quibas
2429 4445 2810 4519 invasiones,
2844 4459 3034 4506 nster·

450 4532 736 4613 potiones
772 4538 833 4593 et
871 4532 1108 4593 similia
1150 4531 1599 4594 celebrantur?

537 4611 606 4673 R.
650 4609 785 4672 Nisi
829 4611 994 4671 adsit
1039 4613 1198 4671 ratio
1243 4611 1431 4672 officii
1480 4609 1577 4672 vel
1622 4608 1890 4673 alterius
1933 4610 2144 4688 gravis
2187 4623 2415 4685 causae,
2475 4614 2541 4668 et
2609 4613 2758 4667 tunc
2821 4611 3042 4665 amoto

457 4688 779 4766 scandam,
815 4688 876 4751 id
925 4689 1234 4753 dedecere
1282 4690 1551 4767 videtur,
1608 4691 1880 4752 maxime
1923 4690 2129 4769 quoad
2173 4689 2680 4761 ecclesiasticos;
2725 4699 2874 4747 uam
2935 4698 3033 4744 vi·
