3292 5167
1102 261 1182 308 nu
1229 262 1486 308 vin'rurss
1523 245 1817 309 'susurras
2628 237 2759 308 2⁴13

214 365 373 434 titulo
402 364 704 449 legitimae
754 363 1171 450 reservatis);
1220 365 1290 451 2)
1340 365 1603 451 quando
1654 367 1827 435 bona
1877 363 2029 434 filiis
2077 365 2318 433 donata
2369 374 2481 431 aut
2529 363 2792 433 relictar

214 482 335 543 sunt
357 474 469 541 hoc
499 479 713 559 pacto,
740 479 814 539 ut
840 471 1129 558 aliquam
1155 480 1364 542 artem
1392 474 1490 542 vel
1530 474 2013 560 professionem
2044 473 2378 560 acquirat3
2404 474 2474 559 3)
2495 469 2760 559 quando

221 581 319 650 filio
360 579 708 666 quidquam
758 580 1117 664 confertur,
1168 588 1354 668 patre
1390 579 1886 650 contradicente
1901 606 1923 663 3
1973 579 2043 666 4)
2080 578 2343 666 quando
2379 579 2555 648 filius
2591 579 2766 647 bona

216 687 308 758 sibi
370 686 747 772 acquisierit
810 703 1004 755 causa
1054 686 1154 755 vel
1204 687 1557 757 occasione
1606 687 1900 771 militiae;
1947 687 2049 755 vel
2101 704 2181 756 ex
2230 685 2512 770 alicujus
2564 684 2765 753 officii

218 792 482 878 gestione,
519 791 623 859 vel
658 812 737 861 ex
775 793 1044 879 proprio
1094 792 1342 876 labore,
1379 802 1518 863 arte
1553 802 1618 861 et
1653 793 1974 862 industria
2012 792 2370 900 separatim
2420 810 2453 858 a
2495 789 2764 876 negotio

216 899 395 987 patris,
444 916 683 984 nempe
731 898 854 968 sibi
907 900 1100 968 unice
1152 901 1436 986 propria,
1493 902 1588 969 uti
1638 902 1932 987 pictura,
1980 899 2231 968 musica
2297 899 2446 986 (art.
2498 897 2658 983 229)
2718 905 2766 963 ¹.

274 1008 443 1071 814.
516 1010 590 1088 Q.
647 1009 709 1073 2.
763 1008 1065 1089 Qua-nam
1109 1021 1258 1076 sunt
1302 1029 1499 1076 onera
1545 1011 1943 1095 ususfructus
1979 1020 2340 1097 parentum,
2390 1018 2446 1074 et
2489 1006 2770 1092 quando-

210 1133 325 1181 nam
364 1116 755 1200 ususfructus
800 1128 995 1184 cessat
1013 1122 1045 1183 P

274 1224 331 1290 R.
373 1220 465 1290 Ad
515 1225 583 1289 1:
634 1226 730 1290 Ex
773 1222 917 1308 lege
965 1223 1167 1291 civili:
1222 1226 1381 1293 Seno
1428 1225 1695 1292 inserenti
1738 1225 2166 1310 all'usufrutto
2218 1223 2409 1308 leqale
2441 1222 2465 1288 i
2494 1219 2770 1306 sequenti

207 1331 339 1416 pest:
387 1331 447 1415 l)
504 1331 559 1397 le
604 1352 776 1417 spese
821 1331 887 1397 cti
929 1333 1411 1399 manteuimento
1437 1386 1455 1414 ,
1494 1332 1867 1398 educazione
1912 1331 1986 1398 ed
2029 1331 2370 1398 istruzione
2417 1329 2515 1395 del
2558 1327 2771 1413 fiztlio;

206 1439 258 1523 2)
283 1438 324 1503 il
348 1451 717 1524 payammto
750 1439 904 1505 delle
948 1440 1305 1521 annualiter,
1356 1460 1390 1505 o
1437 1440 1600 1526 deqlt
1646 1439 1932 1506 iuteressi
1975 1437 2068 1504 de’
2102 1438 2365 1525 capitali
2413 1437 2518 1502 che
2565 1435 2774 1500 decor-
2885 1479 2890 1484 -

206 1563 328 1611 rone
368 1545 470 1611 dal
511 1545 739 1631 giorno
785 1547 855 1612 in
898 1546 1001 1612 cui
1044 1546 1100 1612 si
1145 1566 1297 1634 apra
1346 1546 1735 1633 l'usufrutto;
1789 1546 1856 1632 3)
1905 1545 2047 1612 tutti
2090 1545 2182 1630 qli
2227 1544 2379 1626 altri
2411 1542 2676 1627 obbtiyhi
2705 1541 2772 1607 ai

204 1653 343 1737 quali
381 1671 527 1718 sono
560 1653 821 1740 squetti
864 1655 954 1739 qli
999 1655 1428 1739 usufructuari
1475 1655 1623 1739 (art.
1677 1654 1837 1740 230)
1888 1653 1938 1721 ².

273 1762 329 1826 R.
390 1760 485 1827 Ad
534 1762 611 1826 2:
674 1760 1104 1829 Ususl'ructus
1154 1768 1403 1829 cessat:
1458 1761 1523 1847 1)
1572 1760 1625 1829 si
1677 1759 1858 1828 filius
1903 1759 2244 1841 moriatur,
2295 1756 2768 1842 emancipetur,

204 1865 652 1934 matrimonium
723 1868 1067 1934 contrahat
1120 1869 1219 1935 vel
1272 1868 1380 1934 liat
1431 1874 1625 1935 aetate
1676 1867 1904 1953 major,
1958 1864 2020 1933 id
2070 1874 2170 1933 est
2218 1866 2270 1932 si
2325 1860 2761 1949 compleverit

210 1973 423 2039 aetatem
494 1975 576 2040 21
660 1991 1012 2057 annorum3
1063 1977 1131 2061 2)
1183 1975 1237 2042 si
1290 1975 1550 2060 genitor
1587 1973 1669 2041 ad
1703 1972 2027 2042 secundas
2078 1972 2341 2058 nuptias
2391 1968 2771 2048 transierit3

214 2079 267 2164 3)
305 2080 343 2146 si
385 2087 573 2166 pater
621 2082 831 2166 patria
881 2092 1203 2168 potestate
1252 2084 1563 2151 abutatur
1611 2090 1726 2149 aut
1775 2082 2217 2166 obligationes
2271 2098 2402 2147 non
2454 2075 2770 2159 curandO,

213 2195 301 2254 aut
338 2181 507 2258 boua'
543 2191 717 2259 male
765 2191 1316 2260 administrando:
1372 2209 1504 2277 quo
1556 2190 1619 2258 in
1665 2180 1829 2259 ‘casu
1881 2189 2124 2276 poterit
2186 2188 2286 2256 vel
2324 2188 2385 2255 in
2439 2191 2625 2272 parte
2673 2184 2774 2253 vel

208 2295 365 2364 etiam
423 2297 485 2364 in
568 2305 713 2365 toto
766 2300 1111 2367 usufructu
1163 2300 1396 2386 privari
1415 2325 1434 2381 3
1485 2305 1549 2367 et
1590 2305 1749 2366 tunc
1797 2297 2219 2365 ususfructus
2279 2293 2647 2370 devolvitur
2693 2290 2774 2358 ad

205 2410 481 2485 matrem,
565 2404 692 2471 etsi
767 2405 979 2473 adhuc
1028 2414 1364 2474 remaneat
1413 2406 1587 2492 apud
1639 2412 1891 2490 patrem
1943 2403 2148 2490 patria
2199 2408 2517 2488 potestas.
2584 2397 2776 2481 Quod

204 2508 247 2576 si
287 2518 576 2580 cessante
617 2512 986 2596 usufructu,
1052 2513 1265 2580 adhuc
1302 2519 1578 2599 pergant
1627 2519 1935 2598 parentes
1985 2509 2170 2577 illum
2222 2508 2583 2595 percipere,
2637 2505 2772 2574 filio

204 2615 345 2702 apud
410 2618 599 2704 ipsos
650 2625 996 2712 morante,
1050 2622 1207 2708 quin
1259 2621 1417 2688 inita
1478 2620 1677 2689 fuerit
1750 2617 2041 2688 conditio
2094 2616 2445 2686 reddendae
2497 2614 2774 2684 rationis

204 2722 302 2809 ipsi
346 2727 443 2795 vel
508 2727 657 2812 ejus
707 2727 1026 2813 haeredeS,
1079 2750 1210 2798 non
1260 2736 1575 2798 tenentur
1618 2730 1742 2796 nisi
1779 2729 1859 2796 ad
1894 2728 2145 2796 fructus
2180 2726 2540 2796 existentes
2589 2742 2622 2791 a
2672 2722 2776 2793 die

200 2846 306 2916 quo
349 2835 790 2919 postulantur
835 2837 984 2922 (art.
1033 2838 1218 2922 234).

265 2942 442 3009 8¹5.
492 2944 597 3010 Au
632 2944 953 3031 (quaeres)
977 2945 1379 3032 filiifamilias
1396 2945 1640 3032 possint
1663 2945 1784 3012 sibi
1807 2945 1873 3010 in
1909 2943 2280 3010 conscientia
2312 2941 2631 3008 vindicare
2660 2938 2779 3006 ali-

197 3049 328 3131 quod
370 3049 621 3118 lucrum
668 3073 777 3119 seu
820 3054 1195 3140 stipendium
1241 3053 1493 3140 eoez‘qere
1539 3074 1578 3120 a
1616 3065 1820 3141 patre,
1868 3053 2002 3119 ideo
2049 3052 2202 3136 quia
2245 3050 2314 3117 iu
2358 3050 2491 3136 ejus
2536 3047 2777 3132 neyotio

198 3167 283 3220 aut
304 3158 430 3242 ejus
464 3159 723 3225 nominc
755 3160 1041 3227 laborant
1074 3162 1398 3248 ipsumque
1429 3161 1754 3247 adjuvant,
1788 3160 1884 3225 vel
1913 3159 2045 3244 ejus
2084 3159 2243 3225 bona
2273 3156 2721 3222 administra-ut
2747 3159 2779 3219 ?

272 3263 333 3328 R.
380 3263 448 3330 Si
499 3266 569 3330 in
620 3266 888 3350 negotio
940 3266 1141 3351 patris
1192 3265 1585 3352 impendunt
1620 3265 1914 3334 laborem
1952 3263 2379 3346 ordinarium,
2418 3262 2576 3329 citra
2614 3279 2777 3329 con-

198 3367 566 3450 ventionem,
642 3370 803 3437 nihil
851 3371 1311 3466 sibiaeretinere
1361 3378 1644 3458 possunt
1692 3370 2105 3453 filiifamilias,
2155 3370 2306 3457 quia
2350 3369 2528 3437 lucra
2574 3387 2651 3437 eo
2710 3367 2774 3434 in

198 3489 324 3541 casu
370 3493 505 3544 non
557 3478 706 3554 sibi,
756 3477 873 3546 sed
923 3479 1089 3565 patri
1142 3479 1535 3565 acquirunt3
1588 3485 1948 3547 censentur
1986 3477 2159 3545 enim
2196 3495 2388 3562 agere
2424 3477 2519 3543 uti
2555 3481 2775 3561 partes

200 3577 452 3651 familiae.
510 3586 670 3652 Haec
719 3591 938 3653 autem
989 3592 1143 3652 sunt
1190 3586 1364 3654 bona
1409 3584 1516 3652 illa
1567 3602 1716 3671 quae
1758 3584 2114 3672 profectitia
2164 3583 2574 3665 dicebantur,
2613 3599 2777 3667 quo-

198 3704 321 3756 rum
363 3690 857 3760 usumfructum
908 3700 974 3762 et
1023 3693 1498 3779 proprietatem
1548 3694 1883 3779 pertinent
1934 3690 2012 3759 ad
2064 3701 2393 3778 parentes

245 3836 267 3877 ¹
297 3840 348 3891 C.
382 3841 445 3892 A.
481 3842 703 3907 1493—
738 3843 791 3895 C.
829 3844 889 3895 G.
923 3844 1045 3903 3865
1080 3870 1145 3882 —
1179 3844 1231 3894 G.
1269 3843 1319 3894 S.
1355 3846 1475 3908 3013
1510 3871 1575 3881 —
1609 3845 1667 3896 C.
1700 3845 1757 3894 Ρ.
1792 3848 1879 3907 923
1915 3869 1977 3881 —
2015 3844 2068 3895 C.
2123 3843 2194 3891 Μ.
2251 3843 2370 3902 1293
2406 3865 2468 3877 -
2503 3838 2555 3910 β.
2610 3838 2676 3887 H.
2710 3839 2768 3899 9;

198 3901 319 3972 -·G.
356 3904 411 3953 T.
448 3906 558 3956 103.
590 3907 688 3956 fflc
719 3916 827 3958 non
858 3907 1149 3957 includitur
1181 3910 1466 3958 tnesaurus
1500 3906 1582 3957 vel
1618 3918 1650 3955 a
1677 3905 1786 3956 tillo
1835 3906 1919 3958 vel
1972 3905 2026 3956 ln
2083 3904 2226 3954 illius
2275 3900 2441 3953 tundo
2502 3899 2774 3972 inventu8‚

204 3965 755 4079 aeiaathcsauaffliotio
788 3968 1025 4021 excludit
1056 3969 1232 4021 ideam
1264 3969 1464 4021 laboris
1500 3972 1553 4022 et
1582 3968 1882 4020 industriae.
1918 3970 2210 4020 Dur-antus.
2249 3964 2382 4017 Vide
2413 3963 2671 4023 Caruere,
2705 3962 2775 4012 Da

258 4039 279 4074 s
336 4041 404 4088 ια,
438 4041 493 4080 n.
633 4067 646 4079 .
2493 4035 2502 4043 ·

246 4087 267 4127 ²
293 4094 366 4139 An
395 4105 464 4142 ex
495 4091 822 4152 obligatione
850 4090 1068 4151 justitiae
1100 4094 1277 4144 stricte
1309 4094 1536 4157 sumptae
1569 4093 1684 4143 haec
1719 4093 1902 4144 omnia
1930 4092 2183 4154 praestare
2216 4088 2405 4139 debeat
2476 4088 2605 4158 ater,
2637 4084 2771 4137 adeo

204 4147 249 4198 ut
272 4151 311 4201 si
339 4151 549 4204 deficiat
578 4155 826 4206 teneatur
857 4154 967 4206 illio
1001 4156 1291 4214 restituere,
1330 4155 1417 4206 alii
1454 4158 1668 4219 negant,
1724 4155 1851 4218 quia
1905 4155 2043 4206 inter
2112 4157 2279 4204 atrem
2329 4151 2380 4200 et
2472 4150 2601 4199 lium
2641 4159 2779 4221 ‚non

205 4208 329 4283 adest
354 4227 477 4267 cum
510 4217 554 4267 ri
592 4227 689 4269 ore
723 4215 1013 4276 alternitas,
1049 4229 1215 4280 quum
1251 4217 1390 4269 tilius
1421 4216 1667 4269 videatur
1697 4227 1814 4267 esse
1848 4228 1970 4279 pars
2009 4226 2075 4277 pa
2103 4216 2173 4265 ris
2208 4217 2269 4284 et·
2290 4211 2444 4275 quast
2481 4211 2612 4261 alter
2638 4222 2773 4274 lpse.

203 4274 283 4324 Alii
310 4278 552 4328 affirman
583 4315 599 4338 ,
674 4279 764 4330 uia
798 4279 881 4329 bic
913 4280 1085 4342 agitur
1116 4279 1180 4331 de
1215 4292 1333 4332 meo
1367 4281 1418 4330 et
1450 4281 1561 4340 tue,
1598 4281 1740 4329 circa
1772 4278 1913 4342 quod
1952 4280 2099 4340 pater
2120 4276 2172 4327 et
2199 4276 2341 4325 tilius
2366 4273 2632 4346 suntduaa
2659 4285 2778 4335 per·

199 4343 322 4388 souae
350 4339 592 4391 diversae.
678 4342 730 4391 lii
762 4352 890 4397 vero
923 4342 1281 4404 distinguunt:
1319 4344 1373 4393 in
1406 4343 1472 4392 iis
1506 4340 1573 4391 ad
1607 4352 1728 4404 quae
1757 4340 1866 4403 jam
1904 4342 2110 4391 tenetur
2135 4341 2286 4401 pater
2302 4338 2508 4387 ratione
2546 4336 2774 4399 pietatis,

200 4398 322 4450 nulla
350 4398 529 4470 stricta
562 4402 890 4466 obligatione
921 4406 1314 4456 commutatlvae
1343 4404 1560 4466 justitlae
1595 4404 1835 4455 tenetur:
1871 4403 1997 4456 hlnc
2030 4404 2077 4453 si
2111 4402 2261 4473 pater
2294 4410 2400 4449 non
2436 4398 2569 4472 aluit
2590 4399 2774 4471 tilium,

201 4458 239 4509 al
266 4472 366 4514 non
399 4464 669 4525 educavit,
704 4477 813 4516 non
845 4466 889 4517 ei
926 4466 1112 4518 tribuit
1141 4477 1403 4530 expensas
1436 4464 1788 4523 necessarias,
1821 4467 1938 4523 etc.,
1975 4475 2082 4514 non
2118 4463 2236 4513 ideo
2270 4459 2425 4512 debet
2458 4460 2658 4524 aliquid
2695 4473 2772 4512 re·

92 4531 101 4540 ·
196 4521 389 4576 stituere
424 4526 489 4576 de
522 4526 826 4588 usufructu,
861 4528 1005 4592 quod
1042 4531 1289 4592 percipit:
1321 4527 1409 4579 sed
1449 4528 1701 4589 poeniteat
1730 4528 1786 4579 et
1817 4525 2093 4590 provideat
2125 4527 2177 4575 in
2216 4525 2506 4587 posterum.
2561 4522 2612 4573 Si
2648 4533 2776 4574 vero

201 4581 247 4634 in
273 4585 449 4639 ceteris
480 4589 676 4644 deficit,
712 4594 769 4641 ut
797 4591 842 4640 sl
877 4596 1027 4663 pater
1058 4590 1263 4644 iuretur
1296 4602 1329 4642 a
1361 4590 1470 4640 tilio
1504 4592 1710 4642 emanet
1753 4591 1840 4640 ato
1876 4590 1957 4639 vel
1989 4590 2150 4639 etiam
2188 4598 2296 4639 non
2330 4586 2673 4659 emancipato
2707 4584 2773 4634 de

200 4643 255 4696 lis
284 4647 450 4710 bouis,
483 4664 728 4723 quorum*
749 4651 1045 4704 dominium
1079 4655 1131 4704 et
1160 4664 1293 4705 usus
1327 4653 1551 4716 pertinet
1585 4651 1651 4703 ad
1686 4652 1718 4703 n
1743 4653 1873 4711 ium,
1935 4654 2116 4713 peccat
2164 4651 2351 4702 contra
2393 4649 2675 4712 mennam,
2729 4646 2786 4697 et

199 4707 434 4762 damnum
474 4725 514 4764 ei
548 4714 832 4765 refundere
865 4715 1048 4777 debet3
1087 4717 1210 4766 item
1245 4718 1327 4767 est
1355 4718 1399 4767 si
1436 4715 1683 4768 detrabat
1716 4715 1842 4777 illie,
1875 4715 1974 4766 etc.
2012 4715 2167 4777 Luce.

280 4791 535 4880 Semini,
592 4798 922 4885 Theoloyt‘a
968 4805 1092 4867 etc.
1165 4801 1235 4866 T.
1283 4799 1363 4865 11.
2523 4793 2602 4859 44
