3292 5167
1207 254 1669 308 sumu-tom
2613 240 2741 308 {53

183 377 358 454 potest
381 366 769 448 dispensari,
813 366 921 429 ubi
965 363 1167 429 semel
1211 381 1244 429 a
1291 378 1576 446 paupere
1613 364 1718 428 vel
1766 372 2018 428 rectore
2065 363 2238 429 illius
2266 364 2601 429 Ecclesiae
2645 381 2741 430 ac·

186 457 462 532 mium
503 448 620 521 sit:
664 461 816 510 nam
862 445 974 509 ille
1015 460 1278 526 pauper,
1321 445 1430 508 illa
1474 444 1783 522 Ecclesia,
1845 461 2071 509 verum
2112 447 2217 526 jus
2259 447 2556 525 acquirit,
2615 462 2740 526 quo

191 532 310 595 citra
351 529 659 607 iujuriam
703 530 850 591 sine
891 541 1209 590 consensu
1254 528 1457 607 partis
1499 526 1813 607 expoliari
1845 541 1972 588 uon
2009 533 2233 605 potest.
2281 526 2602 589 Diximus:
2630 524 2743 591 abi

192 615 538 690 mptatam
577 609 711 680 sit;
775 623 923 670 nam
968 613 1118 670 ante
1167 608 1673 687 acceptationem
1742 621 1869 668 non
1915 618 2397 670 consummatur
2454 608 2738 669 traditio.

189 692 462 755 Diximus:
508 690 568 751 si
608 689 746 769 fait
785 689 1080 751 caussam
1114 687 1567 767 principaliter
1607 688 1678 749 in
1707 686 2052 750 utilitatem
2084 688 2267 750 tertii
2282 707 2308 759 ;
2346 688 2536 750 aliter
2566 690 2740 750 enim

189 779 336 845 met,
371 772 426 832 si
473 771 561 832 sit
607 771 913 833 emissum
963 767 1410 848 principaliter
1454 768 1518 828 in
1563 768 1680 830 Dei
1724 767 2071 843 honorem;
2144 777 2295 830 tunc
2340 770 2567 831 tertius
2613 782 2740 829 non

190 851 511 932 acquireret
554 864 785 912 verum
825 852 932 928 jus
975 848 1050 911 ad
1100 862 1236 910 rem
1282 850 1684 929 promissam,
1737 850 1859 910 uisi
1921 848 2367 929 dependenter
2413 865 2445 910 a
2493 849 2599 910 Dei
2643 863 2744 910 vo·

188 932 414 1007 lentate,
456 945 610 1011 quae
651 930 932 993 relaxari
981 935 1206 1008 potest.

241 1011 414 1074 Uultu
457 1012 683 1074 minus
727 1017 937 1091 potest
977 1009 1338 1088 dispensari
1383 1009 1725 1087 promissio
1768 1018 2006 1085 mutua,
2058 1017 2128 1072 ut
2184 1009 2401 1071 evenit
2465 1007 2531 1068 iu
2575 1006 2744 1069 votis

181 1102 230 1154 et
256 1091 642 1172 juramentis
688 1092 1206 1171 perseverantias,
1254 1105 1399 1168 quae
1432 1090 1595 1152 flunt
1624 1088 1703 1150 ab
1735 1088 2056 1168 aliquibus
2086 1087 2745 1169 congregationibus:

180 1188 296 1235 nam
337 1172 445 1234 illa
491 1181 838 1235 assumunt
881 1171 1193 1232 rationem
1240 1179 1624 1245 contractus,
1676 1185 1906 1249 nempe
1936 1169 2184 1248 Cougre
2232 1174 2360 1232 atio
2399 1185 2467 1230 se
2504 1167 2747 1245 obligat

176 1253 236 1316 sd
272 1252 767 1315 sustentandum
815 1250 1164 1326 subditum,
1203 1260 1267 1311 et
1311 1250 1416 1312 bic
1458 1249 1536 1312 ad
1586 1249 2104 1319 inserviendum:
2154 1253 2167 1312 i
2221 1268 2342 1330 que
2389 1247 2748 1311 declaravit

175 1333 526 1396 Benedictus
575 1332 740 1407 xlv,
784 1331 960 1394 Bulla
1010 1331 1373 1394 Convocatis
1420 1330 1610 1404 17483
1654 1330 1820 1410 quod
1867 1333 2278 1395 confirmavit
2342 1328 2524 1394 Bulla
2570 1328 2749 1389 Inter

233 1413 494 1476 σεεν-ὅτου
546 1410 726 1476 ¹749.
786 1412 876 1474 De
941 1411 1062 1474 hoc
1106 1410 1319 1490 aiebat
1380 1428 1427 1473 s,
1472 1411 1835 1489 Alpbonsus
1881 1411 2191 1491 (Taunoja
2242 1414 2307 1474 in
2373 1414 2512 1492 ejus
2577 1406 2748 1482 Vita,

195 1494 260 1557 ib.
298 1511 366 1567 n,
412 1510 464 1556 c.
512 1494 675 1572 14):
721 1492 775 1555 Il
815 1493 1212 1573 ,aiaramsnto
1252 1495 1283 1554 e
1327 1491 1394 1553 in
1435 1507 1617 1554 mano
1652 1492 1751 1553 del
1792 1500 2164 1573 conqreqato
2196 1510 2362 1555 come
2393 1507 2515 1555 uno
2550 1489 2748 1551 sendo

171 1584 352 1637 ωιτη)
389 1575 490 1638 del
535 1574 846 1648 demonio,
886 1572 994 1635 che
1035 1578 1220 1634 mette
1262 1573 1331 1634 in
1374 1573 1547 1634 salvo
1592 1573 1657 1635 la
1697 1575 1960 1652 propria
2016 1575 2411 1649 incestanza,
2469 1587 2501 1630 e
2543 1571 2745 1648 fermo

174 1655 417 1717 lor-ende
457 1654 646 1718 nella
708 1654 1039 1716 vocazione
1081 1671 1112 1715 e
1153 1652 1256 1715 nel
1298 1653 1568 1715 servizio
1629 1654 1698 1715 di
1740 1652 1871 1716 Dio.
1939 1653 1992 1716 Il
2052 1655 2448 1734 qiuramento
2509 1651 2540 1711 e
2584 1666 2748 1712 come

172 1736 486 1799 sn'cincora
529 1736 624 1798 da
651 1736 758 1796 cui
786 1733 1057 1814 sei-‘mata
1090 1734 1153 1796 la
1196 1749 1373 1810 nave,
1404 1730 1628 1797 benche
1656 1734 1754 1795 sia
1785 1733 2175 1798 combattata
2218 1736 2329 1796 dai
2354 1731 2545 1804 venti,
2589 1746 2750 1810 pure

172 1823 252 1879 sta
286 1816 464 1879 salda
511 1817 596 1878 iss
633 1821 836 1895 porto,
885 1831 1075 1877 senza
1120 1821 1343 1877 temere
1384 1815 1575 1881 alcun
1615 1815 1840 1878 danna.

1221 2021 1358 2103 (M)
1395 2024 1548 2103 paq.
1591 2022 1693 2086 es.

250 2194 431 2257 220.
474 2192 987 2257 'trementi
1029 2195 1481 2255 honesta-s
1539 2210 1571 2256 a
1618 2192 1946 2256 Clemente
1989 2192 2091 2259 xl.
2134 2193 2311 2257 Bulla
2365 2194 2754 2275 Unigenitum,

187 2275 440 2338 damnata
490 2276 630 2339 luit
675 2276 812 2337 baec
855 2274 972 2336 sub
1014 2291 1077 2336 n.
1124 2275 1232 2338 101
1270 2276 1655 2353 propositio:
1685 2274 1866 2336 Nihil
1907 2275 2170 2354 spiritui
2201 2272 2414 2353 Dei‘et
2453 2277 2757 2338 doctrinae

181 2354 297 2419 Im
338 2355 594 2420 Christi
633 2356 836 2435 maqis
879 2356 1236 2435 opponitur,
1280 2371 1467 2433 quam
1509 2354 1859 2417 communia
1890 2354 2096 2435 facere
2121 2354 2497 2432 juramenta
2524 2358 2594 2418 in
2640 2356 2759 2418 Ec·

181 2437 384 2507 clesia‚·
429 2438 600 2516 quia
639 2435 750 2498 hoc
792 2442 887 2498 est
925 2434 1355 2514 multiplicare
1395 2434 1748 2497 occasiones
1792 2436 2145 2514 pejerandi,
2193 2436 2443 2515 laqueos
2508 2439 2759 2501 tendere

181 2518 414 2596 instrinis
457 2525 524 2579 et
579 2517 911 2591 idiotis‚et
949 2516 1182 2595 efficere
1224 2521 1299 2576 ut
1339 2532 1555 2577 nomen
1597 2523 1660 2577 et
1724 2516 1963 2578 veritas
2010 2515 2121 2578 Dei
2163 2518 2505 2595 aliquando
2547 2519 2753 2580 deser-

183 2600 330 2660 viant
367 2597 642 2660 consilio
688 2597 1040 2676 impiorum.
1107 2596 1183 2658 Et
1227 2595 1763 2675 pseudosynodus
1820 2597 2229 2658 pistoriensis
2292 2614 2324 2659 a
2368 2596 2756 2660 Jansenistis

182 2687 599 2741 consarcinata
651 2693 802 2739 ausa
847 2687 944 2739 est
989 2677 1284 2739 tradere:
1331 2677 1396 2755 1)
1427 2676 1665 2753 iurare
1719 2677 1854 2739 sine
1915 2683 2200 2739 eoetrema
2252 2686 2317 2738 et
2356 2676 2755 2740 ineluctabili

181 2760 522 2821 necessitate
570 2775 705 2820 esse
746 2765 958 2821 actam
1015 2757 1463 2837 irreliqiosum,
1523 2758 1909 2820 documentis
1960 2754 2166 2820 divini
2208 2759 2641 2837 Proeceptoris,
2698 2766 2760 2821 et

182 2854 355 2901 sarcre
391 2838 813 2917 simplicitati
846 2837 1241 2917 Evanqelicae
1281 2838 1710 2909 contrariam
1740 2838 1807 2917 2)
1826 2839 2204 2915 Juramenta
2231 2842 2541 2902 communi
2568 2856 2758 2902 sensu

178 2936 271 2997 pro
303 2921 514 2982 vetitis
561 2915 793 2981 habita
834 2918 1031 2998 fuisse
1073 2934 1114 2979 a
1155 2936 1238 2980 ss.
1283 2915 1612 2994 Patribus,
1655 2925 1716 2982 et
1757 2919 1889 2982 ideo
1931 2917 2344 2998 improbanda
2374 2936 2447 2980 ea
2469 2936 2603 2998 quoe
2637 2919 2756 2981 Cu·

181 2999 264 3061 ria
297 2998 822 3062 ecclesiastica...
857 3001 924 3060 in
967 2997 1366 3061 investituris
1409 3004 1473 3059 et
1513 3000 1582 3061 in
1622 3001 1830 3061 sacris
1871 2999 2030 3079 ipsis
2076 2999 2524 3078 Episcoporam
2572 2997 2753 3062 ordi·

179 3078 523 3143 nationibus
570 3079 919 3158 adoptavit.
964 3078 1086 3140 Sed
1132 3077 1251 3141 sub
1297 3094 1357 3140 n.
1402 3076 1481 3140 75
1524 3088 1665 3141 ntra
1719 3096 1796 3141 ue
1843 3096 1955 3159 pro
2002 3082 2195 3142 esitio
2228 3098 2259 3142 a
2299 3079 2411 3142 Pio
2442 3080 2543 3155 vt,
2573 3079 2757 3143 Bulla

179 3160 485 3223 Auctorem
527 3159 702 3238 fidei,
751 3158 1106 3238 proscripta
1155 3159 1279 3221 fuit
1325 3167 1629 3239 tanquam
1702 3160 1866 3233 alsa,
1991 3159 2231 3222 cclesias
2270 3161 2612 3238 injuriosa,
2652 3158 2757 3222 Ja-

180 3240 256 3302 ris
290 3240 719 3333 ecelesiastici
761 3240 995 3315 loesiva,
1027 3239 1378 3319 disciplima
1414 3256 1528 3318 per
1575 3240 1850 3303 canones
1901 3241 2174 3303 inductas
2203 3248 2265 3303 et
2290 3240 2591 3320 probata,
2621 3238 2760 3304 sab·

180 3338 415 3385 ssi-siva.
2690 3372 2699 3379 .

242 3400 530 3467 Ceterum
580 3400 707 3485 etsi
760 3400 1200 3477 juramentum
1261 3417 1363 3462 res
1421 3398 1584 3463 bona
1630 3401 1744 3477 sit,
1791 3418 1913 3463 non
1954 3401 2091 3463 ideo
2134 3400 2301 3463 illud
2342 3400 2589 3480 expedit
2632 3399 2759 3479 fre·

181 3490 411 3622 gunter
459 3497 825 3560 usurpare,-
863 3496 994 3542 non
1038 3482 1212 3543 enim
1259 3478 1545 3561 expedit,
1584 3482 1711 3543 nisi
1748 3480 1985 3544 debitis
2020 3480 2323 3545 fulciatur
2380 3481 2760 3543 conditioni·

215 3577 298 3638 us,
340 3568 513 3624 inter
559 3577 725 3640 quas
763 3560 871 3623 illa
911 3570 1025 3638 est,
1071 3570 1141 3623 nt
1177 3575 1366 3624 nemo
1411 3571 1653 3622 temere
1699 3570 1968 3641 usurpet
2007 3571 2299 3626 sanctum
2337 3561 2449 3624 Dei
2490 3562 2758 3641 Nomen.

181 3639 317 3706 Hinc
357 3643 417 3705 d.
461 3642 755 3705 Thomas
791 3642 1228 3720 juramentum
1288 3651 1615 3721 comparat
1660 3642 2000 3705 medicinas
2069 3641 2148 3705 ad
2212 3641 2572 3706 sanandum
2617 3642 2760 3704 effl-

182 3725 312 3799 αεὶ,
351 3740 500 3802 quae
546 3730 798 3801 quanto
839 3731 940 3783 est
979 3721 1301 3784 salubrior
1364 3723 1419 3782 si
1463 3720 1681 3783 debite
1748 3733 2057 3796 sumatur,
2103 3732 2282 3785 tanto
2324 3725 2527 3801 magis
2572 3729 2764 3785 nocet

181 3803 226 3865 si
259 3817 396 3887 eam
438 3808 598 3883 quis
643 3810 888 3865 temere
932 3802 1218 3880 recipiat.
1262 3801 1393 3863 Hac
1434 3801 1518 3863 de
1557 3817 1747 3866 causa
1792 3803 2081 3867 Christus
2108 3802 2551 3882 juramentum
2597 3801 2759 3863 indi·

183 3885 595 3948 scriminatim
643 3882 1010 3962 probibuit:
1056 3899 1161 3944 res
1203 3889 1345 3945 erat
1373 3898 1517 3944 cum
1548 3883 1901 3961 hypocritis
1945 3883 2306 3956 Pharisaeis‚
2340 3886 2446 3963 qui
2487 3884 2550 3944 in
2583 3884 2761 3944 omni

182 3976 241 4025 re
277 3973 522 4028 temere
565 3963 1006 4043 jurameutum
1052 3961 1467 4041 usurpabant.
1537 3960 1778 4028 Revera
1822 3965 1963 4044 (ait‘
2010 3962 2215 4043 Stapf,
2250 3964 2290 4044 3
2333 3963 2529 4041 237),.
2556 3963 2762 4024 bomi-

184 4058 280 4107 ses
313 4047 424 4126 pii,
468 4044 635 4108 dum
679 4045 836 4123 ipsis
877 4058 911 4105 a
951 4043 1171 4123 Judice
1194 4043 1633 4121 juramentum
1672 4047 2044 4125 imponitur,
2083 4059 2549 4123 nonnunquam
2579 4050 2761 4104 tanto

185 4120 431 4190 horrere
477 4125 950 4203 corripiuntur,
1007 4134 1096 4199 ut,
1159 4125 1448 4201 quamvis
1502 4139 1730 4189 omnes
1801 4125 2206 4188 conditiones
2268 4124 2540 4203 legitimi
2584 4122 2760 4201 jura·

187 4211 357 4269 nenti
413 4206 663 4282 adsint,
722 4205 803 4267 ad
850 4204 1008 4269 illud
1068 4212 1281 4267 tamen
1325 4205 1506 4282 quasi
1556 4206 1964 4269 tremebundi
2009 4202 2339 4267 accedant.
2384 4204 2463 4267 Et
2505 4208 2760 4267 utinam

188 4286 316 4348 ntis
353 4295 624 4350 cautum
669 4282 860 4357 foret,
925 4302 1009 4348 ne
1056 4301 1167 4363 per
1203 4284 1471 4363 jnraudi
1537 4286 1967 4365 frequentiam
2011 4283 2118 4346 hic
2154 4285 2490 4364 religionis
2534 4298 2762 4346 sensus

189 4366 494 4442 paullatim
534 4365 975 4429 obtundaturl
1021 4365 1114 4428 Ad
1147 4380 1280 4428 rem
1314 4366 1714 4445 Augustinus
1755 4365 1985 4446 (Serm.
2028 4367 2299 4444 ctum:
2343 4365 2541 4429 Falsa
2566 4365 2762 4443 jura·

190 4444 260 4507 tio
291 4449 578 4511 soeitiosa
615 4451 731 4521 est,
770 4463 920 4509 vera
952 4446 1209 4523 juratio
1249 4446 1601 4523 periculosa
1644 4453 1759 4522 est,
1799 4447 1981 4509 nulla
2011 4443 2269 4522 juratio
2309 4462 2535 4510 secura
2568 4451 2683 4508 est.

251 4524 366 4591 Sed
407 4527 660 4593 addes:
707 4524 1002 4590 Christus
1043 4526 1205 4590 dicit
1242 4533 1459 4604 aperte
1489 4527 1930 4602 juramentum
1961 4541 2004 4589 a
2043 4525 2210 4589 malo
2243 4544 2371 4591 esse
2391 4548 2418 4602 ,·
2447 4543 2597 4590 nam
2628 4525 2766 4587 ait:

187 4604 272 4672 Sit
303 4619 526 4674 sutem
555 4622 776 4673 sermo
817 4615 1051 4683 vester,
1091 4616 1209 4680 est,
1251 4613 1372 4681 est,
1415 4621 1568 4682 non,
1608 4622 1771 4681 nom
1812 4606 1980 4687 quod
2023 4614 2239 4672 antem
2279 4606 2771 4673 bis-abundau-

191 4694 300 4752 tuts
335 4700 450 4767 est,
492 4706 532 4754 a
582 4688 756 4755 malo
797 4697 896 4753 est
934 4687 1181 4766 (usito.
1225 4686 1310 4764 v).
