3292 5167
1143 260 1222 304 nu
1267 258 1713 306 commortuus
2601 241 2740 309 329

234 366 448 430 45⁰.
486 362 611 444 Qui
661 369 968 431 mutuum
1017 361 1174 445 dat,
1223 361 1467 439 dieitur,
1508 375 1805 431 mutuans
1852 362 1950 430 vel
1998 375 2369 444 mutuatum
2416 364 2527 450 qui
2584 363 2747 432 illud

148 470 430 556 accipit,
477 456 926 537 mutuatarius.
988 471 1116 538 Res
1188 485 1337 553 quae
1410 477 1644 537 mutuo
1696 467 1890 536 datur
1935 476 2000 537 et
2048 469 2324 555 capitale
2383 470 2748 562 constituit,

145 578 330 646 sonis
374 576 647 643 nomine
692 574 870 643 solet
918 573 1232 661 appellari
1289 570 1337 641 ¹.
1387 578 1689 642 Mutuum
1748 573 1903 641 dare
1958 582 2239 661 possunt
2309 594 2580 660 omnes,
2636 578 2748 662 qui

150 682 425 751 liberam
478 681 723 750 babent
769 682 1101 750 bonorum
1151 698 1428 748 suorum
1461 679 2124 764 administrationem,
2161 692 2400 766 neque·
2426 682 2568 767 lege
2603 702 2754 768 pro-

155 788 487 856 hibentur.
536 785 705 854 Illud
753 804 907 854 vero
950 787 1267 872 recipere,
1318 786 1428 871 qui
1482 805 1558 854 ex
1610 794 1954 854 contractu
2007 787 2224 854 velent
2269 786 2567 873 obligari.

228 928 418 989 2151.
464 927 532 1002 Q.
576 929 633 991 2.
677 932 778 992 An
820 929 1165 1008 aliquando
1210 929 1379 991 adsit
1413 936 1793 1009 praeceptum
1836 930 2033 992 dandi
2071 933 2407 992 mutuum?

234 1009 302 1070 R.
346 1008 761 1089 Quadruplex
808 1025 1225 1088 personarum
1272 1010 1494 1071 elassis
1540 1011 2019 1087 distinguenda.
2063 1009 2284 1073 Prima
2329 1009 2751 1083 divitum,eo-

160 1105 293 1152 rum
339 1105 597 1169 nempe,
645 1093 750 1168 qui
822 1100 1109 1153 mutuum
1158 1091 1484 1168 postulant
1527 1091 1605 1152 ad
1654 1107 1799 1153 suas
1862 1090 2189 1167 augendas
2251 1106 2422 1167 opes,
2468 1090 2752 1152 Secunda

161 1175 304 1232 item
350 1171 649 1245 divitum,
694 1173 802 1250 qui
848 1173 955 1233 hie
997 1178 1061 1230 et
1116 1186 1289 1232 nunc
1333 1183 1554 1232 mutuo
1621 1171 1938 1249 indigent,
1983 1188 2038 1232 v.
2062 1188 2142 1249 g„
2185 1172 2262 1233 ad
2314 1172 2488 1233 litem
2537 1174 2750 1249 magni

163 1253 466 1312 momenti
514 1251 974 1325 definiendam,
1024 1249 1124 1310 vel
1163 1250 1242 1312 ad
1279 1267 1471 1329 grave
1505 1254 1808 1312 damnum
1844 1251 2320 1314 declinandum.
2365 1251 2580 1314 Tertia
2609 1269 2754 1331 pau-

164 1346 409 1410 perum,
454 1334 565 1409 qui
612 1340 823 1394 tamen
854 1330 1185 1393 fundatam
1218 1346 1391 1410 spem
1433 1331 1675 1394 habent
1710 1331 1868 1407 fore,
1906 1343 1976 1393 ut
2021 1332 2138 1393 sibi
2182 1338 2345 1393 bona
2380 1331 2748 1407 obveniant,

160 1426 216 1472 v.
257 1428 315 1489 g.
363 1427 449 1472 ex
512 1412 893 1475 baereditate
936 1413 1033 1473 vel
1086 1411 1423 1474 industria.
1492 1409 1738 1485 Quarta
1805 1415 1956 1474 item
2025 1427 2395 1490 pauperum,
2439 1410 2747 1491 sed‘quo·

164 1507 296 1553 rum
343 1493 496 1553 talis
540 1493 825 1554 conditio
870 1493 953 1552 sit
998 1500 1069 1553 ut
1111 1491 1591 1562 rationabiliter
1638 1508 1968 1571 nunquam
2015 1503 2209 1555 eruut
2273 1493 2555 1555 babituri
2619 1510 2750 1572 quo

160 1572 409 1633 solvere
452 1582 713 1652 queant.
754 1573 860 1633 His
904 1574 1170 1651 positis:

231 1651 549 1715 Dicimus:
598 1653 843 1715 nullum
890 1660 987 1713 est
1044 1660 1433 1731 praeoeptum
1478 1652 1675 1713 dandi
1736 1661 2023 1714 mutuum
2073 1654 2365 1732 personis
2410 1654 2636 1732 primae
2681 1663 2747 1713 et

158 1741 402 1810 quartae
463 1733 705 1795 classis.
775 1733 910 1795 Non
971 1733 1238 1811 primoe,·
1304 1734 1450 1812 quia
1520 1733 1692 1794 nulla
1763 1733 2059 1795 laborant
2123 1736 2548 1796 necessitate:
2623 1749 2750 1795 non

160 1821 442 1891 quarum
489 1817 636 1893 quia
684 1813 920 1875 frustra
969 1814 1233 1876 claretur
1264 1815 1382 1875 sub
1427 1829 1624 1876 onere
1672 1813 2083 1887 restituendi,
2125 1830 2266 1875 cum
2306 1815 2469 1876 bona
2518 1815 2751 1893 quibus

162 1898 505 1956 restituant
549 1910 757 1973 neque
803 1893 1079 1955 babeant
1125 1910 1330 1972 neque
1368 1896 1666 1972 praesumi
1715 1896 1971 1956 valeant
2017 1893 2340 1957 babituri:
2391 1896 2561 1956 unde
2596 1896 2751 1973 ipsis

162 1989 267 2052 per
310 1975 793 2053 eleemosynam
834 1974 1346 2036 subveniendum
1392 1983 1507 2036 est.
1554 1976 1633 2035 At
1677 1978 1898 2036 stricta
1964 1975 2145 2035 adest
2209 1976 2549 2036 charitatis
2587 1975 2748 2035 obli-

160 2057 326 2132 gatio
372 2065 665 2116 mutuum
730 2071 809 2117 ex
868 2056 1212 2134 superfluis
1274 2054 1727 2133 suppeditandi
1801 2057 2091 2133 personis
2147 2056 2432 2116 secundoe
2496 2055 2754 2130 elassis;

164 2150 303 2196 nam
348 2136 624 2213 quilibet
656 2151 736 2197 ex
772 2138 1086 2197 charitate
1135 2146 1388 2197 tenetur
1432 2136 1618 2197 alteri
1691 2136 1901 2197 facere
1964 2135 2129 2213 quod
2199 2136 2322 2196 sibi
2368 2137 2508 2197 fieri
2556 2137 2750 2197 ratio·

163 2215 465 2277 nabiliter
531 2218 666 2294 ipse
735 2218 906 2290 vult;
951 2217 1122 2293 atqui
1174 2216 1645 2278 rationabiliter
1692 2216 1890 2277 vellet
1948 2215 2239 2293 quilibet,
2304 2226 2374 2278 ut
2422 2217 2584 2278 alter
2627 2216 2750 2277 sibi

164 2293 238 2356 de
282 2295 628 2373 superfluis
670 2308 891 2357 mutuo
937 2298 1331 2370 subvenerit,
1394 2300 1446 2356 si
1496 2297 1560 2355 in
1608 2296 1776 2357 dicta
1825 2296 2098 2357 divitum
2164 2296 2538 2359 conditione
2582 2305 2752 2357 esset

164 2379 566 2437 constitutus.
610 2375 1023 2439 Strictissima
1070 2392 1224 2437 vero
1267 2384 1365 2438 est
1408 2378 1547 2437 baeo
1589 2377 1919 2454 obligati0,
1963 2380 2019 2437 si
2076 2386 2302 2453 agatur
2332 2377 2413 2453 de
2458 2379 2753 2456 personis

164 2456 366 2518 tertioe
410 2458 676 2530 elassis;
722 2457 902 2518 adest
944 2458 1117 2518 enim
1162 2457 1567 2517 strictissima
1633 2457 1940 2535 obligatio
2009 2459 2392 2535 pauperibus
2461 2456 2759 2534 indigen·

167 2536 332 2598 tibus
376 2537 804 2599 subveniendi
852 2536 952 2598 vel
999 2553 1111 2615 per
1154 2546 1445 2598 mutuum
1492 2536 1591 2597 vel
1638 2553 1752 2614 per
1796 2538 2314 2616 eleemosynam:
2359 2549 2547 2615 atque
2592 2538 2754 2598 elee-

161 2632 495 2696 mosynam
540 2618 802 2695 elargiri
838 2634 965 2678 non
1012 2625 1263 2695 oportet
1309 2618 1408 2689 iia,
1458 2619 1563 2695 qui
1631 2617 1792 2679 bona
1864 2628 2344 2697 praesumuntur
2410 2618 2755 2696 aliquando

162 2699 611 2771 consecuturi;
655 2715 809 2775 ergo
854 2707 1071 2773 restat,
1118 2705 1186 2759 ut
1227 2698 1651 2759 subveniatur
1697 2698 1829 2760 illis
1876 2716 1988 2777 per
2033 2707 2346 2760 mutuum.

246 2835 452 2899 1152'.
504 2835 574 2911 Q.
628 2832 686 2898 3.
740 2832 1042 2911 Quamdm
1087 2843 1233 2897 sunt
1263 2832 1666 2916 obliyationes
1711 2833 2057 2898 mutuantis
2102 2850 2177 2897 ac
2231 2832 2690 2898 mutuatarii?”

246 2939 318 3003 R.
354 2940 675 3016 ‘Muta-ans
721 2944 1016 3004 tenetur:
1072 2938 1136 3023 l)
1186 2936 1265 3004 de
1314 2936 1591 3019 damnis,
1641 2938 1693 3003 si
1747 2955 1895 3022 quae
1947 2937 2369 3019 obvenerint,
2419 2955 2572 3004 casu
2625 2955 2756 3022 quo

161 3044 451 3111 scienter
500 3063 639 3111 rem
691 3044 993 3112 vitiosam
1031 3043 1404 3125 tradiderit;
1443 3046 1512 3127 2)
1550 3062 1681 3111 non
1718 3052 2020 3130 repetere
2055 3051 2363 3110 mutuum
2402 3053 2552 3112 ante
2587 3052 2756 3110 tem·
2825 3110 2834 3131 ,

165 3169 286 3234 pus
358 3151 801 3235 praefinitum3
867 3158 931 3218 et
980 3151 1033 3218 si
1085 3150 1338 3218 nullum
1410 3151 1495 3217 sit
1543 3157 1806 3237 tempus
1879 3151 2300 3236 hujusmodi,
2343 3150 2586 3237 judicis
2635 3151 2759 3219 erit

170 3257 427 3324 ratione
457 3257 919 3343 adenetorum
946 3256 1346 3324 definire.—
1370 3257 1803 3324 Mutuatarius
1831 3275 1982 3324 vero
2018 3257 2759 3343 regulariter-loquendo

163 3370 460 3432 tenetur:
513 3365 578 3449 l)
620 3383 724 3432 res
758 3372 1088 3432 mutuatas
1126 3364 1477 3432 restituere
1526 3382 1605 3432 eo
1644 3373 1942 3450 tempore
1992 3382 2064 3435 ac
2100 3365 2268 3447 1000,
2306 3383 2436 3450 quo
2477 3385 2762 3434 conven-

164 3478 331 3550 tum;
377 3476 444 3537 et
492 3471 557 3536 in
608 3462 838 3537 eadem
890 3470 1253 3555 quantitate
1320 3488 1394 3538 ae
1442 3472 1787 3556 qualitate:
1845 3470 2022 3556 quod
2074 3472 2126 3538 si
2174 3478 2476 3557 nequeat,
2511 3470 2760 3540 attendi

163 3575 360 3644 debet
408 3577 762 3644 aestimatio
812 3596 1031 3645 rerum
1080 3577 1371 3662 ipsarum
1388 3602 1406 3658 ;
1456 3579 1525 3663 2)
1570 3577 1825 3646 solvere
1859 3597 2084 3646 rerum
2122 3595 2357 3646 usuras
2393 3595 2427 3644 a
2459 3578 2760 3663 judiciali

164 3684 504 3769 petitione,
541 3686 593 3751 si
648 3702 778 3752 non
829 3684 1132 3751 restituat
1181 3691 1480 3769 tempore
1528 3692 1796 3752 statuto.
1831 3687 1994 3769 Im0‚
2036 3684 2090 3753 si
2138 3685 2223 3752 sit
2271 3685 2336 3752 in
2386 3701 2569 3752 mora
2618 3684 2758 3753 cul-

167 3791 407 3876 pabili,
460 3799 724 3859 tenetur
770 3792 966 3859 etiam
1016 3790 1097 3859 de
1144 3790 1419 3873 damniS‚
1470 3809 1757 3876 quorum
1806 3801 1906 3860 est
1956 3811 2151 3861 eausa
2202 3792 2253 3858 ².

249 3904 454 3964 453.
506 3901 579 3978 Q.
630 3901 689 3964 4.
743 3898 904 3978 Quid
948 3910 1035 3964 est
1079 3917 1296 3979 usura,
1345 3910 1401 3964 et
1443 3900 1744 3984 quomodo
1790 3898 2137 3965 dividitur?

254 4008 322 4072 R.
377 4008 596 4072 Usurae
645 4023 883 4073 nomen
933 4006 1015 4072 ab
1063 4024 1189 4071 usu
1238 4003 1594 4072 deductum
1643 4013 1762 4086 est,
1815 4013 1881 4073 et
1928 4005 2253 4090 signifieat
2305 4021 2501 4071 usum
2535 4019 2763 4088 quem-

232 4223 253 4263 ι
286 4219 328 4267 A
361 4216 631 4268 veteribus
674 4216 852 4266 latinis
887 4215 989 4267 boe
1021 4216 1341 4266 vocabulum
1374 4216 1715 4279 desumptum
1746 4218 1867 4277 {est;
1907 4226 2032 4265 nam
2086 4215 2364 4266 Terentius
2395 4215 2455 4265 ut
2500 4212 2765 4266 indicaret

167 4292 223 4331 se
257 4280 442 4330 timere
482 4294 550 4329 ne
585 4281 847 4329 amitteret
878 4279 1020 4329 bona
1051 4290 1151 4328 sua
1183 4278 1447 4340 capitatia,
1483 4281 1560 4328 sie
1584 4281 1688 4329 ait:
1722 4278 1782 4328 de
1815 4281 1957 4328 sorte
1989 4290 2126 4327 nunc
2156 4279 2301 4327 venio
2351 4277 2406 4326 in
2438 4276 2664 4326 dubium.
2699 4302 2764 4313 —

177 4343 228 4392 V.
262 4341 494 4404 Lignori,
534 4342 622 4402 Ορ.
656 4342 812 4400 Mor„
847 4340 881 4391 l.
918 4353 998 4402 ιιι,
1036 4353 1087 4391 u.
1124 4342 1244 4401 7573
1278 4366 1339 4376 —
1373 4341 1639 4404 Ferraris;
1677 4341 1737 4391 V.
1770 4341 2038 4391 Mutuum.

233 4423 255 4446 ι
290 4405 329 4452 ll
364 4405 554 4454 mutuo
604 4404 709 4476 puo
756 4402 880 4452 tarsi
936 4414 1028 4464 per
1061 4404 1324 4454 contratto
1359 4402 1598 4455 verbale:
1655 4414 1741 4453 ma
1792 4404 1925 4453 nelle
1960 4401 2177 4452 materie
2214 4400 2358 4450 civili
2395 4399 2759 4472 ricbiedesilo

165 4466 349 4518 scritto
380 4476 474 4529 per
504 4465 573 4526 gli
606 4465 845 4516 interessi
877 4464 973 4516 obe
1002 4464 1266 4517 eeoedono
1299 4464 1353 4515 la
1403 4466 1605 4517 misul-a
1634 4464 1798 4526 legale
1832 4468 1962 4523 (art.
2001 4464 2158 4525 1831).
2215 4463 2278 4513 Se
2314 4463 2400 4525 poi
2435 4464 2464 4513 e
2499 4466 2761 4525 garanuto

168 4540 269 4579 eon
304 4528 530 4588 ipoteea,
564 4525 840 4577 richiedesi
874 4537 948 4576 un
983 4529 1094 4579 atto
1129 4526 1378 4589 pubblico
1409 4539 1442 4577 o
1476 4538 1584 4577 una
1616 4528 1865 4577 sotium-a
1887 4528 2172 4586 autentica,
2204 4537 2294 4589 per
2316 4528 2465 4588 poter
2498 4525 2763 4587 praticare

170 4590 222 4640 la
254 4589 536 4641 iscrizione
569 4587 840 4639 all‘ufflcio
873 4587 1007 4639 delle
1039 4591 1278 4653 ipoteebe
1309 4589 1431 4652 (art.
1467 4592 1607 4649 1978,
1644 4590 1804 4651 1989).
1846 4610 1864 4631 ι
1907 4588 2183 4640 Curabeui.

232 4651 258 4691 ²
289 4653 399 4702 Art.
438 4653 578 4712 1231,
616 4653 772 4712 {8263
802 4674 866 4687 -
898 4650 951 4701 C.
990 4652 1049 4703 G.
1090 4656 1240 4715 {8983
1273 4678 1338 4690 —
1371 4652 1425 4703 C.
1461 4651 1511 4702 S.
1550 4652 1707 4712 177o;
1740 4676 1805 4688 —
1837 4651 1893 4701 C.
1927 4653 1982 4703 P.
2023 4652 2174 4715 1974;
2209 4676 2273 4687 —
2318 4650 2368 4702 C.
2404 4651 2476 4701 M.
2513 4650 2671 4709 19573
2699 4670 2766 4682 -

2 4746 9 5053 Ι
175 4714 230 4765 C.
268 4713 322 4764 T.
359 4716 504 4765 1010.
