3292 5167
1289 229 1744 279 ADNOTATmNES
2669 211 2710 279 7
2717 213 2797 278 21

226 340 337 397 tra
380 332 705 397 Scrittnra
745 333 917 398 dalla
959 332 1257 397 caitolica
1292 335 1585 397 autor-ita
1627 334 1856 398 vicnmi
1897 334 2407 415 proposta.'Ecco
2449 333 2669 414 regola
2707 353 2813 400 ve·

226 423 521 477 remonte
564 430 777 489 30103,
804 414 921 477 013
968 413 1099 477 3013
1132 425 1505 478 veramente
1549 416 1797 489 sicura3
1841 431 1955 493 per
1987 414 2051 476 10
2092 415 2190 477 0111
2238 414 2639 488 abbandono,
2671 417 2812 479 anzi

225 511 344 573 per
389 495 448 557 10
492 510 751 573 sprezzo
794 497 860 557 10
905 495 1022 558 0110
1058 494 1355 558 l’ebbere
1397 496 1415 558 i
1464 496 1866 575 protestanti‚
1907 510 2156 558 venner
2200 500 2378 558 tratti
2416 498 2539 559 essi
2610 496 2818 560 mede·

224 577 373 637 simi
428 575 533 638 nel
565 577 800 637 vizioso
842 576 1078 638 circolo
1123 574 1287 638 della
1336 578 1615 656 petizion
1661 576 1725 638 di
1772 576 2109 655 principio.
2175 576 2683 652 Conciossiache,
2711 594 2808 641 se·

224 655 488 717 condoi
536 665 786 718 costoro
829 656 1115 727 dettami,
1166 656 1219 718 le
1267 654 1580 719 Seritture
1622 673 1770 718 sono
1809 656 2229 719 divinamente
2271 656 2582 736 inspirate
2612 705 2627 731 ,
2671 674 2809 737 per·

222 734 336 796 clue
380 737 434 797 le
478 734 790 799 Seritturc
830 736 948 798 che
990 737 1113 799 essi
1163 735 1442 815 piglieno
1488 752 1665 799 come
1709 735 2148 800 divinamento
2192 738 2535 816 inspirate,
2571 738 2627 801 lo
2657 744 2811 801 atte-

206 817 432 879 310110.
476 841 498 870 ι
558 816 876 880 Hactenus
919 817 1234 881 szzoni.

308 895 586 961 Clarius:
630 901 679 959 si
717 914 819 959 res
863 908 959 960 est
994 913 1136 961 cum
1184 896 1552 960 infidelibus
1596 898 1702 975 qui
1748 893 2112 974 Scripturas
2157 911 2287 959 000
2333 896 2681 960 admittunt
2714 900 2809 961 uti

225 971 512 1040 Verbum
563 978 671 1040 Dei
694 1025 716 1052 a,
765 993 880 1039 003
925 978 1264 1057 probamus
1326 978 1633 1056 primario
1696 975 2004 1038 Ecclesiae
2069 983 2306 1039 nostrae
2358 980 2806 1041 auctoritatem

222 1055 513 1132 aliunde,
558 1074 670 1121 seu
713 1072 791 1120 ex
839 1059 1094 1121 motivis
1138 1058 1638 1132 credibilitatis3
1682 1056 1849 1136 quod
1898 1058 1947 1118 si
1996 1057 2185 1118 etiam
2233 1057 2296 1120 id
2341 1073 2420 1119 ex
2464 1056 2812 1137 Scripturis

227 1137 505 1202 ulterius
551 1137 914 1217 probamus,
950 1153 1076 1200 non
1111 1138 1254 1201 illas
1289 1139 1598 1201 sumimus
1626 1148 1693 1199 ut
1723 1137 2002 1200 Verbum
2051 1137 2186 1211 Dei,
2224 1138 2332 1199 sed
2379 1146 2450 1200 ut
2493 1152 2644 1200 sunt
2674 1155 2812 1200 mo·

225 1226 538 1281 numenta
586 1220 887 1281 historica
919 1237 954 1282 e
991 1220 1373 1298 synchronis
1404 1217 2045 1298 (contemporalibus)
2077 1217 2499 1297 scriptoribus
2531 1233 2812 1294 exarata,

224 1296 295 1358 in
331 1298 563 1377 quibus
608 1300 840 1361 iccirco
873 1315 1000 1361 non
1045 1298 1404 1362 attenditur
1436 1299 1560 1360 nisi
1598 1298 1953 1372 authentia,
1993 1305 2057 1359 et
2088 1300 2401 1361 veracitas
2446 1315 2665 1362 eorum
2699 1300 2806 1379 qui

222 1381 645 1457 scripserunt.
686 1378 747 1440 Si
783 1393 938 1440 vero
978 1395 1077 1440 res
1122 1387 1217 1440 est
1254 1394 1393 1442 cum
1442 1378 1949 1456 protestantibus
1985 1380 2087 1458 qui
2137 1378 2530 1459 Scripturam
2578 1379 2810 1442 admit-

222 1465 396 1532 tunt,
425 1474 506 1520 ex
526 1459 855 1539 Scriptura
886 1472 1103 1523 000113
1140 1459 1307 1536 ipsos
1349 1458 1699 1521 Ecclesiam
1736 1469 2017 1521 nostram
2060 1459 2422 1537 probamus,
2454 1463 2810 1538 genuinum

220 1543 367 1614 ejus
410 1555 667 1602 sensum
710 1541 1074 1619 aperiendo.
1124 1538 1343 1601 Cercia
1387 1548 1451 1600 et
1498 1537 1965 1620 Scheffmaclter.
1998 1573 2075 1583 —-
2129 1538 2190 1600 V.
2228 1539 2534 1612 Ferreae,
2578 1540 2642 1601 L’
2669 1540 2808 1604 idea

218 1620 544 1683 cristiana
584 1619 749 1682 della
797 1618 1014 1682 Ghiesa
1057 1620 1369 1682 distructa
1414 1620 1516 1681 nel
1560 1619 2125 1692 Protestantismo;
2171 1620 2323 1684 item
2351 1668 2367 1695 ,
2422 1620 2485 1681 L'
2504 1621 2648 1682 idea
2693 1621 2810 1682 cri·

220 1701 447 1761 stiana
509 1701 674 1764 della
723 1699 942 1763 Chiesa
1002 1708 1301 1763 avverata
1345 1700 1445 1762 nel
1493 1699 1937 1762 Cattolicismo.
1984 1733 2059 1745 —
2114 1698 2276 1762 Gatti
2315 1749 2328 1773 ,
2369 1699 2810 1764 Institutiones

88 1771 93 1776 ’
194 1780 942 1861 -αρο10901100-ρο10011010
980 1781 1051 1843 de
1090 1781 1354 1843 veritate
1397 1796 1469 1842 ac
1512 1780 1845 1843 divinitate
1890 1780 2234 1860 Reliqionis
2281 1789 2343 1844 et
2369 1780 2663 1844 Ecclesiae
2705 1799 2809 1844 ca·

222 1860 490 1934 thelicae,
526 1861 640 1924 vol.
697 1878 795 1923 111.
823 1859 1065 1934 Romae,
1090 1860 1261 1925 1868.

308 1940 579 2002 lm.
613 1941 677 2014 Q.
711 1941 868 2015 Quid
910 1942 1283 2020 requiritur,
1310 1945 1390 2001 at
1425 1941 1766 2019 propositio
1813 1940 1894 2002 ad
1921 1940 2099 2019 fidem
2128 1939 2409 2002 divinam
2448 1940 2811 2020 pertineat?

308 2021 378 2082 R.
423 2022 721 2084 Ecclesiae
768 2024 1111 2101 propositio
1156 2029 1253 2084 est
1293 2021 1392 2081 via
1423 2069 1439 2096 ,
1481 2037 1601 2100 qua
1651 2020 1960 2082 revelatio
2007 2021 2223 2084 divina
2271 2021 2458 2081 nobis
2502 2021 2810 2090 infallibi-

226 2099 380 2164 liter
428 2104 813 2178 innotescit3
858 2104 1043 2165 sicuti
1093 2100 1402 2164 revelatio
1447 2101 1662 2162 divina
1708 2108 1807 2163 est
1852 2102 1948 2162 via
1976 2148 1992 2176 ,
2036 2118 2158 2179 qua
2204 2102 2388 2163 nobis
2457 2103 2807 2165 innotescit

218 2179 508 2244 Verbum
556 2182 687 2245 Dei.
734 2183 929 2246 Porro
974 2184 1441 2263 propositiones
1485 2191 1671 2258 sunt:
1895 2255 1898 2262 A
2751 2191 2756 2202 ·

391 2264 441 2323 l.
490 2262 644 2326 Aliae
688 2263 984 2343 explicite
1030 2261 1349 2336 revelatae,
1394 2278 1551 2341 quas
1595 2260 1846 2323 nullum
1891 2270 1986 2324 est
2030 2260 2315 2338 dubium,
2342 2261 2417 2323 ad
2468 2261 2657 2322 fidem
2705 2277 2808 2325 ca-

221 2341 531 2405 tholicam
577 2346 941 2423 pertinere:
986 2342 1286 2421 explicite
1328 2345 1502 2404 enim
1549 2340 1826 2403 revelata
1872 2342 2221 2420 propositio
2252 2350 2368 2416 est,
2403 2357 2544 2422 quae
2591 2343 2806 2404 imme·
2891 2369 2896 2374 ·

220 2421 402 2484 diate
433 2440 544 2487 seu
590 2426 863 2504 propriis
891 2433 1001 2487 aut
1043 2424 1399 2502 synonimis
1431 2421 1644 2485 verbis
1678 2424 1740 2483 10
1776 2421 2062 2500 deposito
2094 2420 2332 2484 divinae
2365 2421 2805 2485 Revelationis

220 2507 615 2567 continetur.
662 2504 1034 2584 Hujusmodi
1105 2512 1256 2566 sunt
1298 2519 1439 2582 quae
1486 2504 1549 2564 in
1606 2500 1953 2580 Scripturis
1999 2501 2077 2563 de
2121 2502 2353 2564 Christi
2417 2511 2603 2577 ortu,
2648 2503 2798 2566 vitae

220 2598 490 2661 genere,
531 2597 757 2660 morte,
791 2587 1263 2648 resurrectione
1307 2590 1371 2647 et
1414 2584 1787 2647 ascensione
1833 2581 2253 2645 exhibentur:
2303 2588 2450 2644 item
2497 2585 2806 2668 veritates

220 2679 373 2742 qnae
418 2664 611 2727 totius
647 2664 1009 2745 Religionis
1055 2669 1289 2726 nostrae
1336 2671 1485 2726 sunt
1522 2661 2032 2739 fundamentum,
2063 2674 2136 2724 ut
2174 2662 2456 2725 Trinitas
2504 2661 2809 2725 Persona-

219 2759 370 2806 rum
406 2747 469 2806 in
518 2745 664 2821 Deo,
695 2746 929 2809 Christi
964 2746 1286 2820 divinitas,
1319 2744 1397 2806 ab
1424 2760 1625 2821 eoque
1663 2742 1824 2805 {acta
1866 2745 2194 2805 hominum
2227 2741 2809 2822 Redemptio.'Hinc

220 2826 421 2887 etiam
466 2835 801 2905 autequam
846 2827 926 2889 de
957 2826 1034 2887 iis
1081 2824 1371 2886 definitio
1413 2823 1492 2886 ab
1521 2822 1801 2885 Ecclesia
1847 2823 2013 2884 edita
2062 2833 2253 2896 esset,
2297 2828 2525 2886 morito
2577 2832 2645 2887 ut
2689 2825 2812 2904 hae·

220 2908 409 2966 retici
462 2906 659 2969 habiti
712 2914 961 2970 suntet
1009 2904 1441 2976 condemnati,
1471 2906 1576 2983 qui
1615 2920 1723 2965 eas
1769 2904 2121 2982 negabant3
2165 2904 2442 2966 Ecclesia
2492 2907 2663 2966 enim
2701 2904 2803 2966 de-

221 2985 518 3048 finiendo
549 2987 769 3050 Libros
802 3004 1014 3050 sacros
1050 2984 1328 3048 Verbum
1372 2985 1484 3046 Dei
1523 2985 1881 3058 continere,
1915 2984 2027 3045 has
2063 2987 2367 3047 veritates
2414 2986 2807 3048 sufficienter

225 3078 651 3145 proposuerat
694 3068 784 3130 uti
825 3067 1137 3129 revelatas
1180 3082 1252 3128 ac
1298 3064 1423 3129 fide
1468 3065 1777 3127 catholica
1824 3063 2194 3127 credendas.

392 3147 445 3207 2.
478 3146 637 3211 Aliae
676 3148 1145 3227 propositiones
1176 3162 1288 3208 seu
1319 3146 1624 3207 veritates
1670 3151 1819 3205 sunt
1853 3144 2154 3224 implicite
2197 3151 2443 3207 tantum
2479 3143 2809 3221 revelatas,

222 3232 295 3287 et
340 3226 466 3289 iitae
509 3238 697 3304 sunt,
741 3243 880 3308 quoe
927 3227 1182 3289 nonnisi
1229 3227 1553 3287 mediante
1598 3224 1808 3303 aliqua
1855 3224 2144 3287 illatione
2186 3224 2288 3288 vel
2347 3225 2683 3288 ratiocinio
2729 3224 2805 3287 ab

223 3307 531 3384 explicite
577 3308 876 3372 revelatis
920 3307 1346 3390 deducuntur,
1389 3315 1453 3368 et
1495 3305 1707 3367 solent
1748 3306 1941 3368 etiam
1985 3305 2407 3368 conclusiones
2453 3306 2810 3385 theoloqicoe

224 3392 608 3466 nuncupari.
673 3385 1039 3469 Cujusmodi
1076 3397 1174 3452 est
1223 3403 1364 3468 quae
1414 3385 1597 3468 docet
1643 3387 1985 3448 humanam
2019 3388 2081 3447 in
2120 3387 2374 3449 Christo
2411 3387 2808 3451 voluntatem

226 3482 258 3530 3
303 3466 516 3531 divina
565 3470 929 3533 distinctam
979 3470 1223 3540 inesse;
1267 3483 1408 3547 quae
1445 3465 1719 3529 adstruit
1762 3464 2114 3528 absolutam
2159 3466 2462 3547 Baptismi
2527 3468 2808 3530 necessi·

226 3555 425 3610 tatem
516 3550 674 3613 uoad
722 3549 1001 3613 infantes
1045 3552 1237 3612 etiam
1283 3564 1314 3610 a
1364 3546 1659 3610 fidelibus
1718 3544 2090 3624 parentibus
2136 3557 2347 3622 ortos3
2393 3564 2533 3625 quae
2593 3547 2807 3622 tradit,

222 3628 444 3691 valere
537 3634 874 3710 aptismum
911 3633 1106 3691 etiam
1153 3630 1230 3691 ab
1277 3627 1520 3690 infideli
1571 3628 1829 3688 homine
1872 3627 2436 3698 administratum,
2493 3640 2613 3690 etc.
2658 3628 2807 3701 Quae

225 3717 380 3771 tunc
428 3720 672 3774 tantum
732 3711 1204 3773 constituerunt
1246 3708 1576 3770 catholicae
1625 3706 1771 3769 fidei
1819 3705 2070 3787 dogma,
2120 3724 2263 3772 cum
2310 3709 2648 3771 definitum
2685 3709 2807 3770 fuit

225 3787 309 3852 ab
355 3789 633 3855 Ecclesia
681 3791 1051 3853 christianae
1097 3789 1407 3851 doctrinae
1452 3785 1734 3861 custode,
1787 3787 2136 3866 interprete
2179 3797 2243 3851 et
2286 3789 2611 3867 magistra.

310 3869 430 3932 Alii
479 3872 793 3934 diversam
834 3870 1149 3933 rationem
1194 3871 1556 3948 assignant:
1596 3869 1797 3947 ajunt,
1829 3868 2284 3948 inquirendum
2329 3884 2468 3930 esse
2501 3884 2532 3931 a
2570 3865 2799 3947 quibus

275 3953 582 4014 raemissis
627 3952 977 4014 deducatur
1022 3955 1238 4012 no‘stra
1283 3949 1627 4013 conclusio.
1671 3946 1827 4010 Nam
1876 3959 2080 4027 potest
2125 3949 2350 4012 deduci
2403 3959 2536 4011 tum
2582 3964 2614 4012 a
2647 3948 2793 4009 duo·

276 4046 346 4093 us
392 4033 738 4110 praemissis
763 4032 1084 4106 revelatis»,
1109 4047 1162 4092 v.
1186 4048 1275 4110 g..·
1311 4045 1513 4091 omnes
1540 4028 1822 4106 Apostoli
1851 4030 2074 4108 repleti
2094 4037 2244 4091 sant
2267 4028 2311 4090 S
2354 4030 2512 4091 irita
2538 4027 2800 4099 Sancto,-

226 4114 413 4189 atqui
433 4112 771 4177 Matthoeas
800 4120 940 4174 erat
965 4111 1327 4190 Apostolum
1353 4125 1497 4189 0190
1520 4108 1860 4178 Matthoeas
1886 4109 2158 4188 repletas
2181 4116 2276 4171 est
2332 4109 2538 4188 piritu
2563 4107 2809 4172 Sancta.

224 4188 382 4253 Tum
428 4209 508 4254 ex
552 4194 773 4272 majori
819 4192 1105 4272 generali
1152 4190 1471 4264 revelata,
1516 4196 1579 4251 et
1625 4189 1858 4250 minori
1900 4204 2027 4250 non
2074 4189 2390 4264 revelata3
2432 4206 2490 4252 v.
2519 4208 2613 4269 g.,
2661 4203 2811 4252 vcra

232 4270 473 4334 Christi
512 4272 795 4336 Ecclesia
827 4272 1003 4337 debet
1043 4287 1170 4335 0330
1211 4288 1360 4347 una,
1403 4276 1648 4345 sancta,
1678 4268 2010 4345 catholica,
2043 4269 2426 4348 apostolica.-
2472 4270 2656 4349 atqui
2682 4267 2799 4332 Ec-

227 4352 421 4415 clesia
454 4353 731 4417 Romana
759 4361 853 4416 est
891 4369 1040 4428 aaa,
1063 4358 1306 4429 sancta,
1349 4350 1686 4426 catholica,
1715 4350 2100 4428 apostolica,-
2136 4366 2281 4431 0190
2312 4358 2407 4424 est
2433 4363 2580 4414 vera
2623 4349 2804 4415 Citri-

227 4432 318 4493 sti
357 4433 656 4498 Ecclesia.
697 4434 852 4498 Tum
900 4449 977 4496 ex
1013 4433 1238 4512 majori
1285 4431 1571 4512 generali
1619 4431 1882 4492 omnino
1927 4437 2122 4505 certa,
2166 4430 2275 4494 sed
2323 4446 2450 4493 non
2501 4430 2809 4508 revelata,

229 4520 296 4573 et
335 4529 414 4576 ex
459 4515 692 4579 minori
736 4513 1058 4579 revelata:
1105 4529 1165 4576 v,
1208 4530 1302 4592 g.,
1347 4513 1546 4575 omnis
1589 4509 1761 4574 110010
1805 4517 1899 4573 est
1937 4509 2240 4584 risibilis;
2283 4512 2468 4592 atqui
2512 4510 2802 4575 Christus

227 4607 410 4656 veras
432 4601 529 4658 est
569 4594 862 4666 nomm-er
903 4613 937 4659 0
985 4594 1280 4659 Christus
1309 4601 1403 4656 est
1428 4588 1718 4657 risibilis.
1746 4591 1856 4654 His
1901 4591 2168 4671 positis,
2211 4591 2522 4655 dicimus:
2570 4594 2623 4655 1.
2706 4609 2804 4654 ro·

228 4675 580 4750 positiones
623 4693 701 4741 ex
742 4676 863 4740 dua
912 4689 988 4739 ns
1030 4674 1381 4757 praemissis
1428 4670 1729 4737 revelatis
1775 4672 2061 4753 legitime
2105 4671 2435 4751 deductae,
2481 4672 2560 4736 ad
2607 4672 2647 4735 fl
2697 4685 2802 4735 em
