3292 5167
1319 250 1776 298 annon-nonna
2710 231 2838 297 765

183 359 187 363 ’
232 347 468 427 bellis,
511 357 873 426 contumax,
913 350 1288 432 sacrilegus,
1322 353 1505 431 gravi
1539 366 1726 432 poena
1760 348 2185 424 mulctandus,
2217 358 2282 412 et
2312 349 2636 414 schismati
2672 350 2840 416 forte

232 431 721 508 proximus;·at
766 430 1047 495 nondum
1094 433 1365 512 praecise
1405 432 1486 495 ob
1532 434 1596 494 id
1643 431 1723 493 de
1772 430 2115 494 schismate
2145 429 2519 511 culpandus.

330 508 594 574 Duobus
639 512 717 573 ad
780 527 1097 576 summum
1145 511 1592 576 Pontificatum
1637 510 1904 586 electiS,
1947 512 1998 573 si
2047 512 2380 590 ignoretur
2409 513 2579 592 quis
2623 528 2704 573 ex
2745 512 2838 576 eis

233 586 539 668 legitime
581 591 823 654 electus
845 594 953 668 sit,
981 602 1045 655 et
1073 591 1305 686 aliquis
1335 594 1665 655 adhaereat
1694 594 1753 655 ei
1786 607 1972 671 quem
2011 599 2190 670 putat
2227 591 2580 671 legitimum
2619 592 2834 655 Ponti-

233 668 459 748 ficem,
502 670 614 733 sed
658 670 839 751 cujus
885 672 1287 752 postmodum
1330 672 1564 736 electio
1612 670 1783 735 nulla
1827 671 2110 751 judicata
2148 680 2248 734 est
2289 673 2366 735 ab
2414 673 2696 736 habente
2725 688 2837 751 po·

238 755 550 814 testatem
576 798 592 824 ,
642 767 770 814 non
816 762 914 816 est
944 770 1094 816 vere
1125 755 1601 826 schismaticus3
1647 753 2095 815 schismaticus
2120 761 2309 828 esset,
2343 754 2392 814 si
2429 754 2681 831 cognita
2730 768 2836 815 ve-

232 829 444 894 ritate
479 831 689 895 adhuc
720 833 1095 911 persisteret
1139 835 1206 896 in
1251 849 1362 898 sua
1407 833 1770 896 obedientia
1818 840 1883 895 et
1925 830 2312 894 adhaesione.
2344 833 2421 896 Et
2447 834 2588 895 ideo
2633 849 2833 913 quau·

234 909 359 973 diu
408 928 511 974 res
556 913 799 975 incerta
846 922 961 990 est,
1005 923 1272 993 possunt
1314 930 1453 978 esse
1499 913 1699 976 sancti
1746 929 1825 974 ex
1869 919 2137 990 utraque
2183 920 2404 991 parte;
2443 914 2635 993 *quod
2711 929 2835 975 nou

235 991 447 1054 semel
480 995 714 1054 evenit.
757 992 816 1055 V.
864 993 1244 1058 Benedictus
1288 993 1443 1071 xiv,
1478 994 1558 1055 De
1598 993 2086 1057 canonizatione
2128 1002 2270 1069 etc„
2309 992 2348 1054 l.
2393 1011 2496 1068 ιιι,
2545 1011 2595 1056 c.
2640 993 2736 1056 20.
2787 1065 2792 1071 ⁸

325 1071 594 1133 1053.
640 1074 745 1135 Ait
786 1073 1090 1138 Billuart:
1136 1091 1262 1137 non
1308 1084 1477 1137 esset
1520 1076 1741 1154 utique
1789 1075 2237 1136 schismaticus
2267 1075 2373 1152 qui
2411 1082 2715 1150 renueret
2746 1090 2840 1135 su-

236 1148 436 1230 besse
481 1151 796 1230 Pontifici,
840 1164 908 1217 ut
950 1162 1046 1217 est
1088 1157 1277 1218 homo
1322 1156 1625 1234 privatus,
1671 1170 1745 1216 ex
1795 1155 1941 1216 odio
2001 1170 2057 1216 v.
2115 1170 2213 1232 g.,
2258 1154 2356 1216 vel
2416 1164 2675 1234 propter
2722 1153 2835 1215 ali-

237 1248 442 1312 quam
485 1232 687 1312 ipsius
732 1249 1022 1316 personae
1066 1235 1459 1316 qualitatem,
1501 1244 1612 1299 aut
1648 1233 1852 1297 nollet
1895 1232 1990 1296 illi
2038 1234 2301 1296 obedire
2336 1235 2397 1295 in
2427 1235 2643 1313 aliquo
2674 1249 2835 1313 prae·

236 1321 458 1391 cepto,
504 1322 648 1392 puta
688 1317 922 1393 jejunii
969 1315 1073 1377 vel
1104 1317 1531 1379 restitutionis
1571 1316 1652 1378 ob
1683 1316 1822 1393 ejus
1857 1313 2317 1376 difficultatem.
2349 1307 2459 1377 His
2492 1317 2662 1376 euim
2708 1328 2833 1375 non

239 1391 679 1469 obstantibus,
724 1405 932 1474 potest
975 1394 1157 1458 illum
1202 1412 1552 1474 agnoscere
1594 1404 1666 1459 ut
1696 1395 1932 1459 Christi
1961 1393 2308 1469 Vicarium,
2346 1405 2412 1456 et
2451 1395 2544 1457 illi
2578 1394 2839 1456 subesse

236 1484 575 1553 quantum·
602 1474 681 1537 ad
727 1476 1171 1538 definitionem
1219 1476 1364 1539 fidei
1413 1486 1476 1540 et
1523 1491 1794 1539 morum.
1856 1474 1958 1537 Sic
2004 1484 2158 1555 quot
2200 1484 2350 1537 sunt
2389 1474 2833 1540 inobedientes

238 1555 382 1617 suis
429 1555 889 1633 superioribus,
933 1555 1042 1618 sed
1093 1572 1240 1618 vere
1275 1557 1486 1639 adhuc
1530 1573 1642 1619 eos
1687 1565 2043 1634 agnoscunt
2074 1571 2188 1634 pro
2227 1556 2685 1635 superioribus,
2718 1553 2836 1617 Ve-

238 1649 391 1697 rum
440 1635 836 1713 periculosus
880 1644 977 1698 est
1021 1638 1123 1699 hic
1166 1637 1580 1700 abstrahendi
1655 1638 1883 1699 modus
1910 1654 1929 1710 ;
1968 1637 2362 1716 experientia
2409 1638 2579 1698 enim
2626 1634 2837 1696 edocti

241 1729 475 1777 sumus
518 1732 626 1777 eos
658 1763 673 1792 ,
717 1718 923 1795 quiin
966 1718 1196 1780 summi
1243 1716 1573 1780 Pontificis
1625 1719 2047 1781 veneratione
2093 1724 2281 1794 atque
2326 1716 2692 1779 obedientia
2740 1731 2836 1777 ni-

235 1796 449 1858 mium
494 1805 709 1859 amant
752 1797 1275 1861 distinctionibus
1323 1800 1434 1875 uti,
1476 1815 1552 1862 eo
1605 1798 1867 1861 tandem
1913 1797 2244 1870 devenire,
2285 1805 2355 1859 ut
2399 1812 2655 1858 omnem
2699 1795 2838 1858 sub·

236 1877 621 1938 missionem
667 1877 726 1938 ei
773 1885 1069 1956 proterve
1119 1877 1463 1956 denegent,
1512 1879 1705 1941 etiam
1755 1887 1940 1959 prout
1985 1886 2080 1940 est
2124 1876 2358 1939 Christi
2404 1876 2721 1939 vicarius

321 1954 446 2016 Hic
489 1957 652 2018 mire
695 1956 940 2020 faciunt
985 1959 1119 2021 haec
1173 1958 1248 2021 cl.
1299 1958 1889 2037 Delia-Margherita
1936 1960 2001 2019 in
2050 1974 2162 2021 suo
2208 1957 2444 2020 celebri
2494 1956 2835 2019 Memoran-

233 2035 386 2099 dum
424 2044 572 2098 ator.
601 2037 748 2115 pol„
789 2054 840 2099 o.
885 2055 954 2099 x:
1015 2063 1037 2094 ι
1081 2038 1400 2102 Ristorate
1447 2039 1503 2100 le
1547 2040 1808 2102 antiche
1849 2038 2218 2100 Monarchie
2264 2037 2370 2099 nel
2423 2036 2613 2112 1815,
2658 2038 2709 2097 si
2760 2038 2839 2099 ri·

236 2120 438 2180 torno
482 2117 558 2179 da
608 2119 753 2181 tutti
800 2118 819 2178 i
863 2117 1185 2182 Gabinetti
1233 2118 1355 2200 agli
1404 2121 1588 2183 stessi
1648 2120 1898 2194 errori,
1942 2136 1975 2180 e
2039 2120 2318 2181 ministri
2384 2133 2419 2179 e
2479 2116 2839 2197 magistrati

233 2206 654 2283 mostrarono
699 2201 860 2261 assai
909 2200 1016 2279 piu
1061 2199 1198 2262 zelo
1246 2201 1350 2261 nel
1396 2203 1699 2263 resistere
1743 2200 1867 2262 alla
1912 2209 2091 2261 santa
2137 2197 2322 2274 Sede,
2352 2199 2470 2259 che
2503 2199 2560 2259 ai
2601 2198 2837 2259 nemici

237 2279 495 2341 interni
541 2277 618 2340 ed
665 2280 905 2341 estet-ni
954 2278 1121 2353 della
1169 2280 1464 2360 pubblica
1510 2282 1751 2360 quiete.
1800 2277 1942 2342 Cos}
1990 2280 2207 2342 hanno
2251 2286 2590 2357 preparato
2631 2293 2837 2340 nuove

235 2359 550 2421 calamita
594 2357 1013 2437 all'Europa3
1059 2364 1140 2422 ne
1184 2365 1444 2440 sorgera
1516 2362 1641 2424 mai
1701 2364 1807 2423 era
1876 2358 2210 2438 migliore‚
2253 2373 2291 2421 o
2334 2358 2652 2436 sorgendo
2708 2373 2835 2418 non

235 2437 489 2503 durera
535 2439 830 2518 a-lungo‚
874 2456 940 2501 se
987 2442 1003 2502 i
1052 2440 1330 2521 Principi
1377 2458 1412 2503 e
1457 2443 1734 2505 ministri
1784 2440 2064 2503 cattolici
2114 2456 2239 2501 non
2285 2440 2336 2501 si
2386 2438 2658 2500 faranno
2710 2453 2835 2500 una

233 2519 452 2597 gloria
503 2518 566 2581 di
612 2522 949 2599 stringersi
996 2537 1174 2584 come
1219 2523 1489 2584 membri
1537 2521 1706 2584 della
1755 2537 1912 2600 gran
1959 2519 2239 2599 famiglia
2288 2521 2589 2581 cristiana
2624 2516 2682 2578 al
2726 2534 2819 2580 su·

234 2616 471 2741 fremo
503 2598 782 2662 Pastore.
819 2599 2016 2679 Costantino,Teodosi0,Carlomagno
2051 2601 2279 2663 furono
2311 2599 2539 2677 grandi
2572 2601 2636 2660 in
2679 2605 2837 2661 tutta

262 2680 669 2743 ’estensione
713 2679 815 2743 del
866 2683 1136 2743 termine
1181 2680 1276 2745 fra
1325 2684 1341 2744 i
1386 2682 1737 2758 Monarchi‚
1783 2682 1843 2744 le
1887 2683 1989 2744 cui
2034 2691 2216 2760 geste
2259 2697 2446 2741 narra
2496 2680 2550 2741 la
2600 2679 2832 2741 storia:

236 2759 444 2841 foglia
491 2776 618 2823 non
662 2761 724 2823 vi
771 2761 838 2824 fu
880 2761 1050 2841 degli
1097 2761 1280 2825 allori
1328 2762 1389 2825 di
1440 2763 1574 2824 loro
1612 2779 1849 2824 corone
1892 2763 2241 2842 appassita,
2294 2775 2406 2838 per
2452 2760 2505 2821 la
2555 2759 2838 2832 sommis·

236 2844 434 2925 sione
477 2842 536 2903 ai
580 2843 806 2903 sommi
854 2841 1178 2904 Pontefici.
1227 2842 1247 2904 l
1292 2845 1547 2920 giovani
1597 2844 1716 2905 che
1761 2843 1811 2904 si
1860 2842 2176 2906 dedicano
2223 2847 2254 2902 a
2305 2842 2682 2919 maneggiar
2739 2839 2838 2902 col

239 2927 462 3001 tempo
506 2919 592 2998 gli
638 2922 817 2984 affari
865 2922 928 2983 di
973 2921 1147 2985 Stato
1191 2923 1476 2986 studiino
1524 2922 1579 2986 la
1626 2927 1821 2985 storia
1868 2924 1932 2985 di
1983 2924 2126 2984 tutti
2178 2924 2194 2983 i
2264 2920 2510 2999 Regni,
2552 2938 2586 2981 e
2636 2922 2832 2997 impa-

238 3003 393 3065 rino
437 3003 552 3065 che
596 3017 723 3063 uon
773 3005 953 3079 porto
996 3005 1079 3065 ne
1121 3005 1386 3077 rovina‚
1436 3007 1517 3066 ne
1561 3003 1775 3067 dauno
1829 3004 1907 3066 ad
1953 3003 2181 3066 alcuno
2227 3002 2350 3063 mai
2400 3001 2453 3061 la
2533 3013 2836 3063 sommes-

240 3087 431 3144 sione
473 3082 598 3146 alla
642 3077 1050 3161 Cbiesa,›ohe
1098 3083 1268 3146 nulla
1319 3084 1513 3163 toglie
1558 3082 1679 3146 alla
1728 3085 1902 3163 regia
1952 3086 2190 3145 maesta
2237 3080 2297 3145 la
2346 3081 2677 3145 riverenza
2727 3096 2838 3159 per

246 3161 307 3224 le
352 3162 613 3225 Somme
655 3161 915 3239 Chiavi3
953 3165 1068 3228 obe
1113 3166 1580 3227 innumerevoli
1627 3181 1785 3226 sono
1831 3164 1917 3241 gli
1965 3164 2208 3242 esempi
2259 3163 2321 3223 di
2367 3153 2645 3239 Principi
2692 3177 2725 3221 e
2772 3162 2838 3222 di

247 3240 411 3307 Stati
463 3246 737 3322 percossi
786 3244 862 3308 da
907 3248 1055 3325 ogni
1104 3246 1450 3325 genere‘di
1496 3253 1805 3308 sventure
1850 3261 1884 3306 e
1929 3245 1992 3306 di
2039 3242 2441 3307 umiliazioni
2508 3257 2621 3319 per
2686 3257 2839 3303 aver

216 3325 462 3403 ·questi
510 3326 810 3404 principii
859 3325 1259 3405 disprezzati.
1307 3326 1516 3386 Potrei
1567 3325 1919 3388 terminare
1963 3339 2084 3386 con
2131 3323 2326 3386 molto
2371 3322 2693 3397 citazioui,
2740 3337 2839 3384 ma

249 3402 597 3468 sarebbero
644 3404 705 3465 di
752 3400 960 3469 autori
1001 3416 1227 3486 troppo
1273 3405 1558 3485 religiosi
1610 3423 1733 3485 per
1763 3412 2084 3467 carattere
2114 3420 2148 3466 e
2181 3419 2295 3483 per
2325 3403 2630 3479 carriera,
2674 3402 2838 3464 onde

251 3484 317 3546 di
364 3483 533 3545 buon
578 3483 773 3561 grado
816 3487 903 3564 gli
951 3495 1339 3551 ammettano
1384 3485 1603 3548 coloro
1653 3486 1773 3549 che
1832 3487 1932 3564 gia
1977 3500 2134 3548 sono
2181 3485 2388 3547 tocchi
2438 3483 2538 3545 dai
2591 3481 2840 3564 pregiu-

251 3565 378 3627 dizi
427 3563 597 3625 nelle
638 3565 853 3628 scuole
890 3569 1230 3646 insegnati,
1277 3584 1312 3629 e
1360 3567 1650 3645 praticati
1692 3565 1860 3628 nelle
1895 3564 2296 3628 Cancellerie
2341 3580 2374 3625 e
2423 3564 2597 3625 nelle
2648 3563 2838 3624 Curie

252 3644 517 3707 forensi.
561 3643 771 3706 Citero
804 3646 1025 3709 invece
1059 3665 1142 3710 un
1175 3645 1585 3725 diplomatico
1617 3645 1972 3726 spagnuolo
2005 3644 2069 3707 di
2112 3661 2273 3724 grau
2308 3660 2511 3705 senno
2543 3643 2600 3704 d.
2641 3643 2838 3720 Diego
2879 3669 2886 3674 ·

248 3721 601 3788 Saavedra:
647 3729 846 3787 costui
894 3726 960 3789 fu
1003 3728 1345 3807 impiegato
1391 3728 1454 3788 in
1514 3731 1738 3806 uegozi
1807 3726 2362 3804 importantissimi
2427 3723 2529 3785 dal
2577 3722 2664 3784 Re
2709 3729 2837 3783 cat·

254 3804 489 3881 tolico,
530 3805 850 3869 assistette
896 3808 959 3869 in
1004 3806 1197 3869 Roma
1243 3824 1276 3870 a
1322 3806 1446 3870 due
1510 3807 1805 3870 Conclavi
1833 3855 1848 3882 ,
1893 3809 1959 3868 in
2006 3806 2351 3870 Ratisbona
2420 3803 2840 3866 all’elezione

251 3884 824 3963 dell'imperatore‚
851 3902 885 3948 e
924 3886 1093 3953 nella
1129 3885 1425 3950 Svizzera
1456 3887 1531 3949 ad
1570 3897 1704 3951 otto
1739 3889 1937 3960 fliete,
1975 3887 2189 3949 studio
2214 3901 2402 3964 sopra
2435 3899 2558 3946 una
2593 3881 2839 3962 grande

251 3965 423 4028 scala
468 3965 555 4045 gli
602 3966 782 4028 affari
829 3966 929 4030 del
979 3969 1236 4044 mondo,
1286 3968 1353 4031 fu
1395 3969 1619 4048 quiudi
1667 3966 2065 4047 Consigliere
2124 3966 2227 4029 del
2284 3980 2588 4044 supremo,
2628 3963 2837 4024 consi·

252 4046 384 4126 glio
429 4044 599 4110 delle
645 4046 844 4122 indie,
893 4064 927 4109 e
975 4048 1166 4114 lascio
1211 4066 1296 4111 un
1346 4048 1508 4111 libro
1552 4049 1615 4111 di
1660 4060 1850 4112 cento
1896 4046 2173 4126 Imprese
2260 4044 2522 4128 oliticbe
2560 4060 2672 4124 per
2708 4056 2837 4104 am·

253 4135 751 4199 maestramento
794 4127 859 4190 di
905 4128 1209 4208 Principi.
1254 4130 1417 4191 Ecoo
1475 4145 1651 4191 come
1716 4131 1770 4191 si
1834 4131 2113 4208 esprime
2169 4126 2585 4204 al'lmpresa
2647 4139 2838 4184 xxiv:

266 4232 289 4262 ι
327 4207 588 4270 Distinti
621 4224 776 4269 sono
810 4209 905 4271 fra
947 4208 1082 4271 loro
1113 4209 1130 4270 i
1168 4211 1370 4288 poteri
1401 4209 1737 4288 spirituale
1768 4225 1805 4272 e
1831 4207 2218 4288 temporale:
2253 4214 2478 4286 questo
2513 4207 2565 4266 si
2599 4203 2837 4266 adorna

252 4310 277 4341 ι
327 4304 443 4349 con
490 4287 829 4352 l’autorita
873 4288 937 4351 di
983 4288 1218 4369 quello,
1260 4307 1295 4352 e
1339 4289 1555 4369 quello
1602 4291 1657 4352 si
1702 4291 2032 4353 mantione
2077 4287 2176 4350 col
2222 4294 2444 4368 potere
2488 4286 2550 4346 di
2597 4292 2839 4365 questo.

256 4391 282 4422 ι
322 4367 546 4432 Eroica
591 4368 985 4433 obhedienza
1031 4357 1243 4449 quella
1289 4371 1409 4433 che
1451 4370 1503 4432 si
1550 4385 1808 4433 osserva
1876 4386 2068 4434 verso
2136 4368 2178 4431 il
2242 4368 2499 4431 vicario
2551 4364 2612 4427 di
2661 4364 2841 4427 Colui

254 4471 280 4502 ι
323 4448 440 4511 che
485 4448 560 4512 da
607 4466 653 4511 e
688 4450 883 4530 toglie
925 4450 1015 4531 gli
1060 4452 1299 4514 s‘cettri.
1340 4448 1405 4513 Si
1451 4449 1732 4531 gloriiuo
1775 4453 1795 4513 i
1842 4450 1932 4513 Re
1975 4450 2039 4513 di
2107 4465 2233 4514 non
2299 4449 2756 4510 sottomettersi
2804 4460 2837 4505 a

257 4553 279 4581 n
322 4527 770 4606 giurisdizioni
816 4547 851 4593 e
895 4530 1063 4611 leggi
1112 4533 1449 4607 straniere‚
1497 4547 1592 4592 ma
1640 4547 1769 4594 non
1816 4532 1942 4594 mai
2010 4530 2132 4595 alla
2204 4528 2376 4591 forza
2429 4523 2530 4590 flei
2583 4526 2839 4588 Dect-eti

255 4608 618 4687 Apostolici.
663 4635 686 4665 ι
729 4643 807 4657 -
850 4610 921 4674 Ιῑ.
965 4613 1391 4676 Avvedimenti
1429 4612 1679 4691 politici
1731 4612 2021 4691 eiusdem
2086 4612 2167 4675 cl.
2231 4611 2556 4685 auctoris,
2613 4623 2665 4669 c.
2708 4621 2841 4682 xix,

254 4704 320 4751 n.
362 4687 421 4753 3.
461 4724 539 4735 —
580 4689 742 4754 Vide
787 4691 937 4756 item
987 4691 1291 4757 Cattolico
1331 4693 1399 4757 di
1441 4692 1718 4774 Luqano,
1761 4693 1884 4756 vol.
1929 4707 1987 4757 v.
