3292 5167
1236 297 1693 349 *marrones
2615 283 2735 350 itt

303 399 366 481 l)
405 399 696 463 Attentio
740 396 1104 463 habitualis
1140 414 1268 462 non
1313 400 1565 477 sufficit,
1609 404 1760 482 quia‘
1796 417 1933 464 non
1978 410 2078 464 est
2140 403 2422 466 hominis
2485 404 2741 485 agentis

189 484 417 548 hnmano
461 482 690 542 modo:
733 483 891 543 item
929 493 1134 559 neque
1173 481 1687 561 interpretativa,
1729 485 1877 563 quia
1938 484 2075 545 haec
2140 485 2424 547 nondum
2497 488 2738 549 existit.

192 562 433 626 Atinatis
477 576 638 623 vero
682 565 921 640 optima
966 560 1224 640 quidem
1270 573 1386 638 est,
1430 563 1539 624 sed
1590 579 1718 624 non
1767 564 2146 637 necessaria,
2192 578 2335 630 cum
2380 582 2451 627 ea
2495 582 2622 627 non
2655 569 2741 628 sit

191 658 394 721 nuper
425 644 505 702 in
557 651 777 705 nostra
823 649 1159 721 potestate,
1207 648 1273 704 et
1315 645 1371 704 ei
1419 652 1838 722 opponantur
1882 643 2337 706 distractiones
2403 647 2595 708 etiam
2642 648 2735 708 in·-

193 723 549 785 voluutariae.
596 722 850 785 Sufficit
889 736 1044 799 ergo
1087 730 1154 784 et
1197 726 1552 802 requiritur
1607 724 1834 786 saltem
1899 727 2173 786 attentio
2243 725 2574 803 virtualis,
2637 729 2740 790 cui

189 804 398 883 quidem
443 804 658 865 solum
703 802 1091 866 voluntariae
1136 803 1598 866 distractiones
1642 816 2055 884 opponuntur
2072 823 2090 880 3
2132 804 2198 882 2)
2243 809 2516 868 attentio
2558 808 2743 885 spiri·

192 885 360 959 natis,
400 897 472 946 ut
514 899 662 946 eam
710 899 826 945 nos
863 882 1298 962 explicamus,
1365 898 1493 947 non
1562 888 1950 964 requiritur:
2023 886 2158 947 baec
2221 901 2375 947 sane
2444 887 2595 949 licet
2657 888 2741 950 sit

187 967 376 1044 optima
421 973 486 1026 et
533 965 684 1027 ideo
731 963 1070 1029 laudanda.
1119 980 1246 1025 non
1292 973 1391 1026 est
1460 967 1858 1040 necessaria3
1923 981 2065 1028 cum
2132 966 2211 1028 de
2276 965 2447 1028 facili
2514 967 2738 1030 baberi

189 1060 283 1111 non
322 1046 534 1124 possit.
580 1044 716 1107 Nec
763 1045 1134 1123 requiritur·
1164 1044 1485 1118 litemus,-
1529 1048 1676 1126 quia
1722 1061 1905 1108 secus
1947 1062 2077 1107 non
2120 1057 2383 1108 orarent
2440 1050 2547 1127 qni
2597 1046 2740 1109 lati·'

188 1141 298 1186 nam
339 1123 628 1203 linguam
676 1127 995 1203 ignorant.
1038 1123 1284 1187 Sufficit
1325 1141 1480 1203 ergo
1525 1137 1589 1188 et
1634 1128 1987 1206 requiritur
2031 1125 2255 1189 saltem
2301 1130 2575 1189 attentio
2631 1145 2734 1190 su·

179 1206 522 1285 perficiatis.-
572 1205 634 1267 id
682 1217 779 1268 est
822 1208 1093 1267 attentio
1137 1205 1214 1269 ad
1262 1206 1486 1283 verba,
1535 1223 1664 1268 non
1712 1207 1972 1287 quidem
2016 1206 2093 1268 ad
2141 1207 2418 1287 singula,
2462 1208 2569 1269 sed
2608 1224 2734 1271 mo·

184 1285 302 1348 ralis
337 1294 398 1348 et
438 1286 773 1363 generalis
836 1288 1382 1364 conjuncta·cum
1457 1288 1556 1366 pia
1634 1289 1995 1350 intentione
2058 1289 2281 1351 orandi
2355 1301 2420 1349 et
2481 1288 2736 1352 colendi
2832 1331 2839 1337 -

183 1366 359 1428 Deum.
403 1366 578 1443 Haec,
626 1371 909 1447 inquam,
957 1368 1229 1428 attentio
1275 1369 1626 1446 requiritur
1670 1377 1735 1431 et
1799 1368 2064 1430 sufficit:
2128 1370 2525 1447 requiritur,
2586 1371 2735 1448 quia

182 1444 548 1509 Breviarium
591 1458 692 1510 est
734 1447 940 1509 oratio
986 1447 1243 1521 vocali-s,
1291 1457 1355 1510 et
1399 1448 1543 1510 ideo
1587 1449 1745 1512 orali
1793 1450 1969 1509 vocis
2014 1463 2170 1510 sono
2214 1449 2589 1528 complenda
2626 1465 2737 1529 per

179 1526 516 1589 distinctam
565 1528 904 1590 verborum
953 1527 1582 1606 pronuntiationem:
1626 1529 1905 1608 suffici&
1950 1530 2154 1590 oratio
2199 1534 2371 1592 enim
2418 1531 2507 1591 sic
2572 1528 2736 1593 facta

177 1620 256 1669 est
290 1624 424 1669 vera
475 1611 720 1671 oratio:
764 1608 968 1687 primo
1010 1614 1110 1669 est
1150 1607 1417 1670 attentio
1460 1611 1545 1671 ad
1587 1609 1779 1675 verba
1810 1607 2039 1688 quibus
2067 1611 2357 1686 petimus,
2390 1610 2740 1689 inquitAn·

183 1687 399 1766 geticus,
437 1689 673 1752 deinde
713 1690 797 1755 ad
836 1688 1192 1767 petitionem
1233 1690 1433 1766 ipsam
1439 1736 1532 1752 .....
1568 1696 1630 1752 et
1656 1707 2034 1769 quaecunque
2062 1689 2288 1751 'tarum
2322 1690 2741 1753 ascentionum

177 1768 331 1843 adsit,
369 1788 496 1831 non
541 1777 640 1831 est
679 1768 1037 1849 reputanda
1079 1769 1399 1833 inattenta
1440 1773 1667 1833 oratio.
1712 1770 1811 1850 (ln
1856 1771 1893 1832 4
1939 1771 2086 1831 dist.
2134 1772 2227 1845 15,
2270 1787 2327 1850 q.
2372 1770 2458 1850 4.)
2505 1770 2591 1831 Ex
2639 1772 2739 1834 bis

186 1860 336 1928 patet,
376 1854 694 1929 optimam
739 1866 880 1912 esse
925 1851 1089 1912 banc
1132 1855 1510 1925 orationem,
1557 1852 1706 1914 licet
1767 1866 1907 1913 eam
1972 1852 2344 1913 recitaverit
2413 1851 2735 1928 monialis,

186 1946 298 2009 qm
333 1946 595 1993 sensum
642 1930 984 1992 verborum
1032 1945 1160 1991 non
1210 1931 1534 2010 intelligit.
1576 1964 1657 1977 —
1711 1930 1769 1991 V.
1838 1930 2175 2007 De-Ponte,
2231 1931 2321 1993 La
2379 1930 2739 2011 perfezionc

185 2011 488 2081 cristiana,
545 2020 586 2072 t.
637 2027 736 2084 ιιι,
786 2026 833 2072 c.
876 2011 935 2087 6,
980 2009 1050 2097 §S
1097 2010 1126 2072 l
1176 2020 1240 2073 et
1280 2011 1338 2073 2.
1531 2032 1532 2035 ¹
2546 2020 2555 2029 ‘

252 2090 412 2151 199.
463 2088 1079 2152 nisu-aetionis
1119 2090 1531 2152 remedius
1578 2090 1857 2153 remedia
1906 2100 2125 2153 contra
2173 2091 2623 2154 distractiones
2670 2093 2737 2155 in

197 2162 366 2233 Officio
402 2182 564 2234 sunt
603 2172 897 2251 negativa
941 2178 1007 2233 et
1051 2174 1338 2249 positiva.
1383 2172 1694 2251 Neqativa
1737 2180 1887 2234 sunt
1929 2171 2277 2235 subtractio
2312 2170 2558 2248 eorum,
2594 2189 2735 2252 quae
2827 2224 2843 2240 κ

197 2243 640 2314 distractionum
689 2260 844 2315 sunt
885 2266 1094 2326 causa,
1138 2267 1194 2311 v.
1240 2269 1322 2331 g.,
1372 2251 1685 2331 impedire
1742 2253 2083 2330 quominus
2147 2251 2310 2316 oculi
2380 2255 2736 2316 circumva-

189 2343 399 2407 gantur,
444 2349 476 2395 a
524 2334 809 2411 graviori
861 2333 1189 2394 bominum
1236 2335 1508 2413 strepitu
1552 2349 1619 2394 se
1657 2333 2037 2407 subducere,
2067 2332 2143 2395 ad
2179 2337 2435 2411 negotia
2475 2333 2734 2396 diversa

191 2412 284 2473 uon
318 2428 683 2492 properare.
728 2414 1008 2475 Posittva
1050 2424 1204 2475 sunt·
1245 2415 1609 2493 procuratio
1654 2428 1900 2487 eorum,
1949 2428 2092 2492 quae
2135 2415 2560 2475 attentionem
2624 2431 2737 2492 per

188 2505 240 2552 se
267 2497 561 2568 excitant,
604 2509 662 2556 v.
709 2511 789 2574 g.,
831 2494 1070 2555 elicere
1109 2494 1227 2555 sub
1274 2495 1457 2556 initio
1505 2496 1931 2555 intentionem
1964 2493 2268 2556 laudandi
2304 2495 2526 2567 Deum,
2567 2494 2738 2556 hanc

190 2586 461 2636 renovare
505 2575 624 2637 sub
661 2574 793 2636 fine
836 2573 1247 2650 Psalmorum,
1292 2575 1664 2636 meminisse
1706 2576 1940 2652 saepius
1987 2588 2348 2652 praesenttae
2395 2575 2527 2647 Dei,
2602 2590 2736 2654 my-

183 2658 340 2715 steria
389 2654 495 2717 illa
541 2655 663 2716 sibi
709 2655 1036 2728 exhibere,
1079 2669 1221 2732 quae
1268 2671 1378 2732 per
1421 2664 1665 2732 septem
1711 2653 1911 2716 Horas
1957 2663 2529 2733 repraesentantur.
2574 2652 2735 2716 item
2774 2696 2787 2708 „

190 2734 457 2810 optimum
493 2745 612 2811 est,
653 2734 862 2813 quoad
907 2743 1134 2813 potest,
1176 2733 1465 2797 Officium
1511 2736 1714 2797 oculis
1762 2734 2012 2812 legere3
2054 2735 2257 2797 oculis
2290 2735 2603 2810 rraenatis,
2642 2734 2733 2798 fa·

187 2814 338 2876 tilius
377 2825 442 2878 et
501 2831 688 2877 mens
732 2815 1041 2878 traenatur
1103 2833 1136 2877 a
1199 2815 1674 2895 vagationibus:
1742 2816 1894 2877 item
1961 2816 2373 2878 considerare
2441 2831 2736 2893 magnam

189 2907 342 2970 quam
381 2897 652 2975 agimus,
692 2894 1039 2969 actionem3
1086 2910 1212 2956 non
1259 2898 1430 2957 enim
1477 2895 1866 2974 alloquimur
1915 2896 2263 2969 bominem,
2328 2896 2437 2958 sed
2511 2897 2733 2973 Deum,

191 2982 238 3035 et
268 2976 508 3054 quidem
557 2976 667 3038 Dei
717 2975 930 3038 verbis
971 2975 1248 3050 utendo;
1291 2977 1632 3054 concipere
1678 2976 1892 3038 animo
1936 2992 2015 3037 ex
2059 2993 2182 3038 una
2232 2986 2411 3055 parte
2475 2975 2749 3040 adstare

191 3053 339 3117 uobis
379 3055 804 3119 recitantibus
849 3056 1163 3134 Angelum
1207 3057 1536 3119 custodem
1625 3057 1686 3118 ui
1735 3058 1966 3118 merita
2016 3065 2215 3124 notet,
2257 3073 2337 3118 ex
2381 3056 2581 3118 altera
2619 3057 2742 3120 dae-

192 3146 421 3212 monem,
464 3138 571 3216 qui
619 3138 930 3200 demerita
977 3138 1236 3212 scribat,
1280 3140 1406 3199 etei
1444 3168 1520 3181 —-
1623 3185 1636 3198 .
1683 3135 1962 3215 Lignori,
2012 3136 2101 3196 La
2145 3136 2352 3201 Messa
2393 3154 2424 3199 e
2469 3136 2738 3217 l’Offict‘o

189 3217 634 3296 :trappazzam
658 3252 737 3262 ——
759 3217 1280 3280 L'Ecclesiastico
1301 3217 1536 3281 novello
1559 3218 1925 3296 santificate
1949 3216 2343 3280 coll’attenta
2358 3219 2740 3280 recitazione

188 3294 752 3441 dcziaeaellwinogssgfficio
775 3318 801 3370 ;
845 3331 923 3344 —
965 3298 1186 3361 Avvisi
1226 3316 1256 3361 c
1296 3315 1509 3361 norme
1548 3314 1662 3377 per
1707 3295 1821 3361 coen
1863 3299 2135 3359 recitare
2180 3297 2453 3377 lfUfficio
2509 3299 2739 3361 divino.

335 3394 384 3452 e,
421 3380 450 3441 l
588 3426 600 3437 .
1904 3384 1919 3396 ⁹

253 3455 518 3521 Ceterum
567 3458 656 3521 ad
693 3456 1078 3521 auferendas
1120 3459 1496 3534 anxietates,
1541 3457 2010 3521 observandum
2054 3467 2184 3521 est:
2218 3467 2287 3521 ut
2315 3459 2457 3536 quis
2487 3459 2738 3521 dicatur

191 3533 366 3600 Officio
407 3541 678 3602 minime
720 3537 1108 3600 satisfecisse
1150 3538 1228 3600 ob
1274 3540 1523 3602 habitas
1560 3539 2028 3611 distractiones,
2076 3553 2203 3602 non
2235 3538 2490 3616 sufficit,
2525 3551 2594 3602 ut
2631 3556 2730 3601 vo·

196 3613 429 3682 luntarie
471 3619 894 3693 distrahatur,
938 3620 1048 3681 sed
1101 3623 1363 3699 insuper
1407 3622 1781 3699 requiritur,
1823 3628 1895 3681 ut
1933 3620 2123 3699 plene
2166 3620 2480 3692 advertat,
2510 3636 2578 3682 se
2609 3619 2734 3681 dis-

193 3698 328 3761 trahi
367 3702 444 3762 ab
479 3699 702 3763 Officio
748 3700 811 3761 in
857 3701 1122 3763 materia
1171 3701 1434 3763 notabili
1483 3703 1636 3780 (nisi
1685 3707 1910 3781 agatur
1957 3700 2036 3762 de
2085 3702 2414 3764 habituato
2461 3702 2526 3761 in
2562 3702 2739 3761 bisce

198 3777 574 3843 admittendis
616 3780 1168 3860 distractionibus,
1199 3783 1309 3860 qui
1354 3781 1601 3843 scilicet
1644 3797 1971 3860 nunquam
1997 3780 2247 3846 'fecerit
2289 3786 2604 3860 quantum
2668 3783 2735 3842 in

199 3871 359 3922 seest
400 3860 471 3922 ad
524 3860 814 3924 habitum
860 3860 1310 3940 vincendum);
1369 3878 1513 3923 uam
1583 3865 1856 3924 intentio
1927 3863 2104 3941 prius
2171 3861 2529 3924 deliberate
2587 3875 2734 3922 con·

197 3950 336 4017 cepta
379 3940 675 4005 officinm
722 3940 1126 4020 persolvendi
1177 3950 1544 4020 perseverat
1587 3957 1917 4022 quousque
1977 3958 2100 4003 non
2168 3948 2557 4005 retractetur
2625 3956 2737 4018 per

199 4025 539 4084 maneriam
589 4021 858 4101 plenam·
886 4021 1354 4085 advertentiam
1401 4020 1565 4085 'circa
1618 4025 1821 4103 ipsum
1886 4020 2195 4086 Officium.
2242 4020 2736 4098 ltaCaJ'etanus,

205 4094 450 4180 concina,
491 4101 1074 4178 Croix,-Gobatius,
1117 4103 1458 4180 Navarrus‚
1522 4102 2085 4173 salmanticenses,
2152 4101 2464 4177 Sancbez,
2527 4100 2736 4180 Sotus,

203 4173 393 4245 Suarez
454 4182 719 4263 aliique.
767 4182 896 4245 imo
939 4183 1299 4262 complures
1344 4186 1535 4246 etiam
1584 4185 1845 4247 tradunt
1890 4198 1971 4246 ne
2015 4193 2312 4264 oportere
2356 4182 2637 4262 quidem,
2667 4191 2736 4247 ut

267 4261 308 4321 is
345 4272 461 4327 tota
508 4279 770 4343 semper
809 4279 885 4325 eo
916 4264 1138 4327 tendat
1167 4265 1362 4327 animi
1402 4263 1879 4327 sollicitudine:
1919 4268 2100 4343 cujus
2134 4264 2391 4344 quidem
2423 4262 2735 4326 doctrinm

259 4342 643 4407 ndamentum
691 4353 806 4418 est,
853 4344 1015 4423 quod
1067 4345 1461 4424 impossibile
1507 4345 1709 4406 ferme
1753 4348 1837 4406 sit
1880 4361 2103 4409 omnes
2168 4345 2433 4406 omnino
2497 4345 2726 4408 distra-

201 4422 398 4511 stiones
438 4429 667 4499 vitare,
709 4432 776 4488 et
820 4429 1177 4503 prasertim
1225 4425 1548 4499 studiosis,
1579 4441 1850 4504 qnorum
1889 4427 2191 4490 exercitia
2225 4435 2376 4488 sunt
2407 4429 2727 4504 praecipue

203 4514 252 4560 ui
283 4504 612 4582 intellectu,
655 4508 766 4585 qui
809 4520 886 4567 ex
929 4506 1204 4568 assiduis
1247 4507 1775 4584 occupationibus
1821 4509 1902 4581 ita
1969 4522 2139 4584 saepe
2205 4508 2596 4580 inflectitur,
2662 4514 2731 4567 ut

191 4581 358 4645 ieiuni
398 4585 753 4649 calcaribus
796 4578 1063 4664 adjectis
1103 4591 1171 4647 in
1218 4602 1364 4649 suas
1407 4589 1879 4651 controversias
1915 4586 2300 4671 prolabatur.
2332 4588 2481 4660 Quae
2514 4586 2728 4649 omnia

198 4671 318 4726 sunt
352 4668 697 4745 presertim
745 4666 822 4729 ad
860 4666 1378 4744 scrupulosorum
1426 4666 1744 4729 levamen:
1796 4668 2410 4747 videlicetquamvis
2439 4666 2729 4730 Officium

201 4746 432 4809 recitans
468 4746 765 4811 advertat
805 4747 1158 4826 semiplene
1201 4746 1279 4809 ad
1325 4747 1830 4826 distractionem,
1874 4760 1939 4813 et
1974 4752 2067 4812 sic
2100 4757 2319 4829 peccet
2353 4745 2733 4817 venialiter3

1279 5050 1314 5073 N
