3292 5167
1238 198 1694 248 Annon-nomes
2629 181 2756 248 567

169 300 442 363 omnino
485 299 809 377 monendi,
851 299 907 364 si
951 313 1173 364 eorum
1237 301 1504 367 consilia
1570 313 1844 384 vergunt
1902 304 1965 368 in
2031 302 2337 372 damnum
2400 303 2755 385 publicum,

169 380 430 443 ratione
472 381 659 443 officii
702 397 827 461 quo
870 380 1249 461 funguntur.

1180 660 1328 740 ,(E)
1378 661 1530 742 Pay.
1588 659 1728 723 458.

257 895 588 962 82¹2(OE
650 900 794 980 quis
863 909 1155 963 teneatur
1197 902 1263 963 in
1311 901 1701 964 conscientia
1747 900 1822 965 ad
1871 900 2344 965 restitutionem
2407 910 2555 962 ante
2619 915 2764 962 sen·

172 980 442 1043 tentiam
487 979 566 1043 de
609 979 841 1043 damno
909 980 987 1044 ab
1053 981 1198 1043 aliis
1263 980 1467 1052 illato,
1520 983 1705 1061 culpa
1778 980 2147 1059 theologica
2227 982 2497 1058 supponi
2559 980 2770 1044 debet:

170 1076 354 1123 secus
397 1075 577 1123 casus
611 1061 970 1125 censendus
1014 1071 1112 1124 est
1148 1078 1302 1140 pure
1334 1062 1654 1125 fortuitus,
1688 1060 1865 1125 Unde
1897 1061 2287 1140 Augustinus
2327 1061 2463 1139 (Ep.
2511 1064 2754 1138 vall):

169 1139 384 1219 Neque
428 1142 591 1202 enim
622 1158 767 1205 reus
807 1150 904 1205 eat
942 1141 1359 1219 christianae,
1400 1145 1457 1203 si
1502 1139 1604 1204 bos
1646 1143 1786 1221 ejus
1817 1143 2085 1221 aliquem
2111 1140 2411 1221 feriendo,
2446 1143 2538 1203 vel
2567 1158 2757 1220 equus

171 1221 403 1283 calcem
435 1221 724 1298 meando,
771 1221 1045 1302 aliquem
1087 1223 1336 1286 occidat
1351 1243 1388 1294 ;Δ
1422 1230 1537 1284 aut
1579 1224 1715 1284 ideo
1757 1241 1880 1285 non
1922 1222 2145 1296 debent,
2185 1222 2531 1285 christiani
2590 1221 2763 1286 boves

174 1299 404 1364 habere
444 1318 700 1378 cornua,
742 1310 861 1365 aut
901 1321 1094 1383 equus
1136 1304 1434 1381 ungulae,
1476 1310 1593 1365 aut
1633 1306 1844 1366 dentes
1889 1304 2066 1365 canis
2090 1310 2120 1364 φ

257 1380 489 1444 Casus:
531 1382 770 1445 Titirus
813 1382 1275 1462 paterfamilias
1320 1383 1509 1445 modo
1553 1400 1632 1446 ex
1683 1386 1859 1463 gravi
1911 1400 1988 1447 ne
2042 1383 2310 1462 ligantia
2357 1398 2469 1444 seu
2540 1380 2763 1444 videns

174 1471 242 1524 et
286 1470 521 1538 tacenS,
546 1463 731 1524 modo
775 1480 853 1526 ex
896 1463 1116 1544 aliqua‘
1145 1466 1411 1537 incuria,
1450 1479 1576 1524 non
1615 1464 1946 1544 impedivit
2026 1479 2209 1525 amna
2259 1464 2492 1523 vicinis
2524 1477 2554 1522 a
2592 1462 2765 1538 filiis,

172 1542 254 1604 ab
279 1558 497 1617 uxore,
533 1559 567 1606 a
598 1541 1082 1616 famulisillata‚
1130 1544 1419 1623 quamvis
1462 1559 1551 1605 ea*
1582 1545 1893 1626 impedire
1938 1542 2127 1606 facile
2173 1543 2497 1623 potuisset.
2531 1541 2763 1621 Requi-

173 1623 470 1716 rentibus
513 1632 734 1777 ῗὶωεέηέἶ
787 1625 1165 1687 damnorum
1219 1625 1692 1702 reparationem
1741 1624 1973 1704 frigide
2018 1623 2391 1702 respondet:
2437 1641 2499 1685 se
2531 1624 2765 1686 nemini

171 1719 471 1766 nocuisse.
573 1720 629 1765 ui
1255 1723 1262 1732 ·

256 1781 336 1845 R:
369 1783 834 1848 Paterfamilias
878 1785 1108 1847 damna
1174 1784 1572 1847 subditorum
1621 1800 1932 1865 reparare
1982 1784 2172 1846 debet
2214 1799 2292 1846 ex
2350 1783 2641 1860 Justitia‚
2710 1785 2764 1845 si

172 1865 458 1941 graviter
501 1864 798 1942 culpabili
847 1863 1105 1926 silentio
1149 1867 1432 1926 animum
1483 1863 1584 1926 vel
1651 1865 1981 1927 audaciam
2027 1866 2119 1929 eis
2168 1863 2540 1936 addiderit,
2616 1865 2762 1942 quia

159 1952 328 2006 ,tunc
375 1946 445 2006 fit
487 1960 679 2007 verus
722 1955 1096 2022 cooperator
1142 1946 1465 2023 positivus.
1508 1931 1640 2006 Non
1684 1954 1939 2008 tenetur
1975 1961 2130 2008 vero
2165 1954 2314 2008 ante
2346 1942 2581 2022 judicis
2611 1959 2752 2006 sen-

176 2027 461 2098 tentiam,
507 2027 556 2086 si
603 2041 635 2088 a
685 2025 1034 2104 theologica
1085 2025 1268 2103 culpa
1331 2026 1657 2100 immuniS,
1700 2043 1753 2087 v.
1801 2041 1880 2104 g.‚
1930 2027 1981 2088 si
2029 2032 2178 2089 ante
2224 2023 2459 2087 factum
2509 2025 2761 2101 ignora-

170 2107 342 2167 verit
384 2108 519 2167 baec
562 2106 790 2168 damna
837 2105 1128 2167 facienda
1176 2123 1334 2168 esse.
1383 2104 1509 2167 lmo
1558 2106 1949 2183 probabilius
1994 2107 2190 2168 etiam
2250 2106 2651 2167 excusandus
2698 2105 2762 2165 in

172 2183 312 2246 foro
360 2187 637 2261 internO,
683 2189 734 2246 si
781 2186 1133 2250 nullimode
1179 2187 1242 2246 in
1289 2185 1592 2248 damnum
1641 2188 1919 2260 influxit,
1968 2203 2024 2246 v.
2073 2203 2153 2263 g.‚
2215 2186 2267 2247 si
2303 2183 2443 2257 filii,
2489 2187 2538 2246 si
2578 2201 2759 2256 uxor,

172 2265 225 2327 si
273 2264 496 2329 famuli
540 2269 606 2328 in
651 2265 1120 2328 damnificando
1170 2271 1476 2343 putarunt
1517 2282 1663 2329 eum
1709 2283 1848 2329 esse
1896 2267 2213 2340 inscium,
2290 2263 2442 2326 licet
2505 2263 2764 2325 silentio

172 2348 456 2426 graviter
501 2348 925 2426 peccaverint,
975 2346 1115 2407 iilos
1156 2361 1187 2408 a
1239 2358 1500 2425 peccato
1548 2362 1674 2408 non
1728 2345 2166 2426 impediendo.
2218 2344 2434 2419 Ratio,
2494 2344 2765 2423 qualitas

163 2426 403 2505 patris,
443 2427 683 2497 mariti,
730 2425 964 2489 domini
1008 2443 1119 2504 per
1162 2443 1231 2488 se
1278 2442 1400 2487 non
1448 2426 1704 2501 sufficit,
1747 2437 1817 2489 ut
1873 2430 2015 2505 quis
2087 2425 2520 2488 constituatur
2584 2423 2766 2503 quasi

172 2521 444 2585 sponsor
489 2506 567 2569 de
612 2507 864 2569 damnis
908 2501 1334 2578 subditorum,
1386 2507 1510 2568 nisi
1554 2523 1635 2568 ex
1679 2507 1940 2582 speciali
1985 2505 2199 2569 officio
2245 2504 2500 2584 publico
2536 2519 2606 2566 oa
2647 2506 2766 2566 im·

171 2586 397 2666 pedire
440 2586 686 2649 debeat.
729 2586 905 2649 Idem
947 2587 1292 2650 dicendum
1325 2584 1405 2649 de
1442 2588 1749 2665 magistro
1787 2603 1939 2665 erga
1975 2585 2343 2664 discipulos,
2372 2594 2438 2647 et
2476 2586 2554 2647 de
2588 2584 2763 2646 omni

172 2670 505 2746 superiore
551 2683 675 2729 non
724 2668 981 2746 publice
1023 2669 1371 2730 constituto
1416 2667 1492 2728 ad
1554 2667 1786 2730 damna
1866 2665 2249 2730 inferiorum
2312 2665 2765 2746 propulsanda.

172 2746 356 2809 Unde
403 2756 575 2826 patet
618 2750 948 2827 responsio
999 2747 1078 2811 ad
1124 2763 1358 2810 casum.
1408 2747 1616 2826 Gury..
1914 2758 1919 2762 ·

1205 3022 1329 3103 (Β)
1373 3022 1521 3103 paq.
1581 3024 1722 3086 464.

251 3266 458 3329 828.
504 3263 810 3327 Debita
850 3264 927 3327 si
969 3284 1071 3327 ex
1115 3262 1429 3325 delicio
1466 3285 1489 3326 ι
1533 3280 1613 3335 an
1660 3261 1874 3325 debita
1921 3279 2001 3325 ex
2055 3261 2308 3337 delicti),
2351 3277 2409 3324 v.
2474 3278 2530 3340 g.
2594 3261 2768 3323 furto

175 3349 355 3426 prius
399 3351 532 3409 sint
573 3345 876 3408 solvenda
928 3362 1115 3426 quam
1163 3345 1378 3408 debita
1437 3361 1512 3408 ex
1542 3351 1892 3415 contractu,
1939 3350 2089 3422 puta
2124 3358 2204 3405 ex
2247 3343 2587 3420 emptione,
2637 3341 2765 3403 dis-

176 3436 422 3508 putant.
470 3427 755 3489 Affirmat
797 3439 1020 3490 auctor
1067 3423 1366 3507 Opusculi
1412 3442 1636 3503 cxxiii,
1672 3440 1725 3487 c.
1791 3423 1885 3498 18,
1955 3422 2122 3504 quod
2186 3432 2283 3485 est
2345 3425 2514 3485 inter
2576 3435 2770 3501 opera

176 3508 240 3571 d.
283 3507 582 3579 Tbomae3
625 3508 769 3585 quia
818 3514 916 3569 est
956 3509 1160 3585 maJ'or
1205 3507 1456 3585 injuria
1504 3523 1573 3569 ea
1627 3506 1934 3580 retinere,
1978 3519 2117 3567 cum
2164 3504 2369 3581 maior
2416 3502 2613 3565 fuerit
2674 3504 2767 3564 in-

169 3588 346 3667 juria
393 3591 457 3649 in
524 3586 721 3649 Deum
766 3594 829 3649 et
874 3590 1234 3664 proximum
1279 3603 1350 3650 ea
1406 3594 1814 3667 perpetrare.
1859 3584 1981 3646 Sed
2051 3585 2159 3645 alii
2240 3585 2639 3646 communius
2703 3588 2770 3645 et

226 3667 576 3731 robabilius
620 3682 760 3728 cum
805 3665 1039 3743 Alasia,
1083 3666 1380 3742 Billuart,
1429 3666 1647 3729 Lessio
1695 3677 1761 3728 et
1805 3665 1976 3743 Lugo
2024 3664 2257 3726 docent
2298 3680 2367 3726 ea
2406 3664 2576 3725 nulla
2616 3677 2773 3741 prae·

203 3749 426 3812 atione
469 3746 784 3826 gaudere;
826 3748 970 3825 quia
1019 3747 1321 3823 obligatio
1367 3763 1509 3825 quae
1553 3749 1760 3809 oritur
1829 3763 1907 3808 ex
1978 3745 2427 3807 commutativa
2493 3743 2764 3822 justitia,

177 3827 405 3893 eadem
458 3837 554 3890 est
597 3833 662 3889 et
706 3828 768 3887 in
815 3834 1146 3887 contractu
1189 3836 1252 3887 et
1297 3826 1363 3888 in
1410 3827 1681 3901 delict03
1725 3825 2033 3889 delictum
2113 3833 2325 3889 autem
2390 3822 2767 3902 poenitentia

181 3909 457 3983 deletur,
502 3924 626 3969 non
677 3906 1106 3968 restitutione.
1543 3945 1552 3955 .

264 3988 484 4049 828.
531 3985 627 4048 Si
675 3983 1001 4046 fineen-ta
1040 3981 1397 4045 solution
1440 3985 1491 4045 si
1540 3984 1847 4063 obligatio
1891 3994 2063 4047 certa
2110 3992 2229 4057 est,
2280 3981 2532 4044 debitor
2598 3989 2770 4041 tene·

181 4081 291 4133 tur
335 4070 544 4132 adbuc
602 4065 878 4142 solvere,
923 4066 985 4126 in
1034 4065 1229 4127 dubio
1274 4065 1648 4138 solutionis;
1695 4081 1839 4128 nam
1901 4064 2124 4143 nequit
2185 4061 2556 4126 satisfacere
2622 4058 2771 4121 obli·

181 4153 432 4230 gationi
488 4156 691 4210 certae
779 4163 851 4208 er
894 4145 1153 4208 dubiam
1198 4145 1659 4223 impletionem.
1702 4144 1782 4207 At
1826 4145 1875 4205 si
1922 4145 2172 4206 debitor
2217 4146 2299 4204 sit
2344 4141 2580 4223 probus
2626 4139 2768 4200 dili·

181 4245 495 4310 gensque,
542 4233 606 4288 in
660 4225 741 4287 de
794 4228 897 4288 itis
945 4219 1292 4300 solvendis,
1339 4234 1401 4285 et
1446 4233 1669 4302 agatur
1712 4225 1791 4288 de
1837 4239 1906 4286 re
1950 4223 2124 4300 longi
2174 4224 2498 4300 temporis,
2530 4229 2597 4283 et
2628 4219 2770 4282 aliae

182 4312 322 4374 sint
365 4309 885 4382 circumstantiae,
935 4306 1097 4368 adeo
1146 4312 1213 4368 ut
1258 4305 1609 4384 prudenter
1650 4305 1923 4383 judicari
1973 4305 2172 4382 possit
2236 4304 2441 4381 ipsum
2486 4300 2772 4374 solvisse,

183 4407 317 4454 non
364 4397 532 4452 esset
577 4386 1055 4529 inanietanduffi
1105 4390 1222 4447 etsi
1273 4401 1385 4463 pro
1431 4395 1603 4445 certo
1674 4385 1734 4446 id
1803 4384 2124 4446 affirmare
2205 4392 2513 4462 nequeat3
2580 4379 2773 4461 idque

183 4472 394 4551 magis
440 4477 614 4532 tenet
699 4485 734 4530 e
777 4466 1169 4530 meticulosis
1213 4468 1319 4543 qui
1361 4465 1602 4542 jngiter
1647 4465 1965 4527 dubitant.
2018 4462 2211 4543 Gury.

268 4548 483 4612 sao.
533 4546 836 4609 nebim
870 4545 1240 4610 incertas
1286 4547 1336 4607 si
1384 4544 1596 4607 debita
1642 4546 1762 4608 boc
1825 4560 2017 4607 sensu
2093 4544 2339 4606 incerta
2412 4542 2561 4618 sint,
2624 4542 2771 4620 quia

186 4631 447 4699 dubitas
488 4639 703 4693 utrum
747 4627 999 4704 debeas,
1042 4625 1121 4689 ad
1160 4626 1324 4688 nihil
1373 4628 1656 4701 teneris;
1704 4641 1848 4688 nam
1892 4627 1958 4687 in
1993 4624 2197 4687 dubio
2226 4622 2459 4686 melior
2492 4630 2592 4685 est
2626 4635 2773 4682 con·
2808 4667 2839 4678 .,
