3292 5167
472 211 608 278 438
1222 231 1336 276 tm.
1379 230 1444 276 u.
1493 231 1708 277 ’13Αο1.
1755 232 1860 278 vu.
1910 233 2063 279 11131».
2111 230 2176 279 11.
2224 233 2357 280 cn.
2403 230 2445 278 1.

561 338 776 406 6119.
827 336 899 416 Q.
947 336 1008 401 2.
1056 335 1157 403 An
1202 355 1285 402 aa:
1330 335 1517 422 culpa
1550 335 1836 421 juridica
1882 336 2132 404 oriatur
2171 336 2465 422 obligatio
2511 337 2975 407 restitutionis?

562 443 634 509 R.
686 444 743 508 1.
780 441 985 525 Culpa
1035 438 1281 526 duplex
1336 439 1785 526 distinguitur,
1833 442 2176 527 theologica
2222 449 2289 508 et
2322 442 2646 529 juridica.-
2678 443 3069 529 theologica

474 548 570 617 sic
617 547 875 629 dicitur,
925 546 1079 633 quia
1125 564 1160 614 a
1211 546 1569 632 Theolo‘gis
1622 566 1740 633 pro
1790 547 1936 618 foro
1987 548 2415 618 conscientiae
2465 556 2822 635 spectatur,
2858 560 2924 620 et
2956 559 3077 621 est

475 674 625 743 quae
675 671 900 724 verum
951 654 1245 722 continet
1295 660 1661 740 peccatum,
1713 674 1862 724 cnm
1920 674 2159 742 nempe
2196 658 2345 744 quis
2378 655 2783 726 advertentia
2817 656 2899 724 ad
2937 657 3087 730 cui-

474 780 626 849 pam
673 761 1024 830 sufficienti
1053 744 1386 829 ‘damnum
1434 761 1620 830 alteri
1670 761 1888 831 infert.
1939 762 2226 832 Juridica
2274 782 2430 832 vero
2479 770 2582 831 est
2628 764 2903 833 omissio
2969 764 3074 833 di-

363 876 366 885 ’
474 869 763 955 ligentiae
813 869 894 935 ab
943 867 1246 935 humanis
1296 868 1553 953 legibus
1603 869 1966 956 requisitae,
2017 887 2146 956 qua
2195 870 2469 939 alterius
2498 867 2818 938 ‘damnum
2853 872 3073 940 caveri

477 976 721 1066 potuit:
773 977 919 1043 haec
968 994 1087 1061 per
1134 994 1208 1044 se
1254 976 1560 1045 subsistit
1607 976 1862 1062 absque
1912 977 2103 1063 03133
2152 977 2546 1063 theologica,
2600 988 2674 1045 ut
2722 996 2873 1047 cum
2920 980 3085 1064 quis

478 1086 564 1154 ob
616 1084 1053 1170 ignorantiam
1097 1083 1201 1152 vel
1247 1083 1817 1167 inadvertentiam,
1868 1103 2019 1171 quae
2069 1093 2339 1153 excusat
2411 1102 2636 1154 coram
2707 1089 2880 1168 Dee,
2938 1086 3072 1155 .-da

477 1209 708 1260 mnum
755 1190 948 1259 alicui
998 1190 1225 1273 infert;
1272 1189 1451 1280 quod
1498 1201 1718 1260 tamen
1769 1193 2072 1261 absolute
2107 1192 2441 1278 loquendo
2479 1193 2880 1279 diligentiori
2916 1213 3079 1263 cura

480 1298 693 1368 caveri
740 1304 1022 1384 poterat.

567 1419 711 1504 Ipsa
761 1418 951 1503 culpa
991 1415 1270 1502 Juridica
1321 1415 1402 1484 ab
1453 1415 1742 1501 antiquis
1806 1415 2048 1502 triplex
2109 1416 2423 1501 distingui
2494 1416 2686 1485 solet.
2762 1419 2953 1497 Lata,
3004 1422 3077 1483 et

480 1532 581 1593 est
629 1524 900 1594 omissio
971 1523 1147 1591 illius
1219 1522 1614 1608 diligentiae,
1667 1540 1865 1609 quam
1930 1524 2230 1592 homines
2301 1522 2600 1610 ejusdem
2663 1523 3079 1592 conditionis

478 1632 695 1702 solent
742 1631 807 1698 in
857 1631 1099 1700 talibus
1148 1630 1663 1701 circumstantiis
1698 1630 2140 1699 communiter
2182 1629 2528 1699 adhibere:
2581 1649 2635 1699 v.
2704 1649 2785 1716 g.,
2832 1631 2884 1698 si
2922 1629 3079 1714 quis

482 1738 722 1809 librum
771 1737 896 1807 sibi
948 1736 1439 1806 commodatum
1478 1737 1806 1825 relinqupt
1846 1737 2117 1823 absque
2133 1736 2265 1805 ulla
2307 1737 2608 1806 custodia
2642 1745 2793 1805 3310
2825 1737 3075 1803 0311331

479 1845 716 1914 303133
764 1863 924 1913 suae.
974 1845 1170 1928 LeviS,
1220 1850 1284 1912 et
1334 1850 1432 1912 est
1481 1842 1756 1911 omissio
1806 1842 2163 1929 diligentiae
2214 1844 2425 1953 111133,
2488 1861 2683 1930 quam
2769 1843 3086 1912 homines

478 1952 929 2038 diligentiores
975 1959 1040 2020 et
1065 1952 1505 2021 accuratiores
1540 1950 1853 2019 adhibere
1889 1953 2139 2020 solent:
2174 1952 2269 2020 uti
2327 1920 2379 2019 si
2417 1951 2566 2036 quis
2595 1952 2839 2019 librum
2885 1967 3078 2019 com·

479 2060 820 2129 modatum
867 2059 1041 2126 domi
1093 2057 1360 2146 quidem
1408 2065 1721 2143 reponat,
1771 2057 1888 2125 sed
1952 2059 2199 2126 ostium
2263 2057 2536 2126 minime
2601 2056 2863 2125 claudat
2920 2074 3081 2125 cum

481 2166 677 2237 clave.
724 2166 1084 2249 Levissima‚
1133 2173 1197 2234 et
1245 2172 1345 2232 est
1394 2163 1670 2233 omissio
1720 2162 2078 2249 diligentiae
2130 2163 2330 2245 illius,
2384 2181 2535 2249 qnae
2584 2163 2884 2232 adhiberi
2937 2181 3077 2231 non

481 2272 698 2342 solent
737 2272 870 2351 nisi
918 2270 1397 2357 diligentissimi
1462 2278 1661 2357 atque
1723 2270 2232 2339 accuratissimi:
2290 2290 2345 2338 v.
2396 2289 2478 2356 g.,
2528 2271 2582 2338 si
2634 2271 2783 2357 quis
2830 2271 3077 2339 librum

481 2378 658 2448 domi
709 2386 985 2464 reponat
1034 2384 1101 2444 et
1149 2376 1393 2444 ostium
1442 2376 1726 2456 claudat,
1777 2375 1894 2445 sed
1928 2395 2125 2444 manu
2160 2377 2359 2444 etiam
2396 2395 2526 2445 non
2555 2384 2779 2463 tangat
2820 2385 3083 2463 31310-

479 2486 615 2569 bet,
662 2492 886 2552 utrum
934 2484 1233 2551 clausum
1279 2482 1449 2553 bene
1498 2483 1583 2551 sit
1632 2482 1878 2551 ostium
1926 2502 2154 2552 necne.
2206 2486 2345 2553 Hoc
2379 2483 2632 2570 posito:

569 2604 640 2669 R.
690 2602 749 2667 2.
801 2601 1070 2668 Certum
1116 2606 1218 2667 est
1266 2600 1735 2669 contrahentes
1786 2618 2019 2686 30330,
2082 2600 2137 2667 31
2186 2600 2427 2683 velint,-
2472 2599 2766 2685 obligare
2812 2598 3079 2683 seipsos

485 2705 567 2773 ad
615 2706 1104 2775 restitutionem
1151 2706 1349 2774 etiam
1398 2705 1538 2774 3013
1587 2707 1779 2791 03133
1821 2707 2122 2793 juridica,
2153 2724 2305 2776 cnm
2337 2707 2522 2793 juxta
2560 2694 3081 2795 conventionem

395 2811 404 2820 '
487 2814 573 2883 sit
622 2814 959 2901 obligatio.
1010 2811 1142 2882 Sed
1174 2821 1397 2882 utrum
1440 2814 1583 2882 haec
1618 2832 1851 2882 eorum
1882 2815 2185 2883 voluntas
2219 2814 2286 2883 in
2320 2813 2776 2884 contractibus
2809 2830 3083 2900 semper

490 2920 572 2991 de
641 2922 813 2991 facto
886 2921 1169 2992 existere
1240 2920 1514 2990 dicenda
1585 2922 1715 3006 sit,
1779 2921 2035 2991 etiamsi
2085 2939 2396 3008 expressa
2434 2940 2567 2991 non
2619 2922 2860 3006 fuerit,
2909 2920 3081 2990 adeo

486 3035 561 3096 31
609 3029 1183 3097 contraventiones
1218 3034 1567 3096 teneantur
1600 3026 1682 3095 ad
1713 3028 2228 3112 restitutionem,
2269 3046 2400 3097 303
2450 3029 2610 3097 33113
2644 3029 3074 3097 conveniunt.

571 3136 913 3205 Affirmant
958 3134 1262 3220 Antoine,
1310 3135 1620 3218 Concina,
1670 3137 1977 3220 Layman‚
2011 3138 2335 3204 Navarrus
2371 3143 2437 3205 et
2485 3140 2804 3222 Vasquez,
2842 3136 3081 3205 adesse

489 3241 963 3326 obligationem
1011 3242 1438 3312 restituendi:
1493 3244 1557 3328 l)
1608 3261 1689 3311 ex
1737 3241 1903 3332 3010,
1942 3242 2043 3311 vel
2105 3244 2297 3328 culpa
2360 3244 2517 3327 lata,
2568 3244 2623 3312 si
2689 3249 3074 3312 contractus

490 3347 679 3417 cedat
727 3347 1185 3418 tantummodo
1235 3349 1299 3417 in
1349 3346 1702 3418 utilitatem
1749 3348 2000 3417 domini
2052 3349 2167 3432 rei,
2217 3348 2410 3435 quale
2458 3358 2582 3432 est,
2634 3368 2694 3417 V.
2744 3369 2803 3435 g.
2875 3349 3081 3437 3030-

486 3456 688 3525 311331
736 3457 1120 3542 gratuitum:
1172 3455 1347 3525 3330
1396 3456 1451 3525 31
1487 3463 1746 3543 pereat,
1796 3464 1956 3525 tunc
2003 3462 2261 3525 tantum
2310 3457 2558 3525 teneris
2607 3456 2689 3526 de
2737 3457 2885 3544 ejus
2931 3475 3089 3545 pre-

485 3562 600 3645 tio,
650 3580 800 3630 cum
848 3562 913 3629 in
964 3582 1042 3630 00
1079 3561 1517 3632 03310310330
1566 3562 1972 3647 diligentiam
2022 3579 2443 3631 communem
2492 3582 2624 3632 non
2688 3562 3085 3645 adhibuisti;

486 3670 555 3757 2)
603 3689 685 3738 ex
733 3670 922 3756 culpa
971 3671 1126 3755 levi,
1171 3671 1224 3740 si
1274 3671 1463 3739 cedat
1510 3670 1576 3738 in
1625 3670 1980 3737 utilitatem
2029 3671 2402 3757 utriusque,
2450 3671 2666 3757 qualis
2715 3679 2835 3753 est,
2884 3689 2943 3739 v.
3018 3688 3078 3757 g.

484 3777 759 3848 locatio:
813 3777 985 3847 unde
1032 3778 1086 3846 31
1133 3777 1201 3846 13
1241 3777 1679 3848 03310310330
1730 3777 1899 3846 libro
1946 3777 2065 3846 tibi
2129 3777 2348 3847 locato
2398 3778 2756 3849 adhibuisti
2806 3776 3085 3864 quidem

485 3904 928 3970 communem,
979 3904 1114 3955 non
1162 3893 1384 3955 autem
1428 3886 1913 3955 accuratiorem
1959 3884 2389 3971 diligentiam,
2440 3886 2498 3955 si
2547 3893 2794 3972 pereat,
2844 3885 2926 3956 de
2960 3886 3081 3955 1110

485 3994 776 4076 teneris;
820 3996 887 4082 3)
937 4014 1019 4067 ex
1065 3993 1256 4081 03133
1305 3994 1657 4076 levissima,
1692 3994 1746 4061 si
1783 3992 1972 4062 cedat
2007 3992 2346 4062 dumtaxat
2381 3994 2445 4061 in
2481 3994 2836 4062 utilitatem
2874 3993 3073 4075 111133,

488 4102 598 4189 qui
649 4101 912 4188 culpam
963 4102 1339 4187 committit,
1392 4102 1484 4168 uti
1535 4107 1738 4185 esset,
1787 4119 1845 4168 v.
1895 4118 1953 4185 g.
1989 4099 2521 4169 commodatum:
2559 4100 2734 4168 unde
2768 4100 2822 4168 si
2862 4101 2925 4169 in
2967 4119 3079 4170 cu-

489 4209 837 4279 stodiendo
887 4229 1060 4296 equo
1110 4210 1226 4277 tibi
1279 4208 1703 4278 commodato
1753 4208 2112 4277 adhibuisti
2162 4225 2388 4277 curam
2437 4226 2890 4291 communem,
2940 4209 3074 4277 imo

490 4314 1000 4401 diligentiorem,
1070 4316 1187 4386 sed
1251 4335 1384 4385 non
1433 4314 2026 4403 diligentissimam,
2077 4315 2129 4385 31
2178 4332 2391 4413 equtp
2440 4322 2684 4401 pereat,
2734 4315 2878 4401 ejus
2923 4333 3077 4402 pre-

486 4423 652 4490 tium
699 4424 761 4491 in
812 4423 1216 4493 conscientia
1264 4424 1421 4492 dare
1467 4422 1692 4492 debes,
1741 4422 2081 4508 Equalitas
2130 4422 2306 4492 enim
2353 4424 2781 4509 expostulat,
2830 4431 2903 4491 ut
2960 4422 3075 4490 ubi

483 4529 698 4615 majus
746 4537 847 4598 est
895 4529 1347 4614 commodum,
1394 4530 1485 4599 ibi
1534 4530 1748 4617 major
1789 4528 2181 4599 adhibeatur
2230 4547 2406 4597 cura.

519 4658 532 4667 ·
577 4645 708 4715 Sed
754 4646 986 4728 Croix,
1038 4647 1342 4727 LessiuS,
1393 4648 1617 4732 Lugo,
1665 4645 2061 4732 Roncaglia,
2110 4645 2710 4726 831313311003303,
2759 4646 2962 4714 Sotus
3011 4651 3081 4713 et
3198 4628 3211 4645 “
