3292 5167
1203 216 1282 263 ns
1329 217 1779 266 commortuus
2675 202 2812 271 353

178 314 557 383 coctionem
603 314 742 383 sive
774 316 1147 387 mandantis
1199 320 1339 388 sive
1390 321 1795 390 mandatarii.
1829 324 1994 391 Item
2043 341 2164 411 per
2195 284 2806 395 ‘inhabilitationem
2867 400 2884 423 ,

180 422 554 503 mandantis
604 424 703 492 vel
751 424 1176 510 mandatarii,
1226 428 1281 497 si
1332 429 1719 499 mandatum
1776 429 2028 500 directe
2078 431 2455 501 executioni
2512 433 2806 505 mandari

183 536 471 618 nequeat
516 531 664 600 sine
712 532 1040 603 curatoris
1088 534 1496 607 assistentia.

259 654 558 718 Ceterum
629 654 981 720 notandum
1054 666 1198 735 ost,
1247 657 1416 739 qnod
1491 660 1702 727 adbuc
1768 660 1911 724 data
1976 661 2268 725 mandati
2338 665 2807 741 revocatione,

186 735 493 814 quidquid
542 736 676 815 agit
720 736 1192 816 mandatarius,
1238 739 1523 803 validum
1569 753 1668 803 est
1703 740 1920 821 quoad
1968 741 2116 804 illos
2165 743 2273 823 qui
2325 753 2477 805 sunt
2521 746 2589 806 in
2637 742 2799 808 bona

189 814 325 878 fide.
366 815 582 890 Quare
626 826 907 897 praestat,
939 826 1009 881 ut
1052 821 1381 883 revocatio
1431 821 1496 882 ln
1542 821 1760 884 Diario
1805 820 2313 902 publicetursita
2360 833 2433 886 nt
2475 839 2547 886 ea
2595 826 2801 887 omni·

188 896 302 960 bus
362 897 566 978 possit
628 901 906 978 opponi3
977 901 1133 963 item
1178 901 1484 963 haeredes
1528 902 1944 979 mandatarii,
1985 903 2127 982 ejus
2169 912 2379 967 morte
2422 914 2659 981 secuta,
2703 914 2794 970 te·

188 989 422 1042 nentur
466 979 884 1044 mandantem
928 983 1277 1044 certiorem
1330 982 1545 1045 iacere
1582 981 1630 1045 ¹.

750 1207 900 1271 Αιιτ.
950 1203 1116 1271 VIII.
1161 1238 1249 1254 —·
1298 1207 1389 1272 De
1431 1203 1851 1272 contractibus
1895 1204 2247 1273 aleatoriis.

271 1386 489 1452 491).
539 1392 937 1460 Contractus
979 1390 1334 1461 aleatorius
1352 1391 1703 1459 definitur:
1735 1404 1957 1460 mutua
1979 1394 2320 1473 conventio,
2356 1395 2540 1479 cujus
2564 1395 2809 1480 effectus

180 1507 313 1562 tum
357 1495 566 1580 quoad
612 1497 857 1564 lucrum
879 1510 1013 1575 tum
1057 1498 1264 1584 quoad
1295 1501 1623 1585 jacturam
1653 1501 1752 1566 vel
1789 1517 1912 1587 pro
1944 1500 2231 1567 omnibus
2266 1500 2806 1579 contrahentibus,

184 1604 283 1669 vel
317 1622 436 1690 pro
485 1623 610 1671 ano
645 1616 756 1671 aut
796 1607 1085 1692 pluribus
1129 1607 1410 1693 ipsorum
1433 1606 1763 1694 pendetab
1810 1608 2042 1674 incerto
2100 1619 2337 1675 eventu.
2385 1604 2808 1691 Quadruplex

186 1708 650 1794 distinguitur:
699 1713 1101 1795 assecuratio,
1148 1713 1455 1779 mutuatio
1502 1712 1587 1778 ad
1633 1732 1812 1779 omne
1853 1713 2246 1799 periculum,
2298 1713 2507 1796 ludus,
2554 1714 2806 1799 sponsio

187 1834 264 1885 ac
309 1837 526 1884 census
570 1819 877 1885 vitalitius
925 1817 1034 1903 (de
1082 1819 1316 1888 ultimo
1360 1819 1497 1905 jam
1543 1818 1798 1888 dictum
1845 1830 2002 1905 est).
2133 1814 2136 1819 ’

274 1922 467 1993 491.
520 1926 591 2005 Q.
645 1928 702 1993 I.
754 1926 918 2007 Quid
959 1939 1048 1994 est
1092 1929 1363 2014 sponsio,
1406 1940 1463 1994 et
1506 1946 1595 1993 aa
1642 1927 1867 1993 licita?

276 2033 343 2099 R.
391 2032 652 2117 sponsio
699 2032 927 2119 (vulgo
971 2036 1373 2118 scommessa)
1423 2041 1526 2102 est
1555 2045 1952 2114 contractus,
2002 2052 2122 2118 quo
2168 2033 2289 2101 duo
2337 2035 2432 2101 vel
2471 2036 2686 2121 plures
2730 2035 2804 2102 de

191 2139 442 2205 veritate
487 2152 543 2205 et
588 2152 806 2206 eventu
850 2141 1120 2227 alicujus
1164 2140 1258 2207 rei
1292 2152 1595 2207 cer-tames
1641 2141 1762 2207 sibi
1792 2141 2056 2207 invicem
2100 2139 2343 2225 aliquid
2385 2142 2688 2228 spondent
2738 2155 2805 2208 ut

191 2247 317 2331 ejas
361 2244 471 2326 sit,
519 2247 626 2330 qui
668 2247 861 2331 tuem
899 2247 1221 2314 veritatem
1265 2261 1602 2314 assecutus.
1654 2249 1788 2315 Lex
1836 2245 2044 2314 civilis
2118 2247 2367 2314 nullam
2438 2247 2505 2314 in
2550 2246 2804 2333 jndicio

195 2350 493 2419 coneedit
541 2350 869 2421 actionem
920 2352 1138 2439 quoad
1177 2353 1580 2422 solutionem
1626 2351 2009 2438 sponsionis
2058 2346 2108 2421 ³.
2156 2355 2457 2421 Attamen
2524 2353 2801 2439 sponsio

194 2457 242 2524 si
289 2456 532 2527 debitis
581 2459 1076 2529 conditionibus
1121 2460 1396 2546 praedita
1443 2461 1550 2543 sit,
1596 2479 1730 2528 non
1782 2460 2205 2545 prohibetur:
2248 2468 2350 2528 est
2426 2460 2604 2529 enim
2653 2478 2809 2529 oon-

196 2571 438 2632 tractus
471 2566 779 2651 fortunae,
814 2585 948 2654 quo
983 2575 1266 2654 uterque
1298 2568 1635 2653 spondens
1664 2586 1813 2636 sese
1853 2567 2150 2653 periculo
2190 2567 2536 2653 aequaliter
2596 2586 2803 2654 expo·

197 2672 303 2740 nit.
372 2676 517 2741 Imo
579 2674 934 2761 aliquando
991 2683 1093 2742 est
1151 2675 1433 2743 honesta
1505 2675 1941 2743 recreationis
2011 2674 2271 2760 species
2328 2675 2503 2743 inter
2557 2676 2807 2745 amicos

194 2781 448 2865 usitata,
499 2789 564 2850 et
598 2783 798 2851 etiam
839 2782 1151 2851 stimulus
1199 2781 1280 2849 ad
1318 2782 1570 2869 aliquid
1608 2781 2106 2870 perficiendum.
2158 2785 2470 2851 Attamen
2519 2783 2583 2851 in
2622 2784 2805 2870 praxi

196 2889 577 2974 regulariter
617 2889 723 2957 vix
755 2898 933 2957 caret
989 2889 1181 2975 culpa
1234 2890 1498 2971 veniali,
1549 2892 1702 2975 qnia
1751 2889 1971 2972 deest,
2027 2897 2096 2956 ut
2164 2889 2553 2975 plurimum,
2602 2891 2804 2958 moti·

195 3015 335 3064 vum
392 2997 840 3064 cohonestaris
885 2997 1084 3065 licitae
1148 2996 1595 3066 recreationis.
1663 2997 1828 3065 Hinc
1898 3016 1955 3066 S.
2001 2997 2374 3065 Antoninus
2440 2999 2803 3082 quaerenti;

196 3120 269 3170 an
315 3103 578 3171 lucrum
627 3122 706 3171 ex
755 3104 864 3171 tali
921 3106 1284 3190 sponsione
1331 3104 1417 3172 sit
1452 3104 1743 3187 licitum,
1794 3103 2195 3189 respondet:
2242 3105 2407 3186 Non,
2480 3104 2586 3171 sed
2627 3117 2809 3192 turpe

199 3211 434 3278 lucrum
478 3211 603 3278 dici
630 3223 829 3298 potest
869 3213 1207 3298 procedens
1237 3233 1319 3279 ecc
1362 3214 1643 3279 avaritia
1672 3224 1730 3279 et
1772 3212 1936 3279 nulli
1965 3211 2329 3277 deserviens
2374 3211 2651 3295 utilitati,
2701 3210 2808 3279 sed

196 3320 456 3386 vanitati
499 3330 556 3385 et
594 3319 1062 3406 prodiyalitati.
1695 3382 1706 3397 ,

277 3427 536 3495 Debitae
596 3418 979 3513 sponsionis
1036 3427 1455 3497 conditiones
1499 3431 1658 3496 Jure
1715 3436 1968 3495 naturae
2020 3435 2214 3494 sunt:
2291 3429 2356 3514 l)
2405 3433 2480 3495 ut
2527 3425 2803 3513 sponsio

196 3534 275 3600 sit
304 3533 388 3602 de
413 3552 486 3602 re
518 3533 699 3603 dubii
733 3542 1009 3604 eventus
1048 3535 1270 3622 quoad
1302 3543 1664 3623 utrumque
1697 3533 2174 3621 spondentem:
2221 3551 2417 3603 secus
2456 3552 2586 3602 non
2627 3540 2805 3623 esset

199 3642 566 3726 aequalitas3
613 3644 683 3727 2)
716 3649 790 3710 ut
825 3650 1108 3729 uterque
1148 3643 1425 3729 accipiat
1468 3642 1705 3712 eodem
1744 3661 1944 3711 sensu
1996 3641 2063 3710 id
2117 3641 2198 3711 de
2231 3660 2364 3729 quo
2397 3642 2796 3730 spondetur:

198 3768 386 3816 secus
438 3768 570 3817 non
618 3750 1049 3818 convenirent
1097 3750 1161 3818 in
1210 3769 1452 3832 unum3
1502 3752 1570 3836 3)
1612 3757 1687 3818 ut
1738 3770 1870 3818 non
1905 3750 1991 3817 sit
2040 3751 2212 3818 circa
2278 3749 2531 3831 illicita3
2588 3765 2803 3833 neque

198 3855 364 3922 enim
416 3863 599 3923 tenet
647 3857 965 3942 obligatio
1017 3865 1248 3924 contra
1298 3876 1558 3926 mores:
1608 3857 1757 3925 talis
1808 3866 1909 3924 est
1960 3857 2236 3943 sponsio
2286 3872 2440 3921 vere
2498 3853 2804 3921 animalis

199 3963 362 4031 circa
412 3963 769 4049 ingluviem
818 3973 883 4032 et
935 3972 1201 4050 potum:
1255 3964 1366 4050 qui
1438 3964 1585 4052 plus
1633 3965 1803 4034 bibit
1869 3964 1967 4033 vel
2019 3964 2168 4050 plus
2231 3960 2604 4031 manducat.
2673 3963 2833 4042 Nec,

198 4071 437 4156 pariter
482 4079 681 4140 tenet.
729 4072 783 4140 si
836 4073 923 4140 sit
971 4072 1143 4140 circa
1192 4072 1537 4141 Pontificis
1585 4073 2017 4156 electionem,
2067 4081 2181 4139 aut
2229 4068 2542 4155 ejusdem
2607 4069 2802 4139 vitam

198 4182 289 4248 vel
341 4188 654 4248 mortem:
703 4180 883 4266 quod
935 4180 1275 4265 probibuit
1323 4200 1374 4249 S.
1428 4181 1584 4249 Pius
1632 4183 1688 4250 V
1735 4181 1922 4248 Bulla
1972 4184 2051 4248 Ii..
2099 4177 2395 4262 elioendis
2444 4175 2495 4243 ⁸.

255 4356 275 4396 ¹
313 4378 333 4402 ι
368 4357 500 4409 Sara
533 4358 704 4409 anche
741 4360 1045 4422 opportuno
1078 4358 1175 4410 clie
1214 4358 1250 4408 il
1285 4356 1543 4410 mandato
1581 4357 1634 4408 si
1681 4357 1877 4432 faccia·
1909 4370 2001 4420 per
2032 4358 2142 4429 atto
2181 4354 2448 4429 pubblico,
2487 4368 2519 4407 o
2552 4355 2803 4408 ecrittura

205 4418 2117 4548 ''flvffiifflffssffisossffv‘l‘ldQP'thlli‘,{n-fflff‘a‘ffnissssi'?¹-¹-⁶'3.¹·sfl
2148 4419 2484 4543 igitfflffv.
2519 4480 2590 4532 n.
2643 4483 2797 4545 {sm

202 4566 278 4650 “⁸
301 4546 823 4670 fi'dg'iffffineagna,
875 4606 1186 4673 Gregorium
1235 4608 1370 4668 XIV,
1415 4607 1468 4657 in
1502 4607 1655 4658 Bulla.
1688 4608 1831 4670 Cepit
1861 4620 1973 4663 nos,
2020 4604 2323 4658 extendisse
2384 4604 2451 4656 ad
2481 4572 2801 4678 electionem

200 4669 579 4729 cardinalium,
615 4670 796 4722 addita
828 4671 1383 4723 excommunicatione
1407 4670 1526 4723 latoe
1559 4671 1837 4722 sententiaa
1857 4669 2036 4734 quoad
2075 4670 2394 4720 electionem
2419 4667 2718 4727 Ponttflcls,
2750 4667 2806 4719 et
