3292 5167
483 270 611 335 504
1173 285 1290 333 mn.
1337 285 1401 333 ιι.
1451 288 1661 334 aanor.
1710 288 1810 333 vn.
1856 286 2010 335 nise.
2059 285 2122 334 ιι.
2175 289 2304 334 cliv.
2351 288 2392 333 t.

490 377 721 460 omnes
770 391 1005 457 ventris
1049 411 1397 477 εωρεηεαε,
1467 395 1541 457 ut
1602 395 1869 470 vocant,
1943 407 2180 475 nempe
2248 388 2327 459 ad
2393 394 2599 480 prolis
2638 375 3078 474 alimoniam,

482 497 799 582 quamdiu
849 498 995 566 baec
1043 498 1289 569 victum
1333 497 1460 566 sibi
1514 514 1633 582 per
1680 513 1753 565 se
1801 497 2009 565 valeat
2058 514 2444 584 comparare
2478 521 2553 570 ac
2585 500 2711 570 sibi
2745 500 3077 580 sufficere,

486 597 640 674 'cum
692 605 876 673 solus
925 604 1122 673 fuerit
1173 622 1368 673 causa
1418 604 1661 673 damni.
1710 607 2015 675 Attamen
2067 608 2211 694 eJus
2254 607 2515 679 defectu
2550 616 2815 677 tenetur
2845 615 3081 689 mater,

482 713 604 780 etsi
656 713 922 799 culpam
973 732 1104 781 non
1155 713 1493 780 admiserit
1510 738 1528 794 3
1581 732 1730 780 nam
1769 720 1980 782 mater
2027 724 2170 784 est:
2219 716 2336 785 sed
2385 724 2542 785 tunc
2590 717 2788 785 habet
2824 733 3086 801 regres-

480 839 632 888 sum
686 821 752 888 in
798 829 1266 907 stupratorem,
1322 821 1433 906 qui
1487 839 1720 889 omnes
1769 840 2092 907 expensas
2143 824 2200 892 ei
2253 823 2602 893 refundere
2658 831 2945 892 tenetur.

570 930 638 996 Si
692 948 845 997 vero
897 937 1127 1015 agatur
1176 928 1257 997 de
1305 935 1538 1015 stupro
1586 930 2005 1014 voluntario,
2078 950 2227 1000 cum
2278 940 2561 1019 uterque
2611 933 2676 1001 in
2727 932 2922 1016 culpa
2970 931 3082 1014 sit,

480 1037 795 1105 seductor
844 1045 906 1106 et
958 1039 1174 1124 puella
1227 1044 1541 1106 tenentur
1591 1038 1943 1123 aequaliter
1991 1047 2057 1107 et
2104 1040 2173 1109 in
2222 1039 2511 1112 solidum
2562 1060 2640 1109 ex
2704 1040 2920 1109 officio
2970 1058 3085 1107 na-

483 1150 648 1211 turae
710 1145 964 1229 prolem
1014 1145 1350 1213 sustinere
1399 1150 1464 1213 et
1507 1143 1790 1213 educare
1829 1163 2181 1232 quousque
2230 1148 2355 1216 sibi
2405 1148 2711 1217 sufficiat.
2780 1148 2945 1215 Olim
2998 1168 3083 1213 ex

480 1271 741 1318 romano
786 1255 938 1320 Jure
985 1260 1197 1319 mater
1251 1253 1606 1319 tenebatur
1653 1253 1908 1338 prolem
1958 1253 2133 1322 alere
2179 1273 2300 1340 pro
2353 1256 2565 1342 primo
2616 1254 2921 1322 triennio.
2956 1255 3084 1321 Po-

482 1364 621 1424 stea
662 1357 974 1442 obligatio
1027 1357 1345 1426 transibat
1393 1360 1460 1426 in
1510 1365 1989 1445 stupratorem,
2054 1360 2141 1427 ita
2192 1367 2265 1429 ut
2312 1361 2365 1428 si
2417 1361 2588 1428 ultra
2637 1361 2874 1429 mulier
2920 1379 3079 1447 pro-

484 1462 612 1531 lem
664 1464 876 1533 alebat
937 1465 1046 1550 jus
1120 1464 1403 1533 habebat
1468 1465 1884 1552 adaequatam
1941 1468 2557 1553 compensationem
2618 1486 2653 1535 a
2701 1474 3079 1554 stupratore

483 1571 876 1656 repetendi,·
929 1571 1028 1640 vel
1078 1572 1158 1640 ab
1209 1571 1610 1655 haeredibus,
1666 1565 1723 1642 si
1770 1573 1881 1641 ille
1928 1575 2341 1643 moriebatur
2390 1572 2436 1643 ¹.
2490 1575 2652 1645 Hinc
2696 1574 2901 1643 illud:

879 1749 1089 1813 Mater
1130 1751 1269 1812 alat
1297 1767 1564 1828 puerum
1599 1751 1858 1813 trimum
1904 1752 2212 1832 trinaeque
2245 1753 2547 1816 minorem
2571 1772 2597 1824 ,-

949 1830 1259 1910 Majerem
1300 1847 1441 1894 vero
1479 1847 1743 1911 pascere
1780 1833 1994 1911 patris
2038 1834 2183 1895 erit.

575 2016 905 2084 Diximus:
955 2017 1105 2083 olim
1152 2037 1235 2084 ea:
1278 2021 1429 2086 Jure
1476 2037 1775 2098 romano;
1821 2019 2019 2088 hodie
2068 2020 2244 2087 enim
2304 2023 2461 2088 Jure
2509 2019 2705 2102 civili,
2778 2023 2833 2088 si
2907 2020 3084 2090 filius

484 2131 667 2192 extra
724 2124 1217 2193 matrimonium
1274 2132 1465 2194 natus
1533 2126 1972 2211 legitimatur‚
2033 2127 2477 2212 legitimorum
2538 2129 2688 2215 jura
2755 2127 3079 2214 acquirit3

485 2233 539 2300 si
592 2251 722 2299 non
778 2232 1206 2317 legitimatur,
1261 2232 1380 2301 sed
1442 2234 1740 2320 legaliter
1808 2241 2361 2320 recognoscatur,
2412 2253 2445 2301 a
2496 2243 2680 2321 patre
2730 2237 2826 2305 vel
2875 2243 3089 2304 matre

486 2344 588 2407 est
622 2339 917 2422 alenduS,
957 2340 1358 2423 educanduS‚
1401 2342 1854 2425 instruenduS,
1889 2350 2013 2410 etc.
2044 2337 2092 2409 ².
2131 2331 2323 2424 Quod
2354 2343 2409 2410 si
2445 2343 2832 2428 recognosci
2865 2344 3090 2429 prohi-

485 2448 724 2515 beatur
770 2465 804 2514 a
858 2447 1019 2533 lege,
1072 2456 1229 2516 tunc
1269 2449 1382 2535 jus
1432 2456 1689 2517 tantum
1738 2449 1936 2518 habet
1985 2448 2066 2517 ad
2114 2450 2443 2532 alimenta,
2494 2467 2652 2519 casu
2701 2469 2834 2536 quo
2900 2458 3085 2522 certo

488 2555 704 2639 colligi
764 2555 980 2640 possit
1030 2555 1178 2641 quis
1230 2564 1418 2642 pater
1464 2557 1562 2625 vel
1613 2563 1826 2624 mater
1871 2557 2047 2624 illius
2097 2557 2182 2624 sit
2232 2557 2286 2624 ³.

574 2658 768 2723 ⁷2⁷.
821 2666 891 2744 Q.
944 2666 1005 2730 7.
1056 2665 1155 2731 Ad
1199 2665 1350 2750 quid
1394 2676 1636 2731 tenetur
1679 2664 1972 2731 adulter?

577 2769 647 2836 R.
697 2769 814 2838 Vel
865 2770 1090 2856 proles
1141 2791 1220 2840 ex
1269 2771 1595 2839 adulterio
1647 2789 1779 2840 non
1830 2777 1931 2839 est
2001 2778 2202 2852 nata3
2289 2771 2389 2839 vel
2451 2771 2670 2857 proles
2742 2778 2892 2840 nata
2942 2780 3088 2855 est;

489 2874 588 2942 vel
636 2874 998 2959 dubitatur,
1051 2885 1278 2945 utrum
1329 2886 1476 2944 nata
1527 2877 1768 2963 proles,
1826 2896 1905 2945 ex
1955 2877 2099 2963 ipso
2149 2877 2473 2946 adulterio
2516 2885 2665 2944 nata
2713 2878 2820 2946 sit.

665 2983 728 3067 a)
776 2984 842 3050 Si
875 2985 1084 3070 proles
1130 2998 1287 3052 certe
1333 2997 1485 3052 nata
1553 3005 1683 3052 non
1721 2996 1829 3067 est,
1865 2984 2042 3052 nulla
2077 2986 2202 3052 erit
2242 3002 2322 3051 ex
2357 2984 2483 3052 hoc
2518 2985 2732 3071 capite
2767 2986 3089 3081 obligatio

488 3081 950 3159 restitutionis.
996 3095 1138 3162 Imo
1189 3096 1243 3161 si
1294 3093 1543 3162 crimen
1579 3093 1818 3161 marito
1855 3093 2190 3162 occultum
2225 3093 2332 3175 sit,
2365 3092 2446 3160 ad
2482 3094 2641 3162 nibil
2685 3095 3094 3164 tenebuntur

489 3215 707 3286 neque
756 3216 907 3284 erga
966 3200 1249 3270 eundem
1299 3201 1623 3283 adulteri3
1676 3219 1827 3270 cum
1865 3221 1994 3268 non
2028 3209 2383 3269 teneantur
2415 3220 2489 3270 se
2528 3202 2869 3270 infamare.
2900 3202 3091 3283 Quod

491 3304 546 3370 si
596 3304 651 3371 ei
704 3305 1090 3388 innotuerit,
1144 3307 1390 3376 debent
1440 3309 1854 3394 personalem
1904 3308 2212 3394 injuriam
2256 3326 2691 3394 compensare
2726 3327 2846 3394 per
2878 3310 3087 3378 veniae

489 3410 905 3500 petitionem,
961 3431 1078 3498 per
1125 3415 1310 3500 signa
1359 3414 1610 3484 doloris
1664 3423 1728 3483 et
1777 3415 1899 3483 alia
1952 3415 2350 3502 hujusmodi-

668 3517 739 3603 b)
788 3520 851 3586 Si
899 3522 1106 3606 proles
1152 3542 1233 3587 ex
1277 3522 1584 3590 adulterio
1637 3535 1793 3591 nata
1838 3533 1944 3604 est,
1995 3528 2156 3591 tunc
2203 3522 2258 3591 si
2311 3541 2482 3592 uxor
2553 3523 2826 3591 omnino
2888 3523 3091 3592 invita

491 3621 573 3708 (v.
625 3640 707 3708 g.,
756 3624 836 3708 vi,
891 3626 1088 3694 minis
1123 3635 1235 3694 aut
1285 3627 1471 3715 dolo)
1523 3628 1601 3696 ad
1648 3628 2049 3697 adulterium
2097 3629 2220 3697 fuit
2253 3628 2557 3712 inducta,
2598 3630 2833 3698 damna
2871 3630 3098 3726 omnia

489 3747 798 3818 reparare
849 3738 1115 3802 tenetur
1162 3733 1438 3819 adulter,
1491 3743 1726 3822 utpote
1777 3736 1892 3821 qui
1949 3736 2141 3805 solus
2190 3743 2290 3806 est
2339 3755 2569 3805 eorum
2620 3755 2815 3806 causa
2863 3739 3097 3809 efficax

489 3844 554 3906 et
606 3838 889 3926 injusta:
941 3858 1179 3926 nempe
1229 3851 1496 3910 tenetur
1543 3843 1898 3912 restituere
1973 3843 2128 3912 filiis
2180 3843 2487 3930 legitimis
2559 3850 2691 3912 tam
2745 3844 3099 3913 haeredita-

441 3927 620 4014 ‘tem
670 3965 809 4016 suae
861 3948 1026 4034 proli
1076 3949 1391 4032 relictam,
1442 3967 1638 4036 quam
1687 3950 1996 4018 alimenta
2030 3952 2182 4019 buic
2214 3951 2523 4034 exhibita,
2592 3969 2915 4038 expensas
2968 3970 3095 4040 pro

486 4054 631 4138 ejus
679 4053 1070 4124 educatione
1119 4064 1524 4142 procuratas,
1577 4063 1706 4124 etc.
1768 4059 1929 4138 Quae
1982 4058 2316 4126 restitutio
2367 4058 2508 4127 fieri
2558 4065 2781 4144 potest
2831 4059 3096 4129 occulte

487 4178 606 4244 per
652 4163 1128 4232 confessarium
1179 4164 1275 4233 vel
1325 4165 1516 4232 aliam
1585 4183 1946 4250 personam
1996 4165 2258 4235 fidelem
2307 4163 2358 4235 ⁴.

554 4353 574 4392 ¹
611 4354 665 4403 L.
701 4366 773 4414 ix,
808 4355 1017 4408 Codicis
1048 4357 1110 4409 de
1135 4360 1317 4421 patria
1342 4360 1529 4421 potest.

552 4415 576 4455 ²
612 4416 750 4475 Cod„
772 4420 863 4470 civ.
882 4420 980 4470 art.
1017 4423 1139 4482 1863
1177 4421 1291 4472 Cod.
1331 4420 1535 4484 proced.
1568 4421 1680 4480 civ„
1715 4422 1814 4473 art.
1850 4422 1944 4472 338
1956 4431 1971 4483 3
2006 4421 2113 4471 Lex
2147 4419 2456 4472 transitoria
2487 4420 2551 4472 30
2581 4431 2706 4471 nov.
2747 4422 2890 4482 1865,
2916 4421 3019 4474 art.
3042 4426 3096 4475 7.

488 4503 552 4515 -
588 4478 639 4530 C.
674 4478 733 4528 G.
761 4481 884 4541 338;
922 4505 984 4518 ·-
1012 4482 1064 4534 G.
1103 4485 1164 4533 A.
1201 4486 1317 4545 16&
1351 4509 1416 4520 —
1449 4483 1502 4535 G.
1537 4483 1856 4547 P.121;—
1883 4482 1944 4532 C.
1974 4481 2046 4534 M.
2084 4483 2192 4545 161,
2230 4485 2357 4534 ¹65·
2384 4506 2448 4519 -
2484 4481 2541 4532 C.
2581 4483 2748 4535 1289.

552 4542 572 4582 ⁸
611 4540 729 4592 coa.
763 4544 877 4603 ctu,
915 4546 1012 4595 art.
1055 4546 1179 4607 1933
1208 4570 1272 4582 -
1307 4546 1361 4595 c.
1399 4545 1458 4595 e.
1496 4546 1613 4607 342,
1647 4548 1776 4608 7623
1811 4569 1877 4583 -
1904 4545 1956 4596 c.
1990 4544 2036 4595 s.
2066 4547 2197 4617 ,ectu
2230 4570 2293 4582 -
2328 4520 2380 4597 ὲ.
2423 4545 2479 4595 T.
2512 4547 2593 4597 se.

550 4603 573 4643 ⁴
607 4605 849 4656 Ceterum
885 4605 1072 4657 mulier
1104 4605 1279 4658 adbuc
1314 4608 1582 4658 teneretur
1614 4610 1825 4658 ratione
1860 4607 2210 4658 maternitatis
2242 4605 2312 4658 ad
2353 4607 2651 4658 curandam
2703 4604 2906 4669 prolem
2964 4617 3093 4659 eam

487 4664 735 4718 lactando
773 4666 819 4715 si
854 4667 1039 4728 potest,
1075 4680 1197 4718 cum
1230 4669 1334 4718 hoc
1366 4670 1434 4720 sit
1475 4670 1662 4719 matris
1700 4668 1969 4732 officium3
2008 4671 2243 4720 attamen
2276 4670 2391 4719 sine
2426 4668 2537 4720 ulla
2570 4680 2832 4732 expensa,
2868 4667 2935 4719 de
2982 4681 3100 4733 qua

486 4737 697 4792 semper
724 4730 991 4779 teneretur
1019 4727 1227 4780 adulter
1256 4731 1315 4780 ut
1353 4730 1475 4793 pote
1507 4729 1657 4781 solus
1688 4741 1830 4792 reuS,
1868 4730 1945 4782 nti
1978 4731 2313 4795 supponitur.
2340 4730 2395 4781 Si
2434 4731 2619 4781 tamen
2674 4729 2885 4784 adulter
2927 4729 3100 4796 impie
