3292 5167
529 251 658 319 718
1499 273 1616 319 ue.
1661 274 1727 319 ιι.
1774 272 1983 320 τιυιοτ.
2032 253 2155 317 viu.

1246 516 2389 581 Anmo'rArlolvEs

1300 686 1403 750 AD
1444 685 1910 752 TRACTATUM
1952 684 2338 752 OCTAVUM.

1573 946 1700 1026 (A)
1742 948 1898 1029 Paq.
1938 946 2079 1013 605.

610 1165 895 1228 Ιθθθ.
940 1166 1157 1229 Fidem
1202 1165 1489 1246 quolibet
1533 1177 1788 1245 peccato
1834 1168 2082 1232 mortali
2131 1169 2216 1233 ita
2261 1169 2571 1247 extingui,
2617 1176 2685 1228 ut
2728 1166 2910 1230 nulia
2984 1181 3116 1229 am·

530 1244 699 1326 plius
746 1248 808 1308 in
858 1247 1294 1326 peccatoribus
1338 1248 1732 1313 admittenda
1779 1254 1861 1311 sit
1905 1266 2114 1329 neque
2159 1264 2298 1313 viva
2347 1264 2553 1329 neque
2598 1256 2869 1322 mortua,
2933 1255 3001 1308 et
3046 1248 3097 1309 si

530 1342 671 1406 quae
716 1327 921 1389 adhuc
966 1343 1301 1394 remanere
1346 1328 1660 1405 videatur,
1703 1345 1774 1392 ea
1825 1345 1950 1392 non
1998 1333 2080 1392 sit
2124 1328 2281 1393 fides
2326 1345 2500 1405 vera,
2558 1344 2699 1390 nem
2751 1344 2786 1389 e
2852 1327 3109 1403 divina,

532 1406 639 1468 sed
686 1422 860 1469 mere
905 1407 1201 1479 humana,
1246 1408 1462 1471 docuit
1504 1408 1825 1486 Calvinus,
1868 1409 2269 1484 Quesneliu5‚
2312 1409 2551 1489 aliique
2581 1408 2660 1471 de
2735 1407 2923 1469 chola
2959 1406 3106 1469 Jan·

531 1489 936 1549 senistarum.
981 1487 1104 1551 Sed
1151 1491 1387 1552 veritas
1431 1489 1743 1552 catholica
1790 1500 1906 1564 est,
1949 1491 2139 1553 fldem
2199 1507 2430 1562 veram,
2495 1505 2722 1567 nempe
2788 1489 3110 1560 divinam,

442 1589 451 1599 ·
532 1582 670 1629 esse
715 1584 897 1646 posse
942 1581 1134 1633 etiam
1179 1571 1320 1631 sine
1364 1570 1697 1645 charitate,
1740 1587 1812 1634 ac
1858 1572 2126 1651 proinde
2172 1570 2361 1633 fidem
2407 1569 2731 1650 informem
2774 1571 2912 1633 sive
2947 1584 3113 1633 mor·

533 1656 702 1720 tuam
748 1664 887 1710 esse
932 1648 1391 1712 admittendam
1440 1654 1528 1713 uti
1578 1667 1792 1713 veram
1836 1668 1909 1714 ac
1953 1652 2236 1714 divinam
2283 1651 2493 1715 fldem.

545 1807 556 1818 .
612 1727 953 1804 Probatur:
999 1730 1051 1793 t..
1101 1731 1191 1793 Ex
1236 1728 1616 1809 Scripturis:
1665 1730 1734 1793 Si
1775 1730 2047 1795 habuero
2089 1748 2319 1794 omnem
2361 1731 2559 1812 fidem,
2603 1729 2693 1791 ait
2735 1726 3106 1806 Apostolus»,

532 1814 629 1869 tta
671 1815 745 1871 ut
783 1818 1013 1872 montes
1060 1810 1466 1891 transferam,
1508 1812 1888 1874 charitatem
1931 1820 2138 1875 autem
2199 1829 2321 1874 non
2384 1811 2676 1884 habuero,
2741 1809 2905 1871 nihil
2975 1826 3113 1870 sum

532 1888 607 1966 (1,
628 1887 766 1950 Cor.
811 1891 980 1970 xiii).
1023 1889 1144 1952 Sed
1193 1891 1368 1968 fides,
1411 1908 1552 1971 quae
1575 1903 1826 1955 montes
1872 1893 2202 1968 transfert,
2235 1892 2531 1956 est·fldes
2566 1907 2715 1954 vera
2748 1898 2814 1953 et
2844 1890 3112 1966 divina3

532 1983 685 2046 ergo
732 1970 870 2032 haec
914 1987 944 2032 a
991 1972 1304 2034 charitate
1339 1972 1624 2050 sejuncta
1674 1982 1880 2052 potest
1917 1976 1981 2037 in
2030 1983 2250 2037 natura
2300 1989 2408 2035 sua
2459 1988 2616 2035 esse.
2663 1972 2824 2045 Quid
2885 1970 3110 2049 proae-

530 2049 643 2121 rit,
690 2048 930 2128 fratres
971 2053 1107 2127 mei,
1151 2054 1361 2130 inquit
1405 2070 1456 2115 s,
1494 2052 1784 2126 lacobus
1832 2055 1890 2116 si
1930 2054 2105 2132 fidem
2149 2054 2288 2134 qais
2330 2054 2504 2114 dicat
2543 2070 2605 2114 se
2636 2050 2879 2124 habere,
2916 2066 3110 2129 opera

531 2136 741 2192 autem
783 2147 904 2194 non
947 2130 1220 2196 habeat?
1260 2134 1564 2213 namquid
1601 2139 1835 2214 poterit
1873 2133 2018 2214 fides
2061 2135 2314 2205 salvate
2368 2133 2505 2195 ea‘m
2566 2136 2727 2212 (cap.
2795 2129 2929 2210 u)‘?
3002 2131 3111 2195 Hic

528 2218 775 2301 pariter
819 2228 1028 2274 sermo
1073 2222 1169 2276 est
1212 2212 1291 2275 de
1336 2214 1461 2276 fide
1507 2231 1631 2277 non
1681 2216 1978 2290 humana,
2023 2215 2134 2280 sed
2180 2216 2396 2278 divina
2453 2214 2722 2293 ideoque
2766 2228 2914 2275 vera
2951 2231 2967 2273 :
3015 2221 3104 2275 at·

529 2306 634 2370 qui
685 2291 819 2352 haec
862 2293 1098 2355 dicitur
1141 2293 1487 2356 subsistere
1533 2311 1713 2375 posse
1750 2296 1939 2357 etiam
1987 2297 2118 2376 per·
2142 2312 2211 2357 se
2245 2305 2310 2357 et
2339 2297 2479 2356 sine
2514 2295 2846 2357 charitate.

687 2371 743 2461 j2.
780 2371 869 2432 Ex
916 2371 1239 2437 Patribus:
1284 2391 1398 2451 pro
1443 2376 1741 2437 omnihus
1786 2393 1950 2438 unus
1996 2378 2078 2437 sit
2121 2376 2529 2453 Augustinus,
2575 2375 2684 2454 qui
2723 2372 2984 2452 defide
3047 2377 3109 2434 et

535 2449 822 2529 opertbus
871 2463 1037 2516 totus
1084 2457 1146 2516 in
1193 2472 1268 2517 eo
1311 2463 1429 2526 est,
1475 2465 1542 2518 ut
1587 2457 1883 2546 ostendat
1929 2458 2247 2517 neminem
2287 2456 2525 2517 debere
2570 2455 2839 2518 salutem
2906 2462 3097 2515 aeter·

534 2545 679 2593 nam
727 2548 1006 2611 sperare,
1051 2543 1100 2596 si
1151 2535 1348 2597 fidem
1394 2536 1624 2600 haheat
1668 2537 1807 2598 sine
1847 2538 2179 2600 charitatis
2223 2536 2542 2615 operibus.

684 2611 739 2674 3.
784 2613 874 2675 Ex
916 2614 1326 2677 Tridentino:
1378 2613 1614 2697 Siquis
1655 2617 1916 2692 dimerit,
1963 2619 2197 2682 amissa
2223 2633 2336 2696 per
2360 2622 2683 2695 peccatum
2722 2615 2946 2694 qratia
2993 2612 3101 2691 (eu

529 2690 862 2755 charitatis
908 2697 1228 2774 mortem),
1277 2694 1466 2758 simul
1506 2704 1569 2759 et
1597 2698 1773 2776 fidem
1816 2714 2054 2776 semper
2094 2698 2328 2772 amitti,
2370 2703 2485 2759 aut
2523 2695 2703 2776 fidem
2745 2711 2883 2772 quoe
2904 2693 3103 2755 rem'a·

526 2779 649 2847 net,
692 2791 813 2835 aon
855 2793 982 2836 esse
1024 2793 1231 2839 veram
1270 2777 1469 2856 fidem,
1515 2779 1661 2839 lieet
1701 2795 1824 2840 non
1867 2780 1955 2841 sit
1992 2780 2157 2850 viva,
2203 2783 2320 2839 aut
2359 2795 2494 2839 eum
2555 2778 2662 2857 qui
2721 2775 2900 2854 fidem
2966 2774 3104 2835 sine

525 2853 838 2921 charitate
880 2855 1080 2925 habet.
1124 2874 1247 2921 non
1287 2875 1416 2920 esse
1458 2857 1895 2934 christianum,
1938 2857 2269 2921 anathema
2313 2858 2401 2919 sit
2440 2857 2620 2936 (sess.
2666 2871 2750 2930 vi,
2787 2870 2926 2917 cau.
2973 2854 3099 2934 28).

682 2935 738 2995 4.
782 2936 872 2998 Ex
918 2936 1292 3001 Pontificum
1338 2938 1658 3002 Oracuiis:
1704 2939 2072 3020 Alexander„
2108 2938 2213 3002 vii
2261 2940 2427 3000 hanc
2469 2938 2585 3002 sub
2631 2953 2692 2998 n.
2741 2936 2814 2996 12
2863 2951 3096 3013 propo-

525 3019 819 3081 sitionem
867 3018 1224 3080 damnavit:
1271 3017 1524 3094 Quando
1559 3020 1625 3081 in
1668 3021 1911 3099 magnis
1951 3017 2387 3100 peccatoribus
2429 3017 2642 3097 deficit
2662 3017 2860 3078 omnis
2902 3032 3102 3090 amor,

524 3099 732 3178 deficit
769 3101 956 3161 etiam
997 3098 1166 3176 fides,
1212 3109 1272 3164 et
1314 3100 1561 3163 etiamsi
1600 3100 1935 3163 videantur
1975 3103 2239 3174 credere,
2301 3116 2423 3162 non
2488 3105 2582 3161 est
2644 3098 2793 3176 fides
2857 3097 3097 3158 divina.

526 3179 817 3242 Clemens
858 3178 939 3241 XI
984 3179 1171 3243 aliam
1218 3179 1491 3244 similem
1541 3181 1603 3242 in
1648 3179 1989 3252 QuesneHo
2029 3180 2415 3245 Jansenismi
2478 3176 2839 3258 professore
2901 3176 3097 3239 valde

531 3260 767 3339 insigni
815 3259 1094 3321 confixit.
1141 3258 1492 3323 Dicendum
1538 3276 1711 3338 erge,
1748 3261 2122 3324 charitatem
2188 3259 2441 3340 quidem
2510 3274 2650 3321 esse
2710 3272 2838 3318 non
2912 3272 3099 3335 posse

526 3341 666 3402 sine
710 3355 857 3401 vera
908 3339 1053 3403 fide.
1102 3342 1245 3419 quia
1295 3340 1450 3403 fides
1499 3356 1645 3402 vera
1685 3350 1781 3403 est
1805 3358 1943 3419 ejus
1970 3337 2618 3404 fundamentumzsed
2649 3351 2869 3398 veram
2903 3335 3097 3400 tidem

528 3435 666 3483 esse
714 3436 893 3498 posse
937 3423 1075 3482 sine
1119 3422 1467 3496 charitate3
1511 3437 1659 3483 nam
1703 3430 1828 3483 stat
1873 3421 2362 3484 fundamentum
2407 3424 2547 3482 sine
2592 3418 2886 3481 aedificio.

576 3498 711 3588 ‚Sed
751 3502 810 3561 si
847 3500 993 3580 fides
1040 3502 1351 3581 (inquies)
1394 3504 1460 3565 in
1503 3509 1681 3564 statu
1721 3503 1963 3581 peccati
2003 3501 2313 3577 mortalis,
2355 3502 2480 3563 sive
2523 3499 2815 3577 sejuncta
2858 3515 2898 3560 a
2942 3496 3090 3560 cha·

523 3589 740 3656 atate,
788 3589 880 3642 est
917 3581 1064 3659 fides
1107 3589 1395 3655 mortum
1440 3598 1581 3661 erqo
1624 3582 1895 3661 amplius
1939 3599 2061 3644 novt
2089 3583 2331 3656 exsistit,
2366 3582 2569 3660 sicuti*
2588 3587 2793 3642 cessat
2822 3580 3098 3643 existere

525 3661 696 3724 homo
739 3669 890 3723 actu
933 3676 1050 3740 quo
1092 3663 1362 3725 moritur
1387 3684 1410 3734 ,·
1455 3663 1546 3725 vel
1588 3663 1809 3724 saltem
1831 3663 1978 3742 fides
2014 3679 2148 3743 quae
2178 3668 2474 3737 remanet,
2508 3677 2631 3722 non
2666 3660 2794 3722 erit
2821 3658 3097 3737 amplius

520 3742 668 3823 fides
709 3758 879 3812 vera,
927 3758 1136 3820 nempe
1178 3743 1411 3806 divina.

604 3822 785 3902 Resp.
832 3838 973 3900 neg.
1019 3840 1254 3903 conseq.
1298 3833 1362 3886 et
1401 3827 1785 3903 paritatem.-
1832 3821 1989 3885 fides
2034 3823 2173 3886 sine
2203 3822 2517 3884 charitate
2554 3821 2794 3882 dicitur
2822 3825 3097 3892 mortua,

523 3903 634 3967 sed
667 3920 792 3965 non
839 3906 1016 3981 quasi
1050 3912 1252 3966 cesset
1286 3906 1583 3979 existere,
1618 3901 2151 3983 quemadmodum
2193 3904 2352 3964 mori
2386 3901 2625 3963 dicitur
2670 3901 2899 3973 homo;
2930 3899 3098 3961 bene

523 4001 676 4046 vero
719 3985 863 4063 quia
911 3986 1344 4063 operationem
1378 3986 1440 4046 in
1468 3985 1818 4047 christiano
1863 3992 2066 4046 cessat
2111 3982 2350 4045 habere
2397 3982 2461 4043 in
2496 3980 2723 4044 ordine
2769 3979 2848 4042 ad
2898 3981 3094 4042 vitam

524 4073 851 4137 aeternam,
898 4080 972 4125 eo
1017 4065 1201 4127 modo
1244 4081 1366 4144 quo
1411 4081 1638 4144 corpus
1683 4065 1918 4126 dicitur
1961 4071 2295 4134 mortuam,
2329 4061 2492 4142 qnod
2540 4063 2764 4123 existit
2806 4059 3096 4140 quidem,

520 4146 635 4208 sed
678 4148 810 4207 vita
856 4144 1263 4208 destitutum:
1310 4147 1471 4207 hanc
1524 4145 2076 4223 'comparationem
2142 4143 2508 4222 suppeditat
2552 4160 2597 4204 s.
2642 4140 2952 4204 lacobus:
2997 4137 3089 4201 Si·

521 4232 684 4288 σαι...
712 4243 934 4306 corpus
970 4231 1102 4288 sine
1151 4226 1384 4305 spiritu
1426 4233 1738 4288 mortuum
1779 4233 1909 4296 est;
1941 4227 2035 4287 ita
2078 4230 2139 4286 et
2170 4224 2317 4305 fides
2353 4225 2487 4285 sine
2520 4220 2810 4301 operibus
2843 4228 3096 4283 mortua

521 4312 617 4368 est
656 4306 734 4384 (c.
778 4308 872 4387 ιι).
919 4307 1100 4386 Atqui
1160 4322 1387 4384 corpus
1434 4306 1734 4382 hominis,
1777 4305 2025 4368 etiamsi
2073 4312 2413 4374 mortuum,
2455 4304 2604 4383 quia
2649 4305 2796 4364 sine
2840 4303 3093 4375 anima,

523 4385 729 4448 adhuc
774 4397 1063 4470 remanet
1106 4403 1322 4450 verum
1369 4402 1596 4467 corpus
1639 4387 2030 4460 humanum3
2073 4400 2108 4448 a
2147 4387 2281 4464 pari
2329 4383 2510 4455 fides,
2541 4383 2794 4445 etiamsi
2841 4390 3092 4452 mortua

524 4466 668 4545 quia
715 4469 853 4530 sine
896 4468 1229 4543 charitate,
1272 4466 1479 4530 adhuc
1524 4475 1812 4530 remanet
1857 4483 2004 4528 vera
2054 4465 2234 4543 fides,
2286 4478 2514 4542 nempe
2559 4463 2799 4526 divina.
2846 4460 2914 4523 In
2965 4476 3090 4540 quo

527 4547 702 4608 enim
748 4547 862 4608 sita
910 4556 1008 4608 est
1068 4547 1219 4610 ndei
1266 4546 1501 4609 divinae
1568 4545 1844 4608 natura?
1891 4545 2174 4625 proiecto
2219 4548 2284 4607 in
2348 4546 2464 4606 hoc
2508 4543 2675 4622 quod
2741 4542 2934 4606 iaciat
2978 4557 3092 4603 nos

523 4628 821 4688 assentiri
863 4626 1053 4688 rebus
1087 4643 1117 4688 a
1156 4626 1284 4688 Deo
1310 4627 1610 4691 revelatis
1640 4628 1720 4689 ob
1746 4626 2032 4688 tlivinam
2064 4628 2545 4700 auctoritatem;
2582 4627 2757 4703 atqui
2794 4637 3093 4687 assensus

529 4706 649 4769 iste
694 4708 884 4767 etiam
932 4707 1069 4766 sine
1112 4707 1423 4768 charitate
1469 4706 1690 4770 haberi
1730 4716 1954 4785 potest.
