3292 5167
482 209 620 280 566
1496 232 1611 278 ue.
1659 229 1727 279 ιι.
1775 233 1987 280 ratur.
2027 228 2131 279 vu.

479 334 548 397 in
595 339 763 396 statu
806 333 964 395 certi
1010 331 1408 396 imminentis
1451 333 1756 398 interitus
1800 332 2046 397 nullius
2090 333 2281 413 pretii
2325 334 2429 396 sit.
2473 331 2625 406 Quis
2687 333 2865 394 enim
2933 346 3071 396 rem

473 413 737 494 jamjam
781 420 956 475 certo
998 415 1350 492 perituram
1391 415 1716 478 communi
1761 413 2086 490 incendio,
2116 412 2478 492 naufragiO,
2523 410 2799 493 aliisque
2847 410 3070 475 simili·

479 494 618 568 bue,
664 491 952 571 nullique
995 494 1134 558 usui
1180 494 1302 556 sibi
1347 493 1629 558 futuram
1674 509 1889 557 emere
1934 495 2141 574 pretio
2177 492 2420 557 vellet?
2470 491 2685 556 Adde:
2736 491 3076 557 domiuum

480 582 633 637 tunc
677 588 804 635 non
851 589 1032 652 posse
1077 577 1327 636 censeri
1373 576 1668 650 invitum,
1709 575 1819 638 sed
1870 579 2060 638 tacite
2102 575 2478 637 consentire
2525 576 2590 636 in
2631 575 3072 658 consumptio·

479 669 630 716 nem
676 654 769 716 rei
814 670 978 727 suae;
1021 653 1163 733 quis
1207 655 1384 717 enim
1431 670 1558 718 non
1601 654 1800 718 vellet
1841 672 1872 716 a
1923 665 1985 718 te
2029 655 2293 718 concive
2358 669 2586 735 panem
2652 652 2756 715 vel
2826 654 3074 736 vinum,

480 751 537 796 ν.
582 750 663 812 g.,
708 734 994 796 consumi
1048 735 1275 813 potius,
1317 750 1507 813 quam
1551 735 1799 798 absumi
1843 736 1923 798 ab
1966 735 2331 797 imminenti
2382 734 2608 797 domus
2657 732 2990 811 incendio,
3032 749 3068 796 a

480 814 662 893 qu'us
706 815 976 878 interitu
1019 817 1260 877 servari
1308 815 1572 895 nequit?
1614 815 1895 894 Lignori‚
1926 814 2096 896 Opus
2137 814 2319 888 Mor„
2356 815 2394 876 l.
2429 831 2527 893 111,
2565 831 2624 876 n.
2666 813 2806 877 620.

556 893 738 955 811.
784 893 850 967 Q.
893 894 949 956 2.
992 895 1094 957 An
1134 896 1335 974 possit
1372 903 1610 976 emptor
1652 898 1832 960 malae
1869 897 2033 976 fidei,
2077 905 2150 959 ut
2191 902 2429 976 emptor
2499 894 2669 958 bonoe
2706 893 2875 974 fidei,
2941 909 3074 956 rem

482 976 712 1037 iterum
754 975 1002 1037 tradere
1043 974 1202 1054 furi,
1250 984 1325 1037 ut
1353 977 1628 1055 pretium
1671 984 2012 1056 recuperet,
2057 982 2119 1040 et
2157 991 2222 1036 se
2256 981 2466 1038 servet
2509 975 2908 1037 indemnem?

562 1054 632 1116 R.
675 1056 1088 1118 communius
1132 1055 1363 1118 docent
1408 1055 1590 1119 illum
1637 1073 1766 1120 non
1814 1073 1997 1138 posse
2041 1071 2176 1119 rem
2217 1054 2343 1118 furi
2376 1055 2689 1128 reddet-03
2718 1069 2867 1118 nam
2903 1051 3073 1116 mala

486 1133 615 1197 fide
658 1136 951 1211 emendo,
1001 1134 1169 1198 idem
1213 1145 1382 1198 esset
1415 1152 1488 1199 ac
1531 1139 1581 1199 si
1629 1138 1710 1200 de
1758 1154 1920 1200 novo
1965 1152 2103 1199 eam
2152 1134 2501 1211 furaretur,
2573 1137 2793 1214 sicque
2862 1135 2933 1196 in
3000 1148 3071 1197 se

483 1215 816 1277 transtulit
862 1215 1021 1277 iuris
1065 1215 1542 1294 obligationem.
1587 1215 1721 1280 Imo
1763 1221 1870 1297 qui
1918 1218 1982 1280 id
2032 1225 2300 1296 ageret,
2354 1232 2615 1296 gravem
2678 1229 2937 1295 poenam
2994 1229 3075 1276 ex
3150 1227 3157 1234 ·

488 1293 701 1358 Codice
741 1296 975 1375 poenali
1017 1312 1142 1357 non
1188 1297 1501 1375 effugeret
1542 1297 1705 1377 (art.
1748 1298 1868 1363 640
1892 1305 2173 1378 etseqq.,
2204 1297 2312 1360 ubi
2347 1297 2530 1376 plura
2561 1294 2768 1377 quoad
2793 1311 2900 1360 res
2930 1308 3075 1375 quae

484 1384 787 1439 emuntur
829 1392 859 1442 a
907 1377 1220 1454 suspectis
1265 1378 1607 1456 personis).
2646 1435 2653 1442 .

411 1504 417 1511 .
561 1455 685 1519 Sed
727 1454 898 1534 Lugo
942 1455 1241 1535 appellat,
1293 1458 1412 1520 hoc
1458 1474 1581 1520 non
1629 1456 1942 1533 obstante,
1996 1457 2164 1519 forte
2232 1456 2732 1537 probabiliorem
2801 1462 3064 1517 senten·

486 1536 658 1611 tiam,
700 1553 842 1615 quae
884 1538 1070 1599 docet
1112 1540 1305 1599 etiam
1351 1539 1417 1599 in
1462 1539 1582 1600 hoc
1626 1554 1777 1600 casn
1823 1554 2003 1617 posse
2048 1546 2403 1616 emptorem
2475 1551 2609 1598 rem
2676 1533 2806 1597 iuri
2875 1534 3064 1596 resti-

485 1623 687 1692 tuere,
730 1625 800 1680 ut
844 1619 1171 1696 proprium
1217 1619 1493 1696 pretium
1543 1634 1925 1696 recuperare
1964 1619 2220 1692 valeat3
2271 1615 2424 1679 licet
2470 1619 2641 1678 enim
2686 1615 2809 1676 iste
2853 1628 3072 1693 pecca·

482 1699 650 1759 verit
693 1713 829 1758 rem
875 1697 1049 1760 illam
1095 1697 1259 1759 mala
1305 1696 1430 1759 fide
1475 1698 1596 1760 sibi
1655 1699 2110 1777 comparando,
2180 1707 2393 1760 tamen
2467 1704 2610 1776 post
2671 1698 3069 1774 emptionem

485 1776 680 1839 habet
717 1776 998 1856 juS‚non
1042 1792 1224 1840 secus
1267 1794 1339 1839 ac
1384 1787 1633 1857 emptor
1679 1779 1863 1842 bonae
1909 1779 2084 1853 fidei,
2132 1785 2540 1841 contractum
2584 1791 2770 1839 suum
2816 1775 3073 1837 rescin-

483 1857 697 1920 dendi.
744 1857 959 1937 Neque
1006 1857 1198 1933 dicas,
1244 1860 1565 1921 actionem
1609 1861 1918 1938 emptoris
1967 1862 2032 1922 in
2080 1860 2199 1921 boc
2245 1874 2397 1920 casn
2442 1856 2642 1920 tuisse
2676 1856 2944 1918 domino
2979 1855 3072 1916 in·

479 1936 827 2016 jnriosam3
873 1953 1018 1999 nam
1063 1938 1140 2000 ad
1189 1939 1615 2002 restitutionis
1661 1940 2121 2017 obligationem
2168 1938 2548 2019 requiritur,
2592 1944 2661 1999 ut
2707 1936 2877 1998 actio
2947 1949 3077 1998 non

484 2017 689 2079 solum
737 2021 820 2079 sit
865 2019 1196 2095 injuriosa,
1237 2017 1348 2081 sed
1396 2022 1591 2082 etiam
1637 2028 1706 2082 ut
1756 2020 2017 2083 realiter
2064 2019 2292 2083 influat
2338 2020 2403 2080 in
2438 2017 2747 2080 damnum
2782 2014 3075 2090 alterius,

485 2097 652 2175 qnod
700 2100 764 2159 in
811 2113 958 2160 casu
1003 2108 1222 2161 nostro
1268 2101 1711 2172 non-evenit3
1770 2115 1913 2164 cum
1953 2100 2084 2179 iam
2140 2098 2218 2161 ab
2283 2098 2409 2161 alio
2474 2097 2675 2160 fuerit
2734 2109 3070 2158 consuma-

487 2187 640 2254 tum,
687 2194 893 2257 neqne
937 2178 1015 2241 de
1059 2194 1186 2241 uno
1232 2180 1298 2241 in
1341 2179 1540 2243 alium
1586 2179 1817 2258 furem,
1861 2196 1931 2245 re
1979 2187 2378 2256 transeunte,
2419 2177 2706 2240 melioris
2750 2176 3070 2239 conditio·

485 2258 586 2319 nis
629 2260 921 2321 evaserit.
977 2257 1035 2321 V.
1082 2259 1362 2340 Lignori,
1409 2257 1575 2339 Opus
1620 2259 1802 2338 Mor„
1852 2260 1895 2324 l.
1936 2277 2035 2337 111,
2078 2276 2140 2323 n.
2184 2259 2326 2323 570.

1525 2549 1646 2634 (Β)
1690 2554 1842 2637 paq.
1898 2555 2040 2621 439.

559 2807 757 2872 812.
802 2809 1118 2880 Casum
1162 2811 1437 2876 Didacus
1479 2829 1589 2876 vas
1631 2812 2067 2878 cristallinum
2109 2811 2287 2876 valde
2327 2811 2676 2891 pretiosum
2716 2808 2835 2875 sub
2898 2817 3077 2874 necte

483 2889 732 2969 reponit
772 2891 839 2953 in
880 2892 1110 2971 anqulo
1152 2893 1383 2967 domus,
1426 2909 1548 2971 qua
1593 2911 1767 2956 nemo
1800 2901 1944 2957 erat
1972 2894 2256 2973 proxime
2292 2891 2717 2967 transiturus,
2746 2891 3080 2955 intendem

484 2969 646 3032 illud
685 2987 920 3032 summo
962 2988 1139 3035 mane
1182 2973 1252 3036 in
1288 2980 1422 3036 tuto
1466 2974 1594 3036 loco
1636 2975 1964 3037 collocare.
2014 2972 2131 3036 Sed
2174 2973 2458 3035 Basilius
2495 2972 2612 3035 hac
2645 2972 2856 3034 eadem
2895 2978 3077 3033 nocte

484 3051 728 3113 domum
769 3052 903 3114 sine
946 3052 1178 3114 iumine
1221 3052 1606 3134 inprimitur,
1653 3057 1722 3118 in
1761 3071 1873 3118 vas
1914 3053 2175 3134 offendit
2215 3054 2496 3132 illudque
2538 3052 2806 3134 franyit.
2868 3049 3079 3127 Quid?

566 3129 637 3192 R.
681 3131 894 3211 Neque
936 3133 1234 3209 Didacus,
1286 3151 1492 3215 neque
1534 3134 1819 3198 Basilius
1884 3135 1963 3197 ad
2028 3136 2503 3197 restitutionem
2573 3141 2851 3206 tenetur,
2924 3132 3075 3214 quia

485 3225 566 3270 ex
611 3212 945 3291 utriusque
989 3221 1166 3291 parte
1210 3214 1426 3280 exulat
1472 3216 1656 3294 culpa
1705 3213 2106 3295 theologica;
2146 3223 2374 3277 neuter
2409 3215 2583 3276 enim
2649 3214 2964 3292 cogitavit
2988 3211 3073 3274 de

485 3287 744 3357 damno.
793 3293 893 3354 rel
937 3294 1076 3372 eJus
1123 3294 1424 3373 periculo.
1491 3295 1621 3358 lmo
1687 3311 1806 3359 nec
1873 3303 2134 3358 tenetur
2198 3293 2529 3370 alteruter,
2592 3295 2645 3356 si
2715 3293 3076 3372 periculum

482 3369 740 3448 aliquod
790 3372 974 3435 valde
1018 3383 1334 3438 remotum
1381 3376 1807 3457 praevidisset,
1849 3376 1997 3457 quia
2045 3377 2110 3437 in
2160 3374 2510 3437 moralibus
2546 3389 2671 3435 non
2705 3373 3077 3436 attenditur

483 3448 560 3513 ad
610 3466 848 3514 meram
895 3452 1401 3533 possibilitatem.
1460 3456 1694 3537 Voqler,
1744 3455 1962 3536 Gur-y,
2003 3463 2124 3518 etc.
2168 3488 2247 3501 -
2297 3452 2364 3516 V.
2425 3453 2748 3528 Ferraris;
2814 3453 2888 3516 V.
2954 3451 3077 3515 Da·

481 3529 843 3675 mnifigggio.
887 3567 964 3577 --
1007 3533 1286 3613 Lignori,
1315 3536 1505 3600 Homo
1536 3540 1772 3617 Apost„
1810 3543 1990 3599 tract.
2020 3551 2082 3612 x,
2110 3551 2174 3598 n.
2205 3535 2321 3610 403
2351 3542 2415 3596 et
2448 3533 2613 3615 Opus
2656 3534 2840 3609 Mor„
2893 3533 2930 3594 l.
2978 3548 3074 3608 ιη,

489 3626 597 3673 nn.
813 3620 878 3674 et
920 3629 988 3675 se
1077 3659 1092 3675 .

537 3689 803 3782 'Casusz
849 3619 1152 3766 Quirffgus
1234 3711 1470 3758 annum
1509 3695 1731 3776 furari
1764 3694 2092 3759 intendens
2133 3695 2441 3775 officinam
2481 3694 2555 3757 de
2616 3700 2794 3757 nocte
2856 3692 3073 3775 inpre-

480 3771 681 3847 dttur,
731 3773 936 3835 lumen
976 3713 1280 3852 occcidit,
1321 3772 1610 3839 adbibita
1652 3775 1770 3838 dili
1811 3778 1987 3839 entia
2029 3776 2113 3839 ad
2155 3792 2329 3839 omno
2370 3775 2726 3869 periculum
2794 3772 3075 3837 incendii

479 3851 851 3916 vitandum:
891 3853 998 3916 sed
1040 3854 1365 3935 inopinato
1406 3872 1581 3931 casu,
1624 3872 1700 3918 ca
1787 3856 1887 3919 ela
1928 3857 1997 3919 in
2039 3856 2255 3936 paleas
2282 3856 2607 3934 dejicitur,
2637 3861 2699 3917 et
2727 3852 2905 3919 brevi
2936 3861 3072 3917 tota

480 3931 734 4086 ‹bfficista
777 3934 1162 4078 Ζιροηιᾶἰειινᾷ
1198 3938 1429 4015 vimque
1470 3943 1733 4016 arrepta
1772 3935 1948 4018 fuya,
1994 3936 2330 4000 incolumis
2372 3935 2484 4017 tur
2512 3935 2744 3999 evadit.
2789 3934 2961 4008 Quid
2999 3934 3072 3996 de

536 4029 747 4076 utrina
832 4029 963 4077 icen
1011 4033 1132 4078 um¹
1244 4053 1248 4058 ·

551 4091 628 4156 lt.
672 4093 764 4155 Ad
813 4095 974 4156 nihil
1023 4105 1300 4173 tenetur,
1346 4098 1490 4176 quia
1539 4097 1803 4159 minime
1851 4096 2214 4176 periculum
2261 4094 2587 4176 praevidit.
2635 4093 2790 4169 lmo,
2841 4110 2964 4157 nec
2994 4102 3071 4158 te·

481 4181 674 4236 netur
717 4174 797 4236 de
844 4189 1053 4253 panno
1085 4192 1274 4257 quem
1306 4176 1512 4240 furari
1551 4176 1779 4252 voluit,
1814 4178 2067 4240 etiamsi
2108 4178 2279 4241 hunc
2315 4175 2895 4257 apprehendisset3
2923 4177 3071 4254 quia

480 4254 882 4317 etiamillud
929 4254 1233 4319 damnum
1279 4265 1377 4320 est
1422 4256 1966 4320 involuntarium:
2035 4273 2155 4321 nec
2218 4258 2654 4337 apprehensio
2719 4271 2911 4335 panni
2980 4262 3077 4318 est

481 4347 670 4395 causa
715 4333 954 4412 damni,
1000 4352 1121 4399 nec
1164 4340 1433 4417 gestatio
1457 4337 1748 4402 caudelae
1774 4339 2135 4416 proximum
2162 4337 2522 4417 periculum
2558 4336 2869 4411 incendii,
2900 4334 3073 4399 adbi-

481 4410 612 4474 bita
678 4414 1016 4479 sufficienti
1084 4418 1352 4494 cautela,
1421 4419 1699 4481 creabat.
1743 4416 1808 4480 Si
1857 4427 2070 4480 tamen
2120 4433 2403 4497 pannum
2448 4433 2576 4480 non
2647 4422 2897 4479 tantum
2958 4429 3079 4498 ap-

484 4493 944 4571 prehendisset
1001 4497 1126 4574 sur,
1187 4498 1297 4561 sed
1347 4497 1589 4562 furtum
1658 4508 2094 4562 consumasset
2159 4497 2340 4561 illum
2385 4514 2421 4559 e
2467 4505 2781 4577 potestate
2840 4503 2908 4559 et
2967 4510 3075 4558 cu·

482 4572 688 4663 stoclia
733 4573 977 4637 domini
1027 4576 1465 4656 subducendo,
1507 4578 1764 4660 qnando
1808 4593 1981 4655 casu,
2021 4594 2080 4641 v,
2124 4595 2202 4658 g„
2247 4576 2519 4641 candela
2564 4591 2859 4652 accensa,
2905 4590 3076 4639 com·

482 4652 760 4731 buntur,
799 4654 883 4715 de
927 4655 1038 4717 illo
1086 4665 1443 4735 teneretur,
1487 4659 1656 4721 sicut
1696 4657 1936 4721 dicitur
1980 4658 2061 4723 de
2105 4659 2392 4739 qualibet
2455 4675 2525 4722 re
2594 4656 2864 4734 furtiva,
2935 4670 3075 4737 quae
