3292 5167
1253 242 1705 290 Annei-Artorius
2323 242 2334 258 ·
2634 223 2672 289 7
2680 209 2762 291 33

262 344 353 407 Ad
389 344 461 406 4:
503 342 677 418 Quod
726 344 956 407 attinet
983 343 1061 407 ad
1101 345 1334 409 lactum
1358 344 1683 408 s.Eusebii
1723 344 1826 425 qui
1874 361 2155 409 moerens
2197 356 2335 410 erat
2377 346 2456 409 de
2498 344 2765 410 subscri·

185 426 401 506 ptione
430 443 477 487 s.
510 424 796 503 Dionysii
843 427 1098 488 incaute
1143 426 1390 504 decepti
1435 427 1514 489 ab
1556 428 1818 502 arianis,
1869 427 2116 489 ironice
2158 434 2223 489 et
2264 443 2331 490 se
2375 428 2762 506 subscriptu-

172 521 325 580 „rum
370 504 996 584 promisitadversus
1025 506 1461 582 Athanasium,
1493 506 1846 568 dummodo
1895 522 2123 570 nomen
2173 507 2466 587 Dionysii
2517 506 2761 570 delere-

185 594 311 662 tur,
339 595 405 680 e}
449 586 581 663 ipse
613 587 875 663 primus,
900 595 1081 665 pater
1122 596 1271 649 ante
1312 587 1530 661 filium,
1566 587 2033 649 subscriberet:
2080 588 2244 667 quod
2297 605 2436 650 cum
2491 586 2766 651 libenter

186 669 390 730 ariani
436 665 772 743 fecissent,
803 677 953 729 tunc
1001 667 1143 729 illos
1188 671 1525 747 increpans
1556 678 1618 730 et
1664 668 1942 729 irridens
2006 668 2438 731 omnimodam
2485 668 2757 730 subscri-

182 747 424 809 tionem
496 748 770 824 negavit.
835 746 1136 810 Poterant
1197 749 1635 811 eit-omnibus
1702 763 1914 810 rerum
1994 747 2314 825 adjunctis
2381 765 2766 827 cognoscere

187 826 533 891 Eusebium
582 826 748 888 baud
796 826 1321 890 vere.simulasse
1366 843 1434 890 se
1479 830 1772 890 arianum
1818 844 1956 891 esse
2001 836 2109 890 aut
2152 828 2291 890 fieri
2339 828 2528 890 velle.

270 904 804 972 1616,Ὲίᾶοὶ
845 905 1343 968 occultam„
1393 911 1688 988 practicae
1734 909 2196 971 resolutiones:

351 987 402 1047 1.
448 986 727 1064 Rogatus
772 986 850 1050 de
897 988 1021 1050 fide
1066 992 1130 1049 in
1162 989 1377 1050 odium
1427 987 1781 1068 Religionis
1832 989 1909 1051 ab
1954 990 2334 1051 auctoritate
2379 986 2624 1067 publica
2671 986 2769 1049 vel

190 1067 483 1147 privata,
529 1070 750 1147 nequit
793 1068 1031 1132 utendo
1101 1070 1509 1130 restrictione
1540 1068 1840 1144 ‚mentali
1890 1078 1998 1131 aut
2041 1069 2258 1132 verbis
2324 1068 2636 1146 ambiguis
2683 1067 2768 1130 ita

186 1146 604 1225 respondere,
650 1156 718 1210 ut
762 1148 1185 1226 praesentibus
1229 1149 1527 1211 videatur
1575 1148 1766 1211 fidem
1816 1166 2129 1230 negasse;
2176 1148 2376 1212 multo
2420 1151 2631 1216 minus
2677 1147 2768 1208 di·

192 1243 350 1369 <licre
383 1243 451 1289 se
495 1243 635 1289 esse
680 1230 1075 1304 baereticum,
1123 1228 1527 1291 calvinistam
1556 1277 1572 1305 ,
1621 1228 1719 1292 vel
1769 1247 1896 1293 nou
1945 1229 2347 1292 catholicum.
2392 1230 2603 1303 Azor,
2650 1225 2774 1290 Fil-

220 1309 424 1370 tucius
486 1319 606 1370 etc.
970 1315 976 1324 '
2293 1353 2302 1372 .
2676 1317 2680 1326 '

351 1355 564 1460 2.’Qui
606 1399 860 1464 rogatus
890 1405 920 1449 a
954 1388 1199 1468 privata
1239 1405 1351 1451 seu
1388 1388 1635 1467 publica
1671 1392 2048 1453 auctoritate
2090 1397 2253 1452 tacet
2283 1388 2385 1451 vel
2426 1383 2771 1468 respondet

194 1467 484 1540 obscure,
529 1469 624 1531 vel
671 1471 760 1530 ait
802 1485 869 1531 se
916 1467 1085 1530 nolle
1130 1469 1538 1548 respondere,
1585 1487 1652 1532 se
1691 1471 1835 1550 Jure
1886 1473 2009 1534 non
2059 1471 2312 1547 rogari,
2362 1484 2491 1530 non
2542 1469 2772 1544 teneri,

196 1563 327 1611 non
374 1547 541 1610 velle
584 1548 729 1610 aliis
774 1549 991 1610 dicere
1033 1550 1197 1628 quod
1246 1565 1381 1627 ipse
1424 1552 1661 1618 credat,
1699 1569 1770 1612 ac
1813 1551 2004 1613 simili
2054 1554 2239 1613 modo
2288 1552 2773 1626 tergiversatur,

118 1656 129 1669 ·
197 1643 330 1691 non
365 1629 624 1691 videtur
652 1646 893 1708 negare
941 1630 1152 1705 fidem,
1183 1632 1288 1692 sed
1325 1628 1495 1693 nolle
1542 1631 1835 1711 prodere.
1868 1632 2048 1693 Unde
2079 1634 2128 1693 si
2179 1632 2300 1709 boc
2334 1630 2520 1691 modo
2567 1637 2774 1710 potest

192 1708 467 1771 molesta
516 1711 935 1789 inquisitione
985 1709 1286 1777 liberari.
1336 1709 1529 1785 licet,
1575 1720 1646 1775 ut
1705 1712 1896 1774 babet
1941 1712 2374 1785 Conincbius3
2418 1712 2773 1796 generatim

195 1790 371 1852 enim
408 1804 631 1852 verum
664 1806 787 1851 non
823 1799 919 1853 est
955 1791 1122 1869 quod
1163 1791 1594 1869 interrogatus
1640 1792 1718 1853 ab
1756 1795 2138 1856 auctoritate
2184 1789 2431 1871 publica
2481 1799 2777 1852 teneatur

88 1941 93 1954 ι
200 1870 481 1949 positive
528 1869 715 1931 fidem
750 1871 1048 1949 -profiteri
1078 1917 1094 1944 ,
1139 1872 1260 1932 nisi
1309 1873 1562 1949 quando
1610 1873 1669 1934 id
1720 1874 2150 1936 necessarium
2194 1882 2325 1946 est,
2374 1886 2454 1933 ne
2499 1887 2775 1950 praesen·

197 1949 371 2013 tibus
420 1950 713 2012 videatur
757 1952 948 2012 tidem
990 1967 1279 2030 negasse.
1325 1952 1619 2015 Ceterum
1668 1954 1716 2015 si
1766 1953 1889 2015 lioc
1942 1953 2331 2034 speculative
2375 1951 2621 2013 admitti
2671 1967 2776 2029 po·

199 2038 366 2104 test,
418 2045 544 2090 non
593 2031 675 2092 ita
723 2039 819 2093 est
861 2032 932 2092 in
997 2033 1212 2110 praxi;
1254 2048 1398 2095 cum
1432 2036 1542 2095 vix
1585 2049 1659 2096 ac
1710 2049 1790 2094 ne
1834 2036 1938 2094 vix
1984 2032 2239 2112 quidem
2297 2033 2668 2108 contingat,
2710 2040 2779 2093 ut

197 2109 461 2190 quando
505 2111 647 2187 quis
691 2126 723 2172 a
773 2112 1021 2189 publica
1069 2114 1444 2176 auctoritate
1509 2113 1759 2192 publice
1807 2116 2243 2191 interrogatur
2285 2113 2363 2173 de
2429 2112 2594 2186 fide,
2640 2111 2777 2189 ejus

199 2191 659 2272 tergiversatio
689 2192 790 2253 vel
830 2193 1231 2254 taciturnitas
1262 2209 1388 2255 non
1423 2196 1607 2256 cedat
1635 2199 1698 2255 in
1742 2195 1891 2259 fidei
1924 2203 2355 2271 contemptum
2390 2204 2454 2253 et
2491 2194 2553 2252 in
2586 2207 2779 2269 grave

199 2269 601 2334 scandalum.
648 2270 808 2334 Hinc
866 2274 1214 2351 proscripta
1262 2282 1358 2335 est
1399 2273 1514 2335 sub
1562 2290 1620 2336 n.
1668 2276 1743 2337 18
1786 2275 1865 2337 ab
1907 2274 2279 2340 Innocentio
2334 2271 2414 2334 XI
2456 2273 2590 2333 liaec
2637 2287 2775 2348 pro-

200 2353 487 2431 positio:
532 2349 604 2413 Si
643 2369 681 2413 a
714 2360 1020 2431 potestate
1056 2351 1313 2432 publica
1358 2354 1497 2432 quis
1541 2355 1999 2435 interroqatur,
2045 2354 2226 2433 fidem
2288 2354 2551 2433 ingenue
2596 2351 2778 2430 confi·

197 2434 324 2495 teri
365 2438 453 2491 ut
494 2430 612 2493 Deo
654 2440 717 2493 et
752 2432 897 2509 fidei
935 2433 1272 2512 gloriosum
1313 2434 1612 2516 consulm-
1660 2442 1865 2497 tacere
1906 2444 1980 2497 uc
2028 2434 2523 2515 peccaminosum
2562 2447 2674 2511 per
2716 2447 2780 2491 se

194 2531 321 2576 mm
377 2513 631 2574 damno.
677 2512 836 2575 Vide
881 2511 1034 2574 Viva
1082 2517 1147 2574 in
1196 2514 1360 2576 banc
1404 2518 1605 2593 ipsam
1651 2518 2166 2595 propositionem.

364 2592 424 2655 3.
470 2591 646 2654 Si·in
681 2593 896 2672 aliquo
941 2609 1089 2657 casu
1137 2604 1346 2656 tacere
1375 2603 1544 2657 esset
1590 2612 1848 2674 negare,
1890 2606 2039 2658 tunc
2076 2595 2137 2658 id
2171 2610 2298 2656 non
2348 2595 2588 2668 liceret,
2618 2608 2676 2651 v.
2705 2608 2784 2670 g.‚

203 2674 257 2737 si
305 2673 456 2735 aliis
501 2681 772 2750 rogatis,
816 2691 892 2736 an
944 2674 1132 2736 fidem
1182 2691 1415 2753 negare
1460 2675 1735 2754 vellent,
1785 2679 1990 2755 iisque
2033 2674 2571 2756 respondentibus
2615 2672 2779 2750 quod

203 2771 358 2833 non,
387 2763 453 2814 tu
488 2760 748 2817 taceres,
791 2754 1134 2831 Bonae-ina,
1174 2756 1471 2836 Layman,
1523 2755 1786 2818 Toletus.
2201 2783 2210 2793 v

369 2834 429 2896 4.
475 2830 539 2893 Si
588 2834 887 2912 princeps
930 2836 1212 2913 generali
1266 2839 1401 2914 lege
1442 2835 1685 2914 Jubeat,
1724 2847 1792 2901 ut
1837 2836 2063 2898 fideles
2110 2852 2177 2897 se
2225 2833 2515 2913 prodant,
2539 2839 2782 2911 gestato

206 2914 316 2978 tali
357 2930 548 2991 signu
593 2914 693 2976 vel
737 2913 966 2991 aliter,
1009 2916 1084 2976 ad
1135 2916 1196 2977 id
1246 2915 1465 2978 fideles
1510 2932 1636 2978 non
1687 2927 2028 2990 tenentur3
2074 2931 2217 2979 cum
2252 2930 2440 2976 nemo
2489 2922 2781 2976 teneatur

203 3011 435 3057 verum
484 2992 737 3070 dicere,
784 2997 903 3056 nisi
951 2997 1314 3074 specialiter
1358 3006 1634 3076 rogatus,
1679 2998 1912 3076 Excipe
1957 2997 2080 3058 nisi
2122 2994 2306 3057 tales*
2335 2997 2466 3056 sint
2510 2995 2774 3064 circum·

202 3077 493 3148 stantiae,
539 3085 604 3136 ut
657 3076 775 3136 hoc
820 3078 956 3153 ipso
998 3077 1164 3155 quod
1210 3093 1277 3140 se
1325 3093 1446 3139 non
1498 3078 1810 3155 prodant,
1855 3077 2195 3139 videantur
2243 3075 2430 3137 fidem
2480 3077 2785 3151 negasse,

205 3158 304 3230 uti
351 3173 410 3216 v.
460 3172 558 3229 g.,
603 3157 654 3215 si
701 3155 957 3234 quidam
1003 3167 1186 3219 antea
1237 3162 1365 3220 noti
1414 3167 1673 3232 essent,
1722 3170 1784 3221 et
1829 3169 1979 3222 tunc
2023 3174 2101 3220 ex
2148 3159 2265 3218 boc
2330 3163 2707 3233 putarentur
2751 3169 2783 3215 a

202 3237 336 3298 fide
373 3234 716 3297 defecisse.
757 3234 1059 3313 Saricha,
1103 3236 1402 3312 Bacurius,
1445 3238 1847 3318 Reqinaldus‚
1890 3238 2196 3311 Billuart,
2244 3235 2455 3299 Collet.

369 3315 430 3376 5.
478 3313 628 3376 Cum
678 3332 804 3377 non
851 3320 1095 3396 rogaris
1141 3317 1218 3379 de
1264 3319 1409 3392 fide,
1442 3335 1566 3379 non
1616 3320 1817 3381 solum
1867 3319 2034 3392 licet,
2070 3316 2179 3379 sed
2211 3332 2379 3395 saepe
2422 3313 2653 3377 melius
2684 3319 2781 3375 est

203 3396 283 3459 ad
335 3395 451 3457 Dei
503 3396 808 3457 bonorem
855 3406 920 3460 et
963 3399 1304 3460 utilitatem
1352 3400 1618 3478 proximi
1671 3399 1858 3461 fidem
1919 3409 2135 3476 tegere
2183 3412 2368 3475 quam
2415 3395 2621 3458 fateri.
2687 3393 2786 3455 Uti

202 3478 257 3539 si
298 3476 517 3539 latens
559 3476 729 3537 iuter
774 3477 1110 3540 haereticos
1165 3479 1306 3557 plus
1349 3480 1498 3541 boni
1546 3479 1774 3554 facias3
1820 3477 1922 3541 vel
1968 3481 2020 3541 si
2066 3494 2144 3539 ex
2186 3476 2589 3539 confessione
2649 3474 2787 3553 plus

202 3558 359 3620 mali
407 3566 812 3635 sequeretur,
856 3574 909 3619 v.
956 3575 1045 3636 g.,
1095 3560 1411 3635 turbatio,
1459 3576 1667 3634 neceS,
1710 3560 2118 3622 exacerbatio
2165 3562 2456 3639 tyranni,
2507 3552 2785 3634 pericula

202 3637 638 3708 defectionis,
680 3645 830 3699 etc.:
888 3637 1058 3700 unde
1123 3642 1531 3702 temerarium
1597 3639 1955 3720 plerunque
2022 3647 2119 3701 est
2182 3640 2414 3700 offerre
2480 3652 2547 3698 se
2591 3632 2781 3696 ultro.

201 3718 276 3780 D.
332 3715 622 3790 Thomas,
666 3714 966 3793 Sancliez,
1008 3719 1306 3796 Lemnian,
1355 3729 1480 3782 etc.

367 3798 431 3860 6.
483 3795 819 3860 Redimere
853 3799 1139 3876 pecunia,
1165 3815 1243 3861 ne
1269 3800 1346 3862 de
1393 3809 1496 3863 tua
1524 3799 1646 3863 lide
1685 3800 1795 3863 flat
1838 3800 2191 3880 inquisitio,
2220 3798 2409 3869 licet3
2449 3796 2580 3870 imo
2624 3808 2791 3870 saepe

200 3881 420 3941 virtus
489 3878 900 3940 discretionis
944 3890 1040 3942 est
1082 3882 1275 3942 vitam
1322 3880 1396 3943 ad
1446 3881 1555 3943 Dei
1621 3880 1892 3959 gloriam
1962 3895 2220 3942 servare
2264 3878 2451 3938 fidem
2520 3873 2790 3964 tegendo

200 3961 424 4021 modis
488 3957 700 4020 licitis.
735 3959 814 4020 At
855 3961 1081 4022 modus
1120 3960 1329 4023 licitus
1375 3977 1499 4023 non
1537 3972 1634 4022 est
1668 3964 1755 4022 uti
1804 3963 2010 4039 signis
2058 3958 2412 4021 infidelium
2439 4003 2455 4032 ,
2499 3957 2549 4015 si
2596 3953 2791 4014 alium

156 4050 394 4104 ”usum
446 4054 577 4099 non
628 4037 940 4102 haberent
974 4056 1159 4120 quam
1205 4040 1374 4121 quod
1420 4045 1549 4102 sint
1591 4046 1775 4120 sigua
1826 4040 2177 4120 professiva
2225 4037 2403 4125 falsas
2439 4034 2793 4125 religionis,

199 4123 298 4184 uti
348 4128 579 4181 essent
621 4130 867 4194 vestes,
913 4137 1175 4199 quarum
1245 4137 1393 4184 usus
1435 4131 1535 4182 est
1593 4129 1835 4184 tantum
1905 4136 2017 4198 pro
2059 4118 2435 4191 sacrificiis3
2503 4121 2791 4177 incensio

202 4203 427 4264 thuris
474 4208 587 4261 aut
628 4200 1012 4278 genuflectio
1057 4217 1265 4264 coram
1316 4198 1489 4263 idolo
1526 4215 1595 4265 ut
1646 4201 1854 4275 idol03
1898 4201 2172 4278 sumptio
2217 4212 2415 4261 coenae
2474 4195 2794 4257 haereticae

200 4298 371 4362 pure
414 4276 756 4364 religiosas.
804 4280 1102 4357 Sancliez,
1144 4281 1484 4345 Filliucius
1530 4297 1670 4345 cum
1718 4281 2059 4345 commuui.

373 4360 430 4423 7.
478 4358 751 4422 Licitum
797 4370 896 4424 est
937 4362 1243 4442 (quando
1285 4364 1503 4426 subest
1544 4378 1774 4438 causa,
1818 4379 1876 4423 v,
1920 4378 2023 4440 g.;
2066 4360 2141 4423 ad
2188 4355 2555 4447 evitandum
2600 4369 2793 4447 grave

246 4440 601 4516 ericulum,
644 4442 720 4504 ad
769 4442 1181 4505 obtinendam
1228 4448 1594 4520 victoriam,
1644 4442 1719 4504 ad
1768 4442 2123 4505 eludendos
2169 4437 2412 4518 hostes)
2457 4445 2550 4499 uti
2600 4442 2795 4496 vesti·

192 4459 327 4602 ¹Bus
372 4528 443 4582 et
489 4521 1582 4604 signisinfidelium,quae'aliquem
1628 4523 1836 4586 aliuur
1864 4525 2054 4586 'usum
2100 4520 2342 4584 babent
2375 4532 2563 4609 quam
2607 4514 2799 4605 profl-

197 4601 428 4666 teudae
462 4600 821 4680 religionis,
858 4604 1077 4682 quales
1121 4615 1271 4668 sunt
1305 4615 1512 4667 vestes
1545 4603 1691 4667 talis
1735 4605 2014 4666 nationis
2044 4605 2202 4683 (non
2242 4596 2629 4680 religionis),
2657 4611 2795 4684 qui·

196 4682 326 4747 bus
373 4680 482 4743 illa
546 4683 719 4744 natio
764 4685 1005 4764 utitur,
1048 4687 1278 4765 quibus
1319 4684 1530 4749 adhuc
1592 4693 1880 4747 uteretur
1927 4698 2232 4748 conversa
2282 4679 2598 4744 adfidem
2633 4723 2650 4752 ‚
2693 4681 2787 4737 uti
