3292 5167
448 252 534 319 36
1156 275 1268 320 un.
1314 273 1375 318 n.
1425 274 1636 320 macr.
1686 275 1742 319 v.
1792 275 1941 320 ursi».
1991 275 2032 320 1.
2080 275 2208 320 car.
2257 272 2297 319 i.

538 375 682 440 clo.
739 379 810 457 Q.
859 377 919 444 3.
969 376 1067 444 An
1114 388 1321 443 votum
1368 376 1445 444 sit
1492 397 1591 444 res
1639 376 1824 460 bona,
1869 379 2141 460 honesta,
2183 390 2398 445 sancta
2445 389 2501 444 et
2545 378 2914 445 meritoria?

540 488 610 552 R.
661 483 989 551 Lutberus
1039 471 1105 552 et'
1158 483 1463 552 Calvinus
1513 484 1906 568 docuerunt,
1974 491 2197 552 votum
2246 484 2378 552 tale
2425 475 2690 570 quidem
2743 502 2932 565 esse,
2983 483 3038 551 si

451 592 561 659 fiat
610 591 689 660 de
740 592 858 674 iis,
917 610 1067 678 quae
1125 592 1258 678 jam
1310 592 1373 660 in
1423 592 1567 678 lege
1618 599 1949 678 praecepta
2024 578 2472 679 sunt,'atque
2520 612 2598 660 ex
2661 593 2881 660 animo
2934 591 3040 657 illa

430 684 829 785 ‘expeditius
882 700 1287 786 exequendi,
1328 700 1441 768 sed
1494 719 1640 768 esse
1682 719 1819 768 rem
1853 700 2169 783 illicitam,
2224 708 2481 787 turpem
2533 708 2596 769 et
2646 700 2934 786 impiam,
2986 700 3057 769 si.

450 809 562 875 fiat
612 808 692 876 de
743 808 843 892 iis,
894 827 1042 895 quae
1094 809 1160 875 in
1208 808 1352 894 lege
1401 808 1672 876 minime
1723 815 2053 894 praecepta
2102 816 2301 893 sunt,
2352 818 2417 877 et
2464 826 2544 876 ex
2594 809 2740 877 solo
2793 809 3041 878 motivo

451 917 706 984 colendi
759 919 992 999 Deum,
1046 917 1136 982 nti
1188 927 1341 984 sunt
1390 936 1447 983 v,
1498 935 1555 1001 g.
1608 925 1754 983 vota
1806 918 2305 984 monachorum.

438 1033 442 1040 ·
543 1021 674 1090 Sed
722 1022 1074 1090 falluntur:
1124 1041 1282 1091 sane
1321 1022 1683 1108 Apostolus
1717 1023 1813 1091 sic
1852 1022 2081 1091 scribit
2114 1023 2195 1090 de
2235 1022 2464 1104 viduis,
2502 1040 2651 1107 quae
2687 1031 3045 1109 postquam

453 1129 935 1196 continentiam
1005 1132 1144 1197 Deo
1216 1129 1590 1210 vovissent,
1668 1130 1920 1198 nubere
1979 1130 2224 1197 iterum
2295 1129 2685 1226 cupiebant:
2759 1131 3048 1200 habentes

452 1235 931 1318 damnationem,
980 1238 1130 1323 quia
1168 1238 1457 1324 primam
1500 1237 1681 1323 fidem
1731 1238 1984 1304 irritam
2015 1239 2288 1321 fecerunt
2327 1237 2374 1304 ¹.
2411 1237 2528 1305 Hic
2565 1239 2862 1323 proiecto
2904 1238 3046 1323 agi·
3101 1299 3106 1306 .

453 1349 561 1409 tur
610 1342 690 1411 de
738 1364 829 1426 re,
881 1362 1031 1430 quae
1084 1343 1362 1412 minime
1408 1344 1920 1430 praecipiebatur
1967 1345 2032 1412 in
2075 1344 2238 1429 lege,
2289 1361 2528 1430 nempe
2565 1345 2658 1412 'de
2705 1346 3048 1414 continen-

454 1449 543 1516 tia
595 1458 909 1536 perpetua
955 1451 1019 1519 in
1071 1451 1185 1519 illo
1236 1458 1409 1519 statu
1461 1451 1796 1518 viduitatis
1845 1451 2195 1532 servanda3
2248 1451 2427 1537 atqui
2482 1458 2696 1520 tamen
2746 1453 2874 1521 voti
2911 1471 3050 1520 ma-

454 1557 687 1624 teriam
736 1558 1211 1642 constituebat,
1264 1566 1329 1628 et
1378 1559 1736 1645 Apostolus
1790 1575 1933 1627 eam
1969 1559 2198 1626 habuit
2241 1559 2329 1625 nti
2366 1560 2631 1641 bonam,
2670 1559 3041 1642 honestam,

454 1676 749 1733 sanctam
788 1685 861 1735 ac
896 1668 1329 1750 meritoriam,
1367 1667 1451 1733 ita
1488 1674 1558 1734 ut
1593 1666 2032 1734 damnationis
2069 1667 2464 1734 sententiam
2501 1666 2778 1734 edixerit
2813 1675 3048 1736 contra

454 1773 787 1856 muliereS,
839 1787 988 1860 (μεθ
1047 1782 1268 1842 votum
1322 1775 1480 1842 illud
1531 1774 1894 1843 voluissent
1943 1774 2336 1859 infrangere.
2389 1775 2552 1842 Hinc
2589 1775 2651 1840 in
2689 1775 2829 1859 ipsa
2874 1775 3053 1843 Scri-

456 1887 670 1966 ptura,
722 1881 897 1947 nulla
944 1891 1246 1949 votorum
1299 1881 1725 1949 distinctione
1759 1882 1944 1964 sacta,
1996 1881 2076 1949 de
2125 1881 2433 1949 omnibus
2471 1882 2638 1950 votis
2680 1882 3049 1966 generatim

457 1987 729 2056 dicitur:
784 1990 963 2055 redde
1009 1989 1328 2056 Altissimo
1378 2001 1517 2055 vota
1563 2002 1706 2055 tua:
1756 1989 2005 2074 si‘quid
2039 1990 2261 2056 vovisti
2293 1992 2440 2071 Deo,
2482 2009 2559 2056 ne
2605 1992 2867 2057 moreris
2913 1990 3060 2058 red·

456 2094 595 2160 dere
629 2089 677 2161 ².
727 2094 976 2163 Deinde
1025 2095 1076 2161 si
1130 2115 1235 2163 res
1284 2097 1370 2162 ita
1423 2114 1553 2162 non
1619 2101 1816 2177 esset,
1869 2114 1987 2162 cur
2018 2093 2331 2177 Ecclesia,
2372 2095 2678 2163 columna
2732 2097 3050 2188 veritatis,

456 2207 604 2266 vota
659 2220 786 2269 non
838 2201 1053 2268 solum
1104 2219 1368 2286 semper
1415 2200 1698 2283 admisit,
1749 2200 1867 2269 sed
1915 2210 1980 2269 et
2032 2201 2385 2286 plurimum
2455 2201 2939 2269 commendavit
2975 2199 3055 2269 ³?

461 2309 624 2375 Hinc
663 2309 798 2393 jam
846 2326 879 2375 a
928 2309 1177 2376 saeculo
1226 2309 1308 2376 IV
1356 2309 1749 2377 arcebantur
1811 2308 1872 2376 in
1948 2315 2347 2395 perpetuum
2411 2325 2444 2374 a
2515 2308 2809 2376 fidelium
2860 2328 3051 2379 com-

460 2414 775 2482 munione
822 2413 1106 2499 virgines
1156 2431 1305 2500 quae
1360 2424 1582 2482 votum
1632 2414 1954 2482 castitatis
2005 2414 2452 2496 violaverunt,
2506 2415 2596 2481 uti
2647 2424 2910 2484 constat
2972 2436 3054 2484 ex

462 2522 760 2591 Concilio
809 2522 1234 2591 Eliberitano.
1286 2560 1375 2572 -—-
1405 2521 1676 2590 Accedit
1712 2522 2107 2607 populorum
2160 2534 2558 2604 consensus,
2629 2541 2845 2609 neque
2893 2542 3055 2591 sane

461 2638 719 2696 tantum
770 2648 971 2714 penes
1021 2628 1803 2714 gentemlsraeliticam,
1864 2627 1982 2696 sed
2045 2629 2244 2696 etiam
2316 2628 2490 2715 apud
2552 2630 2853 2698 ethnicos
2901 2638 3057 2697 vota

460 2738 1018 2823 nuncupabantur
1064 2738 1142 2805 ad
1191 2737 1444 2805 cultum
1494 2735 1786 2803 divinum
1834 2738 2241 2821 spectantia,
2292 2737 2480 2823 cujus
2546 2737 2637 2805 rei
2707 2737 3052 2823 complura

465 2845 762 2930 exempla
809 2846 1008 2912 refert
1060 2845 1299 2911 Livius.
1351 2842 1616 2912 Accedit
1667 2851 1732 2911 et
1780 2842 1983 2909 ratio:
2035 2861 2153 2927 per
2197 2852 2422 2910 votum
2457 2844 2632 2910 enim
2669 2843 2875 2927 magis
2913 2861 3054 2910 ma-

460 2952 696 3038 gisque
746 2952 1045 3021 voluntas
1095 2960 1319 3020 nostra
1370 2951 1669 3018 firmatur
1717 2950 1779 3017 in
1828 2949 2007 3017 bono
2073 2956 2139 3018 et
2188 2949 2427 3018 colitur
2472 2951 2671 3034 Deus,
2722 2950 2802 3017 ad
2851 2951 3042 3036 cujus

461 3059 737 3145 gloriam
791 3068 1015 3128 votum
1064 3055 1420 3128 emittitur:
1473 3057 1651 3144 quod
1718 3056 2012 3142 profecto
2080 3053 2364 3143 pertinet
2424 3056 2504 3124 ad
2579 3058 3058 3143 perfectionem

462 3166 748 3249 virtutis,
797 3167 1080 3254 ideoque
1129 3166 1207 3234 ad
1257 3166 1585 3234 meritum.

543 3299 756 3362 Dices:
802 3317 995 3380 neque
1043 3299 1331 3362 Christus
1390 3316 1584 3379 neque
1645 3298 1930 3377 Apostoli
1990 3313 2054 3358 se
2097 3303 2234 3359 voto
2276 3294 2805 3366 obstrinoeerunt,·
2862 3314 3058 3377 porro

462 3381 734 3521 edificem,
782 3391 855 3444 ut
897 3380 1399 3473 quemadmodum
1446 3380 1572 3474 ipsi
1610 3379 1902 3458 fecerunt
1941 3383 2003 3439 et
2044 3394 2152 3468 nos
2196 3376 2529 3468 faciamus.
2882 3457 2893 3468 .
3010 3461 3021 3471 ·

601 3510 611 3520 .
658 3460 870 3534 Quoad
919 3461 1241 3523 Christum
1287 3460 1631 3522 Dominum
1678 3468 1947 3537 negatur
1992 3467 2270 3535 paritaS,
2316 3473 2456 3519 cum
2499 3472 2633 3535 ipse
2694 3473 2818 3518 non
2882 3457 3055 3518 indi-

463 3543 679 3618 guerit
722 3544 979 3603 firmare
1023 3539 1420 3603 voluntatem
1466 3556 1641 3602 suam
1689 3541 1754 3601 in
1801 3539 1985 3600 bono.
2031 3536 2207 3611 Quod
2256 3554 2405 3600 vero
2471 3546 2716 3616 spectat
2761 3536 2838 3599 ad
2888 3537 3053 3616 Apo·

463 3622 682 3694 Stolos,
728 3624 791 3684 lii
841 3622 1148 3700 implicite
1192 3623 1443 3682 vovisse
1507 3619 1958 3698 intelliguntur
2027 3620 2415 3695 pertinentia
2484 3619 2560 3680 ad
2630 3616 3059 3697 perfectionis

464 3710 721 3777 statum,
765 3719 908 3765 cum
952 3702 1295 3774 Christum,
1334 3701 1575 3762 relictis
1612 3699 1928 3775 omnibus,
1959 3708 2111 3762 sunt
2148 3701 2366 3761 secuti.
2400 3696 2531 3760 {mo
2565 3698 2796 3761 Paulus
2834 3704 3062 3760 votum

464 3782 1228 3926 fflfflssi‘tsstttutfflt
1254 3777 2374 3924 &sinantia&initiam
2411 3777 2455 3844 ⁴·

628 3903 695 4005 1.⁰
725 3942 893 4023 Opus
940 3880 1175 4006 raporum
1223 3959 1304 4004 ex
1348 3952 1490 4003 voto
1540 3941 1766 4002 melius
1801 3954 1939 4001 esse
1971 3956 2184 4019 opere,
2213 3905 2380 4019 duod
2421 3939 2491 4001 fit
2537 3939 2676 4000 sine
2711 3948 2883 4013 voto,
2924 3948 3066 4000 tum

468 4025 612 4100 quia
659 4025 820 4102 quod
868 4025 940 4088 fit
982 4040 1061 4085 ex
1103 4033 1272 4092 voto,
1319 4021 1607 4101 procedit
1670 4036 1703 4082 e
1771 4023 2003 4082 virtute
2068 4022 2541 4098 praestantiori,
2607 4035 2841 4098 nempe
2888 4017 3062 4080 Reli·

467 4104 690 4181 gione:
737 4115 867 4167 tum
913 4108 1058 4184 quia
1105 4107 1195 4165 sic
1240 4104 1442 4182 magis
1508 4101 1635 4164 Deo
1696 4116 1811 4163 nos
1856 4100 2322 4175 submittimus;
2355 4108 2488 4162 tum
2522 4101 2668 4178 quia
2702 4101 2916 4179 operis
2963 4098 3067 4161 bo·

470 4183 657 4245 nitati
705 4185 1081 4262 superaddit
1127 4184 1475 4247 bonitatem
1523 4183 1652 4243 voti
1686 4177 1733 4242 ⁵.
3043 4208 3052 4217 ·

534 4356 553 4395 ¹
588 4367 624 4414 ι,
659 4356 796 4406 Tim.
831 4368 886 4407 v.
920 4382 982 4393 —
1023 4357 1079 4405 V.
1117 4356 1374 4417 Feri-aris3
1413 4355 1473 4406 V.
1519 4354 1718 4404 Votum.
2093 4352 2118 4391 ἱ
2149 4353 2235 4402 Ps.
2274 4362 2433 4413 xmx;
2469 4352 2669 4402 EccleS.
2704 4362 2758 4401 v.

533 4421 555 4458 ⁸
598 4420 653 4468 V.
689 4420 917 4481 Bergier,
955 4419 1251 4470 Dizionario
1284 4427 1389 4468 ecc.
1428 4418 1489 4466 V.
1531 4417 1672 4467 Voto.
1708 4415 1883 4477 Neque
1918 4412 2098 4466 dicant
2137 4415 2367 4464 haeretici
2403 4417 2584 4464 votum
2612 4412 2880 4465 advorsari
2906 4409 3061 4464 liber-

469 4482 560 4532 tati
597 4482 950 4543 Evangeiicae;
988 4492 1112 4530 nam
1148 4481 1361 4531 libertas
1396 4480 1662 4542 Evangelii
1698 4478 1777 4528 est
1809 4475 2026 4526 libertas
2062 4487 2090 4525 a
2129 4480 2361 4540 peccam,
2400 4489 2504 4527 non
2545 4478 2721 4525 autem
2759 4486 2789 4523 a
2840 4474 2971 4537 lege,
3032 4486 3060 4524 a

470 4546 752 4607 praeceptO,
788 4544 881 4592 ant
913 4555 943 4592 a
978 4543 1192 4593 vinculo
1225 4554 1584 4605 quocumque,
1620 4539 1763 4605 quod
1808 4538 2008 4598 fideleS,
2063 4539 2279 4600 majoris
2331 4537 2665 4600 perfectionis
2718 4547 2901 4598 causa,
2958 4536 3063 4587 sibi

470 4606 769 4656 voluntarie
805 4606 1030 4667 possunt
1061 4605 1354 4666 imponere.
2827 4661 2836 4670 ο

535 4667 557 4707 ⁴
602 4669 651 4717 V.
687 4667 942 4730 A-Lapide
975 4668 1029 4716 in
1067 4677 1114 4715 c.
1150 4678 1240 4716 xxi
1278 4667 1384 4716 Act.
1420 4667 1593 4727 Apost.
1627 4691 1693 4702 —
1725 4662 1971 4722 Billuart;
2010 4663 2060 4713 ei
2093 4660 2458 4721 Bellarminus,
2496 4662 2567 4710 De
2598 4660 2879 4720 monachas,
2910 4660 3071 4711 c.15.

535 4730 558 4769 ⁸
593 4730 639 4781 S.
675 4730 908 4781 Thomas
941 4731 989 4790 2,
1022 4732 1071 4789 Ξ,
1106 4739 1158 4791 q.
1192 4731 1273 4788 88,
1307 4739 1353 4777 a.
1386 4730 1433 4777 6.
1466 4753 1529 4765 -
1570 4727 1626 4776 V.
1665 4725 1894 4786 Lignori,
1932 4724 2023 4786 Op.
2046 4724 2200 4783 Mor„
2242 4722 2276 4772 l.
2314 4735 2389 4784 in,
2421 4733 2514 4772 nn.
2551 4725 2640 4775 178
2677 4725 2728 4773 et
2758 4723 2870 4773 210.
