3292 5167
1292 213 1742 276 sonoram-tomas
2686 194 2813 270 723

214 317 518 396 pietatis,
564 314 901 380 anatliema
942 319 1047 379 sit.
1092 315 1292 396 Hujus
1333 315 1601 380 canonis
1643 314 1962 395 objectum
2008 332 2123 397 per
2164 332 2233 380 se
2274 331 2513 381 meram
2541 316 2820 398 attingit

220 395 691 477 disciplinam;
746 405 1028 459 attamen
1091 411 1296 459 canon
1362 396 1758 476 dogmaticus
1819 407 1937 469 est,
1999 414 2073 460 eo
2137 397 2318 477 quod
2365 401 2469 476 jus
2535 397 2820 462 involvat

216 492 338 540 seu
405 486 786 557 potestatem
848 476 1150 540 Ecclesiae
1214 478 1281 538 in
1349 475 1459 539 tali
1518 476 1854 556 disciplina
1912 478 2255 540 sancienda
2322 476 2819 558 (Tridentinum,

216 573 380 620 sess.
462 569 632 633 κως
700 573 835 619 can.
881 556 965 635 7).
1043 556 1101 618 V.
1167 557 1484 635 Perrone,
1545 556 1904 638 Disputatio
1973 556 2335 639 Theoloqica
2396 559 2468 621 de
2522 561 2815 623 immacu»

217 636 355 700 lato
417 637 492 701 B.
536 637 618 702 M.
674 635 735 700 V.
785 636 1110 717 conceptu.
2153 661 2160 670 ·
2713 655 2749 716 .'

299 716 526 784 Nou:
570 718 949 797 propositio,
1001 734 1144 798 quae
1187 718 1533 781 annuntiat
1576 733 1710 780 rem
1778 717 1966 779 sicuti
2029 726 2145 793 est,
2209 718 2320 780 sed
2388 720 2452 780 in
2518 720 2806 799 deposito

221 796 672 886 Revelationis
709 816 838 861 non
875 798 1244 862 immediate
1287 808 1675 874 contentam,
1721 796 1957 859 dicitur
1985 807 2181 875 certa,
2210 801 2304 860 nti
2336 810 2431 861 est
2461 802 2807 879 propositio

215 894 365 957 quae
419 879 607 942 docet
649 879 787 943 dari
833 887 1011 942 actus
1053 882 1118 942 in
1164 882 1377 959 specie
1438 896 1550 943 sua
1616 886 1682 939 et
1724 877 1791 939 in
1834 877 2153 941 abstracto
2230 878 2697 943 indifferentes.
2748 878 2813 943 Si

215 975 379 1022 vero
429 960 759 1039 gravibuS‚
805 960 915 1022 sed
961 975 1090 1022 non
1139 959 1533 1021 inconcussis
1581 958 1824 1021 nitatur
1869 959 2230 1032 momentis,
2292 965 2537 1021 tantum
2578 958 2805 1039 proba·

218 1036 373 1103 bilis
425 1040 683 1117 dicitur,
730 1047 798 1103 ut
839 1049 989 1104 sunt
1029 1039 1497 1117 Theologorum
1541 1039 1996 1117 opiniones;si
2029 1040 2202 1101 enim
2235 1037 2442 1102 adhuc
2471 1041 2807 1119 opiniones

218 1129 400 1195 sunt,
447 1121 529 1186 de
572 1119 1040 1199 probabilitatis
1086 1119 1320 1182 finibus
1366 1136 1493 1181 non
1538 1127 1793 1181 exeunt.
1839 1118 1917 1180 At
1946 1120 1996 1180 si
2034 1119 2383 1198 propositio
2422 1121 2487 1182 in
2520 1121 2809 1201 deposito

217 1199 475 1265 divinae
519 1200 955 1266 Revelationis
997 1201 1081 1262 sit
1123 1208 1444 1274 contenta,
1500 1199 1659 1260 adeo
1727 1209 1794 1261 ut
1859 1196 2023 1261 nihil
2068 1197 2341 1278 amplius
2387 1198 2570 1277 desit,
2607 1211 2674 1265 ut
2716 1203 2801 1265 sit

216 1280 351 1344 fide
395 1281 706 1346 catholica
750 1280 1091 1358 credenda,
1136 1281 1259 1342 nisi
1302 1278 1602 1342 Ecclesiae
1646 1279 1960 1355 definitio,
2005 1279 2244 1343 dicitur
2317 1283 2616 1360 proxima
2648 1281 2809 1362 fidei.

1265 1521 1385 1603 (e)
1428 1522 1585 1602 paq.
1626 1521 1767 1585 on.

296 1743 572 1806 111⁰AE-
618 1745 793 1820 Quod
863 1746 1145 1823 pertinet
1209 1743 1283 1806 ad
1354 1746 1672 1823 privatum
1723 1744 1904 1807 illum
1950 1745 2050 1808 cui
2099 1745 2431 1825 speciatim
2490 1746 2560 1809 fit
2623 1764 2797 1811 reve·

215 1824 397 1901 latio,
444 1835 598 1889 sunt
640 1829 746 1906 qui
792 1841 935 1888 cum
978 1822 1144 1886 Gotti
1174 1822 1425 1899 docent,
1472 1826 1634 1887 hanc
1680 1824 1854 1888 credi
1889 1824 1967 1887 ab
1999 1826 2135 1905 ipso
2186 1826 2424 1888 debere
2462 1826 2588 1891 fide
2623 1829 2799 1892 theo·

219 1905 476 1984 logica:
521 1918 585 1968 et
629 1915 1096 1987 consequenter
1159 1921 1555 1984 quascunque
1601 1906 1718 1985 ipsi
1766 1905 2136 1969 revelantur
2179 1922 2211 1969 a
2258 1907 2429 1980 Deo,
2488 1923 2628 1971 esse
2694 1909 2804 1971 ob-

211 1987 466 2065 jectum
512 1987 844 2050 materiale
892 1986 1040 2048 fidei
1087 1985 1358 2061 divinae;
1401 2001 1542 2048 cum
1589 1987 1790 2065 prima
1853 1985 2103 2051 Veritas
2167 1990 2251 2049 sit
2316 1990 2478 2049 ratio
2547 1994 2801 2068 propria

214 2074 280 2130 et
327 2068 622 2144 proxima
669 2064 1064 2131 assentiendi
1111 2065 1405 2129 omnibus
1450 2084 1590 2145 quae
1636 2065 2007 2129 revelantur
2072 2067 2559 2148 quibuscunque
2624 2087 2800 2133 reve·

214 2146 462 2209 lentur.
498 2144 618 2216 Sed
647 2158 885 2228 negant
928 2145 1037 2208 alii
1074 2145 1274 2225 ipsum
1323 2162 1504 2227 posse
1543 2148 1808 2224 privatae
1840 2146 2233 2211 Revelationi
2269 2148 2534 2211 credere
2566 2166 2644 2213 ex
2676 2149 2800 2215 fide

211 2227 559 2303 catholica,
595 2245 714 2308 qua
748 2229 1134 2291 christianus
1179 2235 1312 2300 est3
1357 2243 1498 2290 cum
1548 2229 1682 2289 baec
1727 2228 2034 2290 revelatio
2081 2245 2206 2290 non
2265 2233 2672 2296 contineatur
2737 2233 2799 2295 in

214 2307 469 2370 ambitu
534 2309 765 2388 obJ'ecti
811 2306 1099 2372 formalis
1141 2306 1470 2370 catholicae
1516 2307 1687 2381 fidei,
1731 2307 1840 2369 sed
1906 2325 1985 2370 ex
2048 2308 2173 2371 alio
2232 2309 2493 2388 speciali
2561 2311 2801 2375 lumine

212 2404 502 2467 superno
530 2400 806 2453 eruatur.
833 2421 907 2434 —
947 2387 1003 2450 Γ.
1029 2386 1406 2452 Benedictus
1435 2385 1592 2465 xlv,
1627 2386 1712 2449 De
1743 2387 2115 2469 Beatificat.,
2138 2387 2175 2451 1.
2203 2406 2299 2465 ιιι,
2336 2407 2386 2452 c.
2433 2391 2545 2454 ult.
2589 2427 2665 2437 —
2696 2391 2796 2454 Li-

211 2473 424 2611 gssmri’
469 2467 658 2532 Homo
704 2470 936 2612 Agost„
980 2468 1251 2548 append.
1311 2467 1392 2544 1⁸,
1437 2484 1496 2530 n.
1545 2467 1641 2545 19,
1690 2467 1797 2531 ubi
1841 2470 2034 2534 etiam
2080 2473 2292 2550 agitur
2337 2470 2414 2532 de
2465 2471 2797 2536 locutioni-

280 2567 355 2612 us
402 2558 474 2611 et
516 2551 745 2612 visioni
799 2566 889 2613 us.
1648 2558 1684 2610 .“

294 2627 362 2704 Q.
410 2633 442 2691 1
483 2628 642 2703 Quia
668 2647 850 2710 aye-re
879 2625 1051 2691 debet
1077 2628 1503 2709 confessarius
1536 2645 1677 2691 cum
1702 2630 2053 2708 poenitente,
2083 2630 2192 2710 qui
2220 2627 2341 2694 sibi
2368 2648 2409 2693 a
2436 2630 2556 2694 Deo
2584 2630 2796 2710 factas

214 2710 631 2773 revelationes
674 2711 997 2791 affirmat?
1885 2775 1904 2790 ,
2849 2771 2858 2780 ,

295 2789 369 2852 R.
420 2787 860 2854 Gonfessarius
902 2788 1240 2854 admodum
1287 2795 1471 2851 caute
1517 2788 1839 2866 procedat,
1882 2791 2156 2852 maxime
2201 2804 2342 2851 cum
2388 2789 2786 2866 mulieribuS‚

216 2868 305 2932 ita
334 2878 406 2934 ut
442 2887 570 2932 non
601 2873 684 2934 sit
709 2872 900 2934 nimis
922 2867 1243 2943 credulus,
1272 2867 1379 2931 sed
1418 2884 1624 2947 neque
1670 2870 1931 2930 omnino
1977 2868 2380 2932 incredulus:
2411 2870 2794 2935 Proemonen·

213 2949 330 3013 dus
356 2951 575 3013 'lector
616 2950 759 3026 esc,¹
785 2952 992 3031 inquit
1038 2950 1440 3013 doctissimus
1470 2949 1735 3025 BlosiuS,
1769 2968 1843 3012 ne
1876 2967 2234 3029 perversum
2268 2953 2658 3029 quorundam
2693 2951 2791 3015 lto·

214 3033 462 3094 minam
491 3031 808 3109 jndieivm
849 3038 1169 3111 sequatur,
1212 3030 1320 3110 qui
1360 3030 1767 3093 revelationes
1824 3037 1887 3091 et
1950 3031 2216 3094 visiones
2277 3049 2386 3093 ceu
2448 3034 2793 3095 vanissima

215 3112 461 3174 somnia
502 3114 934 3176 contemnendo
974 3129 1038 3174 se
1078 3127 1303 3192 parum
1344 3110 1711 3188 spirituales
1754 3127 1881 3173 esse
1922 3117 2259 3175 ostentant.
2303 3111 2430 3173 Hac
2474 3111 2551 3175 de
2599 3128 2710 3177 re:

379 3192 436 3254 1.
478 3191 703 3258 lubeat
747 3192 1108 3272 poenitenti,
1150 3201 1219 3253 ut
1261 3190 1380 3253 sibi
1429 3191 1670 3258 referat,
1709 3192 1963 3267 omnia,
2026 3207 2168 3270 quae
2229 3192 2403 3255 videt
2468 3201 2536 3255 et
2617 3193 2796 3256 audit

217 3273 352 3334 sive
396 3289 549 3335 vera
592 3275 725 3337 sive
768 3273 966 3337 falsa:
1014 3276 1144 3352 ipsa
1194 3280 1399 3334 tamen
1434 3287 1638 3350 neque
1670 3270 1750 3332 de
1787 3271 1865 3332 iis
1896 3271 2363 3350 cognoscendis
2396 3272 2792 3337 desiderium

220 3353 540 3429 ostendat,
579 3372 716 3429 nec,
745 3371 885 3435 quae
930 3353 1051 3416 sibi
1098 3351 1616 3426 manifestantur,
1660 3350 1804 3412 aliis
1846 3354 2108 3430 aperiat.
2208 3401 2219 3418 .

378 3431 437 3497 2.
479 3433 730 3511 Caveat,
774 3451 852 3497 ne
897 3433 1281 3514 peculiarem
1326 3431 1868 3493 existimationem
1916 3433 2144 3495 animae
2178 3430 2349 3494 illius
2394 3432 2797 3508 manifestet;

218 3512 430 3578 multo
474 3517 686 3577 minus
729 3513 890 3578 alios
934 3514 1009 3577 ad
1059 3512 1232 3575 illam
1277 3514 1506 3589 mittat,
1552 3520 1619 3574 ut
1663 3527 1802 3589 ejus
1846 3513 2140 3590 precibus
2183 3530 2252 3576 se
2323 3515 2791 3576 commendent.

217 3590 351 3656 imo
399 3595 694 3658 ostendat
735 3611 803 3656 se
847 3593 1023 3657 illam
1068 3609 1196 3656 non
1244 3593 1454 3678 face-re
1512 3593 1774 3671 majoris
1838 3608 2025 3681 quam
2089 3603 2374 3669 ceteraS,
2433 3596 2650 3674 sicque
2713 3597 2785 3656 in

216 3672 588 3738 humilitate
631 3684 693 3738 et
740 3675 968 3739 timore
1013 3675 1281 3737 eandem
1327 3675 1670 3735 contineat.
2502 3749 2508 3755 ἢ

379 3753 435 3817 3.
479 3754 543 3817 Si
592 3756 901 3835 percipiat
943 3756 1142 3833 ipsam
1189 3755 1254 3815 in
1301 3754 1696 3833 perfectione
1742 3751 2075 3832 proficere,
2118 3751 2394 3831 adjuvet,
2438 3761 2502 3815 et
2547 3752 2792 3815 animo-

215 3831 455 3897 siorem
502 3836 716 3904 faciat,
760 3836 849 3898 uti
896 3834 1173 3897 Historia
1211 3834 1638 3896 ecclesiastica
1677 3850 1790 3896 nos
1819 3833 2004 3896 docet
2033 3833 2262 3896 fecisse
2299 3850 2346 3894 s.
2377 3833 2789 3896 Franciscum

215 3911 471 3993 Borgia,
520 3925 585 3979 et
626 3917 683 3979 b.
730 3915 1127 3978 d’Alcantara
1174 3929 1408 3980 cums.
1452 3913 1777 3982 Therasia,
1821 3931 2008 3992 quam
2059 3923 2253 3979 tutam
2320 3912 2618 3977 fecerunt
2681 3930 2783 3976 su·

216 3995 650 4073 pei-naturalia
700 3997 885 4075 dona,
928 3995 1157 4076 quibus
1198 3993 1565 4073 effulgebat,
1608 4011 1759 4057 vere
1803 4010 1942 4056 esse
1973 4011 2006 4057 a
2051 3995 2210 4057 Deo(

378 4078 431 4139 4.
476 4076 628 4140 Eam
674 4077 990 4151 hortetur,
1038 4084 1108 4138 ut
1151 4076 1338 4137 initio
1381 4077 1691 4138 orationis
1723 4074 1813 4137 uti
1848 4073 2228 4154 praeludinm
2263 4088 2390 4152 pree
2421 4072 2621 4137 oculis
2663 4072 2785 4136 sibi

216 4166 416 4233 ponat
458 4157 715 4237 aliquod
761 4159 911 4221 vitae
955 4167 1019 4220 et
1063 4155 1375 4234 passionis
1417 4154 1654 4218 Christi
1701 4153 1949 4218 Domini
2001 4156 2201 4216 nostri
2247 4164 2455 4233 caput.

377 4237 433 4298 5.
478 4236 650 4301 Sciat
691 4237 856 4319 quod
905 4238 1169 4317 privatae
1213 4237 1658 4312 revelationes,
1700 4235 1867 4298 sicut
1908 4243 1973 4297 et
2014 4238 2295 4297 visiones
2360 4234 2647 4313 qaaedam
2715 4242 2781 4297 et

216 4309 572 4381 locutiones
599 4318 1143 4399 supernaturales,
1191 4333 1331 4379 esse
1376 4325 1642 4397 possunt
1683 4316 1877 4379 etiam
1922 4330 1956 4378 a
2001 4315 2309 4391 daemone,
2338 4315 2442 4394 qui
2482 4324 2577 4376 est
2610 4325 2788 4393 pater

215 4398 572 4474 mendacii3
617 4399 759 4462 ideo
804 4400 1140 4480 prudentia
1188 4398 1462 4460 maxima
1510 4413 1665 4476 opus
1709 4397 1903 4458 habet
1935 4394 2391 4466 confessarius.
2438 4394 2625 4478 Certo
2685 4411 2781 4456 es·

218 4486 363 4539 sent
405 4498 434 4544 a
485 4479 670 4545 Patre
702 4480 1039 4553 mendacii,
1087 4481 1137 4541 si
1184 4485 1402 4540 essent
1435 4490 1656 4540 contra
1689 4479 1853 4540 ritus
1881 4475 2202 4552 Ecclesiae,
2233 4485 2451 4538 contra
2483 4473 2785 4538 Ecclesiae

215 4571 479 4634 morem,
500 4571 720 4625 contra
748 4575 1114 4623 communes
1147 4558 1484 4622 Doctorum
1517 4567 1581 4620 et
1618 4556 2048 4620 Asceticorum
2101 4555 2372 4636 regulas
2402 4555 2478 4617 Et
2510 4556 2780 4634 hujusce

215 4635 695 4731 allucinationis
757 4640 1044 4720 exempla
1111 4655 1317 4720 neque
1363 4639 1598 4701 nostris
1645 4639 2035 4718 temporibus
2079 4637 2348 4701 desunt:
2411 4638 2558 4701 vide
2632 4636 2828 4698 Ber-⁴
