3292 5167
524 299 654 365 142
1544 317 1660 363 tin.
1707 318 1773 366 ιι.
1820 318 2035 367 rum.
2081 290 2143 366 v.
2228 367 2245 379 „

522 419 731 483 adhuc
773 417 1106 493 satisfacit,
1139 417 1297 498 'quia
1355 422 1607 497 semper
1663 427 2037 499 perseverat
2103 422 2377 483 attentio
2436 421 2646 499 prima
2712 416 3123 495 attendendi,

524 498 727 562 donec
769 514 912 561 cum
958 497 1142 590 plena
1200 497 1604 562 advertentis
1644 514 1773 562 non
1806 498 2006 564 fuerit
2039 508 2357 564 revocata.
2392 499 2545 564 Nam
2575 501 2636 562 si
2668 516 2789 578 res,
2813 516 2929 579 per
3007 517 3133 564 aas

519 595 749 642 causas
794 586 1106 656 nascitur,
1142 594 1259 658 per
1302 579 1552 642 easdem
1591 580 1858 644 dissolvi
1896 578 2075 645 debet
2094 601 2123 653 ,·
2168 580 2313 645 ideo
2376 583 2656 644 intentio
2719 596 2863 644 cum
2929 598 2969 660 p
2998 597 3125 644 ena

520 659 988 723 deliberatione
1034 661 1212 741 prius
1264 669 1594 739 concepta,
1623 661 1779 724 'tolli
1828 676 1958 723 non
1990 668 2222 741 potest,
2250 662 2376 724 nisi
2408 678 2553 735 cum
2583 660 2710 725 alia
2742 665 2899 725 item
2930 660 3129 741 plena

520 739 989 803 deliberatione
1033 746 1442 803 retractetur.
1488 740 1653 803 Hinc
1688 757 2027 804 commune
2071 753 2190 818 est,
2230 741 2396 821 quod
2443 759 2497 805 si
2561 745 2705 822 quis
2767 740 3135 806 advertens

519 837 588 883 se
624 820 1157 885 distractionibus
1204 820 1433 897 teneri,
1479 819 2053 885 adhibeatcontra
2087 820 2231 885 illas
2260 821 2650 885 mediocrem
2687 820 3137 901 diligentiam,

517 916 648 1045 39η
698 910 934 979 peccat.
982 901 1044 963 t'.
1073 900 1208 963 Lib.
1247 917 1335 978 iv,
1369 901 1644 980 Append.
1675 901 1784 965 ubi
1820 902 2096 982 plurima
2141 901 2476 966 docuimus
2511 901 2721 983 quoad
2763 903 3133 983 scrupulosi·

560 983 937 1045 tractionem.

595 1061 819 1124 2⁰⁰.
863 1060 1163 1123 Modus
1202 1059 1674 1122 servandus
1713 1059 1798 1121 iu
1841 1059 2341 1124 recitatione
2378 1057 2697 1123 omens

599 1141 667 1215 Q.
713 1145 764 1204 1.
803 1141 965 1217 Quid
1004 1145 1061 1204 si
1100 1159 1231 1204 una
1271 1141 1446 1203 Hora
1487 1144 1581 1204 vel
1622 1159 1787 1204 unus
1832 1143 2121 1205 Psalmas
2151 1144 2464 1206 interram
2507 1149 2660 1204 atur
2693 1140 3139 1206 notabiliter?

601 1222 668 1285 R.
716 1223 836 1284 Alii
884 1224 1067 1302 ajunt
1110 1231 1304 1285 totam
1348 1238 1488 1284 esse
1533 1222 1971 1302 repetendam.
1996 1223 2229 1286 Horam
2273 1223 2378 1286 vel
2496 1221 2768 1287 salmum
2836 1225 3129 1287 interru-

517 1310 720 1445 ἔωσι,
763 1305 910 1383 quia
955 1302 1201 1366 sublata
1250 1302 1372 1365 ruit
1417 1304 1627 1365 unitas
1676 1307 2065 1382 praescripta.
2112 1304 2240 1366 Alii
2284 1305 2690 1367 communius
2752 1313 2819 1364 et
2884 1303 3127 1383 proba·

567 1383 717 1447 ilius
761 1393 1019 1463 negant,
1063 1386 1208 1463 quia
1254 1381 1492 1461 singuli
1539 1383 1772 1445 Psalmi
1817 1400 1890 1446 ac
1936 1399 2158 1447 versus
2197 1385 2579 1463 completam
2628 1383 2869 1446 babent
2910 1385 3126 1464 signi·

520 1463 908 1541 ficationem,
950 1473 1015 1527 et
1058 1465 1212 1526 satis
1256 1465 1576 1525 uniuntur
1621 1480 1736 1542 per
1782 1464 2210 1527 intentionem
2255 1463 2688 1527 continuandi
2737 1463 2835 1526 vel
2882 1481 2997 1542 per
3032 1480 3131 1526 re·

521 1543 890 1609 citationem
937 1544 1457 1623 subsequentem,
1499 1544 1652 1606 licet
1694 1545 2039 1607 venialiter
2077 1555 2297 1624 peccet
2340 1548 2444 1624 qui
2494 1544 2735 1606 nullam
2784 1543 2985 1608 habet
3020 1547 3151 1606 iii-²

522 1624 966 1705 tei-rumpendi
1012 1639 1303 1697 causam3
1346 1624 1494 1702 quia
1541 1626 1685 1686 sine
1729 1625 1981 1687 ratione
2027 1636 2470 1705 praescriptam
2512 1624 2592 1687 ab
2638 1625 2918 1687 Ecclesia
2968 1629 3117 1687 uni·

520 1712 716 1768 tatem
760 1707 1020 1784 rumpit.
1068 1704 1154 1769 lta
1201 1703 1411 1779 Croix,
1454 1702 1730 1778 Lessius,
1771 1704 2078 1778 Sancbez‚
2120 1703 2355 1785 Sporer
2390 1707 2631 1785 aliique
2657 1704 3141 1784 plures,1ustae

520 1795 732 1849 autem
781 1785 1296 1866 interrumpendi
1339 1800 1548 1847 causae
1593 1787 2019 1848 communiter
2063 1785 2417 1850 habentur:

684 1866 748 1946 l)
792 1866 1107 1941 Quaslibet
1141 1866 1389 1929 utilitas
1421 1866 1673 1944 propria
1706 1866 1809 1927 vel
1840 1866 2073 1942 aliena,
2105 1883 2247 1946 quae
2281 1869 2424 1929 sine
2459 1865 2674 1945 aliquo
2713 1865 3141 1929 incommodo

522 1945 776 2009 differri
823 1954 952 2010 no'n
997 1954 1245 2026 posset;
1288 1945 1355 2025 2)
1401 1948 1568 2008 ratio
1613 1939 2001 2008 urbanitatis
2046 1948 2145 2009 vel
2191 1948 2552 2022 charitatis„
2595 1956 2659 2010 et
2717 1945 2918 2010 multo
2986 1962 3131 2010 ma-

521 2026 619 2105 gis
665 2028 829 2089 ratio
873 2026 1234 2108 exequendi
1280 2025 1580 2088 mandata
1627 2028 2070 2104 superiorum3
2114 2027 2179 2106 3)
2208 2033 2260 2091 si
2307 2025 2689 2107 excipienda
2738 2027 2823 2087 sit
2863 2025 3135 2090 Confes-

522 2107 617 2168 sio
660 2108 952 2188 aliqu‘us‚
993 2111 1262 2188 quinon
1298 2106 1580 2169 libenter
1623 2115 2029 2184 expectaret3
2070 2109 2136 2187 4)
2182 2110 2232 2169 si
2277 2107 2441 2173 velis
2485 2106 2725 2186 aliquid
2773 2121 2967 2186 agere
3009 2118 3159 2185 aut,

521 2186 856 2265 adnotare,
898 2197 969 2251 ut
1015 2187 1199 2251 tollas
1243 2187 1731 2249 distractionem
1776 2188 1913 2248 sive
1957 2187 2488 2264 sollicitudinem,
2536 2204 2596 2251 v.
2626 2204 2708 2265 g„
2756 2203 2836 2248 ne
2881 2187 3129 2250 oblivi-

523 2269 741 2344 scaris,
776 2269 966 2331 modo
1012 2278 1138 2331 non
1188 2267 1562 2346 frequenter
1607 2270 1694 2329 ita
1740 2267 1879 2340 flat;
1926 2270 2071 2346 quia
2121 2270 2424 2346 frequens
2468 2269 2865 2346 interruptio
2906 2267 2989 2330 ob
3026 2278 3129 2332 ta-

520 2344 649 2410 lem
695 2365 946 2411 causam
990 2348 1202 2429 aliqua
1251 2350 1681 2411 irreverentia
1726 2363 1855 2410 non
1901 2359 2117 2424 caret;
2157 2350 2224 2429 5)
2273 2350 2448 2412 licite
2492 2350 2689 2412 etiam
2756 2356 2966 2426 potest
3012 2350 3121 2411 in·

523 2429 732 2507 terjici
779 2430 992 2510 aliqua
1029 2429 1244 2493 brevis
1286 2430 1493 2491 oratio
1540 2430 1714 2490 inter
1758 2428 2099 2505 orandum,
2141 2428 2238 2492 vel
2283 2429 2520 2509 aliquis
2565 2428 2893 2490 interdum
2964 2431 3131 2507 pius

522 2508 740 2571 cordis
784 2512 1068 2572 aflectus.
1113 2509 1250 2572 Non
1300 2517 1508 2572 tamen
1557 2507 1804 2583 liceret,
1847 2509 2204 2572 meditandi
2251 2516 2492 2589 gratia,
2534 2510 2603 2572 in
2671 2510 2811 2571 istis
2869 2508 3135 2574 diutius

521 2596 586 2651 et
631 2587 1008 2669 frequenter
1051 2590 1417 2663 immosari3
1456 2589 1604 2668 quia
1650 2590 1818 2651 ratio
1856 2592 2283 2666 recitationis,
2328 2608 2441 2655 seu
2497 2591 2811 2653 orationis
2874 2590 3143 2655 vocalis

522 2684 650 2731 non
696 2672 853 2733 satis
897 2680 1295 2734 servaretur:
1345 2672 1499 2732 item
1544 2670 1597 2731 si
1642 2669 1888 2731 vocalis
1931 2672 2139 2733 oratio
2184 2673 2437 2751 longior
2479 2680 2546 2734 et
2607 2670 2877 2732 minime
2927 2674 3141 2749 perti·

521 2766 683 2812 nens
727 2751 804 2813 ad
850 2750 1140 2815 Officium
1184 2751 1510 2814 diceretur
1525 2767 1542 2823 ς
1627 2766 1734 2812 ars
1770 2751 1947 2812 enim
1977 2751 2281 2815 notabilis
2310 2751 2659 2815 adderetur
2705 2749 2914 2826 Horis,
2944 2751 3131 2831 quod

523 2839 699 2893 esset
742 2830 1016 2906 veniale,
1060 2840 1280 2911 utpote
1324 2839 1544 2892 contra
1617 2846 1866 2893 ormam
1956 2834 2372 2911 raescriptam.
3134 2874 3141 2877 -

595 2909 804 2972 2⁰1.
848 2910 916 2985 Q.
958 2912 1016 2974 2.
1061 2912 1163 2974 An
1206 2918 1413 2991 peccet
1453 2911 1562 2990 qui
1603 2913 1842 2974 recitat
1935 2912 2169 2991 fficium
2209 2913 2304 2974 vel
2346 2913 2417 2976 t'n
2476 2912 2771 2987 mortali,
2833 2908 2928 2974 vel
2992 2928 3133 2977 noa

517 2993 820 3054 servando
864 2991 1175 3055 Rubricas
1210 2993 1278 3055 in
1319 2989 1565 3061 stando,
1610 2993 2093 3073 genuflectendo,
2135 3001 2250 3055 etc.
2273 2996 2306 3056 9

599 3070 670 3136 R.
711 3072 805 3133 Ad
852 3074 922 3135 l:
964 3071 1195 3137 Verius
1239 3081 1304 3135 et
1348 3075 1771 3146 communius,
1822 3074 1930 3151 qui
1973 3072 2264 3137 Officium
2307 3073 2538 3134 recitat
2581 3070 2649 3132 in
2680 3069 2939 3133 mortali
2972 3074 3123 3134 exi·

519 3157 716 3229 stens,
760 3152 1075 3215 satisfacit
1116 3161 1181 3216 et
1227 3168 1354 3214 non
1401 3161 1619 3231 peccat
1660 3151 2057 3229 mortaliter;
2100 3155 2248 3233 quia
2290 3168 2371 3215 ex
2401 3167 2525 3214 una
2564 3161 2743 3230 parte
2771 3166 2901 3215 uon
2927 3166 3127 3215 exer·

518 3239 622 3293 cet
663 3241 874 3295 actum
919 3233 1182 3297 Ordinis
1225 3234 1433 3296 sacri:
1469 3249 1548 3295 ex
1590 3231 1715 3294 alia
1752 3232 2042 3312 quamvis
2079 3233 2244 3297 nibil
2274 3241 2602 3296 mereatur
2642 3231 2723 3296 de
2761 3231 3132 3312 condigno,

519 3313 665 3390 quia
713 3323 927 3376 tamen
972 3323 1113 3379 orat
1157 3315 1419 3376 nomine
1463 3313 1787 3387 Ecclesiae,
1832 3313 1996 3377 bene
2043 3330 2155 3392 pro
2190 3313 2336 3377 aliis
2381 3312 2668 3386 obtinet3
2713 3328 2857 3375 cum
2901 3312 3133 3376 Eccle-

520 3392 610 3453 sia
658 3393 967 3472 suppleat.
1014 3394 1194 3457 Unde
1238 3393 1405 3474 quod
1431 3401 1573 3455 oret
1602 3394 1863 3456 nomine
1893 3393 2196 3457 Ecclesiae
2236 3399 2303 3457 in
2341 3392 2599 3455 mortali
2637 3393 2949 3469 existens,
2984 3406 3137 3456 non.

521 3471 780 3536 videtur
826 3476 1251 3537 irreverentia
1299 3475 1378 3536 de
1423 3474 1677 3537 mortali
1725 3473 2111 3538 damnanda.

600 3552 669 3614 R.
714 3554 803 3615 Ad
843 3555 920 3615 2:
967 3553 1035 3616 ln
1093 3556 1287 3617 cboro
1335 3557 1682 3617 recitantes
1723 3553 2024 3625 Officium.
2060 3553 2455 3634 probabilius
2494 3560 2786 3632 peccant,
2846 3552 2898 3613 si
2970 3551 3127 3616 abs-

520 3650 643 3712 que
688 3633 874 3697 ca'usa
920 3637 1338 3698 caeremonias
1383 3650 1511 3696 non
1557 3642 1849 3711 servent,
1893 3637 2039 3715 quia
2110 3645 2380 3714 agerent
2442 3643 2663 3697 contra
2731 3631 3131 3697 Rubricam:

518 3713 657 3776 haec
703 3725 915 3777 tamen
959 3716 1218 3778 omissio
1266 3730 1392 3777 non
1437 3716 1693 3779 excedit
1736 3715 1989 3780 veniale
2025 3732 2101 3779 ex
2148 3716 2437 3779 materiae
2524 3713 2818 3777 arvitate.
2866 3711 3121 3779 Verum

519 3805 696 3857 extra
746 3797 1011 3857 chorum
1045 3811 1394 3857 -commune
1438 3807 1554 3871 est,
1600 3812 1728 3858 non
1776 3812 2038 3875 peccare
2082 3798 2187 3877 qui
2237 3798 2402 3859 ritus
2458 3795 2601 3858 ilos
2667 3809 2794 3857 non
2865 3807 3127 3871 servat,

518 3879 663 3954 quia
723 3875 994 3939 Rubrica
1041 3877 1308 3956 respicit
1352 3883 1599 3939 tantum
1645 3879 1995 3939 recitantes
2041 3883 2105 3939 in
2151 3878 2366 3940 choro.
2413 3875 2574 3937 Hinc
2616 3874 2695 3937 ad
2740 3880 3143 3954 quaesitum,

518 3970 598 4017 an
648 3973 868 4035 preces
913 3955 1172 4019 feriales
1216 3964 1281 4018 et
1323 3958 1675 4035 antiphona
1723 3957 1935 4019 finalis
1979 3956 2043 4018 Β.
2088 3957 2372 4036 Virginis
2419 3957 2602 4020 flexis
2646 3956 2920 4035 genibus
2967 3956 3113 4020 sint

518 4040 711 4098 etiam
758 4039 1056 4116 privatim
1104 4036 1476 4111 recitandas,
1521 4036 1856 4114 respondit
1898 4035 1959 4100 S.
2003 4035 2074 4099 R.
2123 4037 2308 4100 0.·12
2354 4052 2495 4098 [ιον.
2542 4035 2738 4100 1831.-
2785 4036 2851 4098 in
2912 4035 3127 4101 «thom

519 4121 770 4179 tantam
802 4118 1008 4195 juxta
1051 4116 1384 4180 Rubricas.
1422 4115 1857 4180 Laudabiliter
1883 4128 2092 4180 tamen
2130 4128 2469 4181 servantur
2501 4116 2581 4179 ad
2622 4116 2964 4181 fovendam
3002 4116 3125 4181 de·

515 4198 861 4259 votionum.
907 4197 1182 4277 Lignori‚
1231 4195 1341 4276 Op.
1388 4197 1568 4272 Mor„
1614 4197 1653 4259 l.
1698 4214 1783 4273 tv,
1831 4215 1890 4260 n.
1937 4197 2071 4261 178.

593 4274 816 4337 202.
861 4277 927 4351 Q.
971 4279 1028 4340 3.
1071 4281 1172 4341 An
1217 4285 1508 4341 teneatur
1549 4277 1665 4342 sab
1707 4280 1895 4358 pravi
1935 4279 2171 4342 sociam
2211 4273 2526 4353 adhibere,
2570 4276 2680 4355 qai
2748 4294 2875 4340 non
2940 4277 3129 4342 valet

515 4355 683 4419 solus
722 4356 930 4420 Horas
969 4360 1265 4432 recitare,
1305 4357 1380 4422 ob
1424 4357 1834 4432 debilitatem,
1880 4363 2040 4423 eta?

597 4434 666 4497 R.
712 4435 941 4500 Verius
983 4439 1303 4502 affirmant
1345 4437 1558 4514 Croix,
1600 4439 1967 4519 Roncaglia,
2007 4438 2265 4518 Sporer‚
2313 4435 2569 4514 suarez,
2633 4435 3129 4502 Salmanticen*

516 4531 618 4579 ses
662 4524 726 4578 et
768 4516 880 4583 alii
924 4530 1149 4582 contra
1193 4519 1483 4593 Dianam,
1535 4518 1726 4582 talem
1773 4521 1976 4582 teneri
2024 4519 2101 4581 ad
2159 4517 2597 4581 adhibendum
2642 4519 2889 4583 socium
3002 4535 3112 4583 ra·

516 4598 750 4659 tultum
796 4598 846 4659 si
895 4598 1105 4661 valeat
1147 4601 1446 4662 invenire
1489 4602 1630 4662 sine
1676 4616 1908 4678 magno
1950 4597 2382 4675 incommodo,
2448 4599 2723 4661 maxime
2777 4600 2829 4661 si
2898 4614 2969 4661 so
2998 4610 3117 4667 eat

517 4674 735 4754 legere
777 4692 921 4739 cum
965 4681 1167 4754 socio;
1215 4679 1664 4758 quodcumque
1724 4688 2113 4758 praeceptum
2152 4683 2331 4742 enim
2385 4678 2639 4758 impleri
2707 4678 2898 4741 debet
2972 4695 3111 4744 me·

518 4756 643 4819 diis
685 4755 1066 4820 ordinariis:
1109 4757 1277 4837 quod
1322 4760 1540 4821 evenit
1583 4760 1651 4820 in
1689 4767 1912 4822 nostro
1955 4774 2130 4835 casu,
2167 4774 2311 4821 cum
2357 4759 2597 4821 socium
2642 4757 2959 4821 adbibere
3030 4760 3124 4825 sit
