3292 5167
1377 225 1456 273 ne
1504 226 1642 275 riou
2680 205 2804 272 631

1059 496 1392 564 οΑΡυτ
1462 496 1969 585 Quaeram
2052 479 2057 485 ’

537 679 635 735 DE
672 678 1072 739 PRAECIPUIS
1110 681 1329 740 vl‘rns
1365 683 1456 740 ET
1496 681 1833 745 PECCATIS
1873 681 2063 740 FIDEI
2103 682 2482 742 OPPOSITIS.

299 894 725 979 Unaquaequae
772 899 972 961 virtus
1015 898 1167 962 vitia
1218 899 1408 962 habet
1450 899 1571 961 sibi
1617 902 1925 980 opposita,
1957 898 2105 960 ideo
2148 907 2212 961 et
2259 900 2438 962 fides.
2474 898 2673 961 Porro
2708 902 2799 962 vi·

213 995 307 1058 tia
354 1008 617 1059 eatenus
661 997 878 1060 virtuti
930 998 1075 1060 fidei
1123 998 1569 1073 adversantur,
1613 1005 1927 1077 quatenus
1972 996 2067 1059 vel
2107 998 2453 1076 prohibent
2484 1013 2566 1060 ne
2596 1000 2803 1077 acqui·

212 1085 424 1151 ratur,
472 1085 538 1138 et
586 1078 1111 1159 est.infidelitas,·
1158 1078 1256 1141 vel
1302 1080 1675 1159 acquisitam
1725 1080 2155 1157 extinguunt,
2202 1081 2337 1140 sive
2382 1079 2446 1140 in
2494 1087 2694 1159 parte,
2738 1087 2803 1140 et

205 1166 317 1220 est
357 1156 638 1234 haeresis,
682 1161 815 1222 sive
861 1162 924 1222 in
976 1170 1125 1235 tote,
1169 1168 1233 1222 et
1277 1170 1374 1222 est
1414 1159 1738 1239 apostasia
1765 1206 1781 1234 ‚
1816 1175 1957 1239 quae
2002 1161 2195 1221 etiam
2233 1159 2501 1239 perfidia
2546 1160 2799 1223 dicitur.

596 1454 747 1520 Aur.
795 1455 841 1520 1.
892 1489 978 1499 —
1024 1455 1112 1522 De
1158 1450 1517 1537 infidelitate
1562 1463 1617 1518 et
1662 1451 1938 1537 fidelium
1982 1454 2535 1520 communicatione

1228 1617 1371 1664 cum
1415 1597 1783 1683 infidelibus,

294 1827 491 1898 915.
544 1830 615 1909 Q.
669 1830 727 1894 1.
781 1827 946 1909 Quid
971 1828 1062 1895 de
1108 1828 1513 1913 infidelitate?

299 1939 370 2006 R.
422 1936 780 2005 infidelitas
852 1943 954 2003 est
1021 1936 1304 2007 carentia
1367 1934 1554 2022 fidei:
1623 1937 1863 2023 triplex
1926 1936 2373 2023 distinguitur.
2424 1939 2791 2026 Aliquando

96 2096 100 2100 .
199 2043 530 2130 accipitur
567 2041 932 2112 secundum
983 2059 1217 2127 puram
1260 2042 1699 2127 negationem,
1752 2044 1838 2110 ita
1887 2051 1959 2110 ut
2009 2043 2157 2130 quis
2199 2043 2458 2113 dicatur
2505 2045 2791 2115 infidelis

198 2168 286 2218 ex
337 2151 462 2218 hoc
513 2150 678 2232 solo,
733 2149 914 2235 quod
964 2166 1094 2217 nou
1168 2147 1365 2216 habet
1423 2147 1640 2233 fidem,
1691 2155 1757 2216 et
1806 2149 2052 2217 dicitur
2098 2150 2446 2235 infidelitas
2487 2173 2648 2239 pure
2691 2174 2794 2221 ne-

199 2259 450 2344 gativa.-
500 2258 647 2325 talis
697 2265 798 2325 est
842 2257 910 2323 in
961 2256 1096 2337 illo,
1146 2255 1250 2324 cui
1302 2254 1465 2323 fides
1513 2256 1613 2324 vel
1665 2254 1846 2324 nullo
1897 2274 2187 2342 unquam
2238 2257 2459 2341 modo,
2506 2259 2607 2327 vel
2659 2278 2788 2328 non

200 2364 362 2431 satis
411 2364 532 2430 fuit
580 2364 982 2432 annuntiata.
1031 2362 1401 2447 Aliquando
1465 2361 1787 2447 accipitur
1859 2363 2227 2432 secundum
2299 2350 2789 2450 negligentiam,

197 2469 640 2554 ignorantiam
687 2469 784 2537 vel
833 2485 1127 2537 errorem
1177 2468 1579 2553 culpabilem
1627 2462 1798 2536 circa
1848 2488 1955 2537 res
2005 2469 2180 2553 fidei,
2234 2478 2301 2539 et
2350 2471 2595 2539 dicitur
2641 2475 2785 2560 infi-

195 2575 421 2643 delitas
461 2577 799 2664 privativa.
849 2573 1219 2662 Aliquando
1293 2576 1614 2660 accipitur
1683 2576 2050 2644 secundum
2125 2580 2661 2646 contrarietatem
2710 2579 2788 2648 ad

199 2682 420 2766 fidem,
471 2684 619 2769 quia
669 2684 907 2770 aliqui-s
956 2689 1277 2768 repugnat
1317 2682 1572 2751 auditui
1624 2684 1805 2752 fidei*
1840 2695 1952 2753 aut
2021 2685 2233 2771 ipsam
2280 2686 2669 2769 contemnit,
2719 2694 2784 2755 et

199 2789 447 2859 dicitur
490 2792 823 2879 infidelitas
864 2791 1152 2879 positiva,
1204 2791 1301 2858 vel
1349 2792 1682 2876 infidelitas
1725 2793 2068 2860 contraria.

377 2897 854 2983 a)1nfidelitas
932 2916 1095 2984 pure
1168 2897 1458 2982 negativa
1508 2887 1663 2966 ‚no'n
1734 2905 1837 2968 est
1906 2906 2268 2984 peccatum,
2341 2898 2459 2966 sed
2529 2906 2784 2967 tantum
2880 2888 2889 2897 ’

195 3023 395 3092 poena
458 3005 743 3091 peccati;
809 3023 956 3072 nam
1007 3004 1306 3073 Christus
1357 3005 1677 3073 Dominus
1727 3006 1844 3073 ait:
1899 3008 1964 3073 Si
2006 3026 2134 3076 non
2178 3006 2478 3073 venissem
2508 3018 2565 3073 et
2609 2995 2782 3074 ‘locu-

191 3125 296 3180 tus
340 3115 597 3198 fuissem
643 3116 749 3196 eis,
789 3126 1113 3202 peccatum
1160 3132 1286 3179 non
1333 3114 1623 3181 haberent
1674 3125 1720 3181 ¹.
1771 3114 1965 3199 Atqui
2040 3114 2339 3182 Christus
2406 3113 2782 3184 infidelibus

195 3221 514 3306 negativis
563 3239 693 3290 non
743 3228 844 3289 est
894 3221 1155 3290 locutus
1206 3237 1422 3305 neque
1472 3236 1588 3305 per
1633 3238 1727 3301 se,
1762 3237 1993 3306 ‚neque
2042 3239 2161 3306 per
2193 3238 2352 3289 suos
2403 3221 2742 3290 ministros
2761 3248 2779 3304 3

189 3348 359 3415 ergo
411 3338 751 3415 peccatum
793 3348 922 3398 non
973 3329 1235 3399 habeut.
1286 3326 1517 3396 Merito
1574 3327 1727 3395 binc
1774 3326 2075 3396 damnata
2125 3328 2243 3395 fuit
2293 3328 2398 3396 illa
2434 3329 2570 3416 Baji
2622 3348 2778 3415 pro-

193 3437 479 3525 positio:
527 3437 869 3525 Infidelitas
910 3448 1076 3524 pure
1110 3437 1402 3522 neqatioa
1447 3436 1516 3502 in
1576 3436 1701 3518 his,
1750 3435 1820 3501 in
1886 3436 2107 3519 quibas
2157 3437 2440 3503 Christus
2508 3457 2635 3504 non
2696 3451 2783 3505 est

185 3547 587 3636 praedicata's‚
628 3557 951 3634 peecatum
996 3557 1100 3613 est.
1150 3547 1291 3611 Non
1360 3561 1518 3629 ergo
1589 3542 1714 3610 hac
1764 3542 1845 3611 de
1892 3560 2085 3611 causa
2164 3543 2462 3612 infideles
2510 3543 2779 3612 damua-

192 3657 446 3725 buntur
491 3654 572 3722 ad
618 3654 883 3736 interm,
935 3652 1057 3719 nisi
1109 3652 1306 3721 etiam
1355 3652 1485 3720 sint
1532 3650 1885 3735 idololatri‚
1920 3651 2019 3720 vel
2054 3651 2181 3721 alio
2213 3652 2451 3720 actuali
2503 3658 2567 3720 et
2601 3653 2775 3738 gravi

189 3768 467 3852 peccato
517 3760 820 3829 maculati
872 3759 1258 3828 moriantur.
1334 3761 1468 3842 Isti,
1519 3758 1692 3844 apud
1764 3774 1933 3845 quos
2001 3759 2426 3844 Evangelium
2497 3759 2778 3828 necdum

188 3870 577 3959 penetravit,
650 3869 712 3937 in
763 3886 841 3936 eo
892 3874 1066 3935 statu
1136 3872 1484 3935 versantur
1529 3866 1593 3934 in
1645 3884 1779 3953 quo
1849 3867 2281 3936 versabantur
2351 3872 2578 3951 gentes
2614 3874 2776 3935 ante

187 3978 432 4047 Christi
482 3978 852 4057 adventum,
902 3974 1142 4063 quibus
1191 3977 1367 4043 Deus
1438 3993 1570 4043 non
1639 3974 1867 4058 deerit,
1918 3975 1972 4044 si
2017 3976 2203 4063 juxta
2254 3980 2451 4042 rectae
2501 3975 2775 4043 rationis

181 4085 514 4155 dictamen
546 4085 737 4152 vitam
786 4083 1045 4153 ducant.
1081 4082 1340 4151 Etenim
1392 4081 1693 4151 Christus
1742 4081 2064 4153 Dominus
2115 4087 2215 4149 est
2265 4082 2380 4147 lucc
2423 4100 2592 4163 vera,
2639 4100 2776 4167 quoe

181 4195 506 4263 illuminat
551 4180 791 4281 omnem
837 4192 1144 4260 hominem
1189 4178 1533 4257 venientem
1576 4190 1646 4256 in
1694 4191 1858 4256 hunc
1902 4189 2246 4267 mundum3
2277 4199 2332 4256 et
2361 4207 2489 4254 non
2538 4199 2628 4256 est
2666 4190 2774 4273 qai

180 4323 252 4369 se
296 4302 627 4368 abscondat
671 4321 712 4366 a
757 4300 962 4367 calore
1006 4300 1137 4386 ejvs
1185 4297 1235 4363 ².
1303 4296 1455 4365 Ideo
1529 4296 1727 4365 etiam
1797 4295 2172 4364 infidelibus
2244 4308 2407 4381 pure
2456 4296 2771 4380 negativis

177 4409 395 4494 gratia
447 4408 771 4477 tribuitur.
802 4428 880 4477 ex
928 4405 1182 4475 meritis
1214 4404 1476 4485 Christi,
1552 4404 1757 4490 gratia
1831 4403 2225 4470 medicinalis
2270 4401 2571 4471 videlicet
2620 4421 2769 4488 quae

251 4659 267 4696 ¹
307 4661 384 4709 Jo.
421 4666 506 4708 xv.
943 4655 967 4695 2
998 4657 1184 4706 loann.
1217 4669 1269 4713 ις
1304 4654 1431 4707 Psal.
1465 4665 1613 4705 xvm.
1651 4653 1783 4706 vide
1814 4651 2097 4717 Encyclica
2131 4653 2209 4704 Pii
2242 4654 2310 4703 lx
2350 4654 2547 4714 Quanto
2596 4653 2737 4705 1863.
