3292 5167
1209 291 1286 336 nt
1333 289 1778 337 commoriens
2653 276 2790 343 315

190 395 398 474 ptura
434 388 703 475 privata,
753 390 862 476 qui
917 395 1133 460 tamen
1193 398 1376 461 actus
1427 394 1525 461 vel
1574 394 1903 479 scriptura
1950 394 2149 464 debet
2196 398 2668 483 authenticari3
2718 408 2790 470 et

178 497 395 566 etiam
447 498 738 582 inse-ribi,
789 500 841 567 si
891 500 1207 569 vitalitius
1257 500 1322 569 in
1372 520 1442 569 re
1490 502 1937 571 constituatur
1965 502 2355 590 hypothecae
2396 509 2638 594 capaci,
2674 516 2788 577 aut

180 605 529 675 immobili
583 610 733 693 (art.
787 611 975 691 1314,
1031 610 1219 693 1932,
1274 611 1493 697 1935).
1600 702 1615 717 ⁵
2444 629 2459 643 ·

286 750 374 814 Ad
423 754 947 817 constituendum
991 753 1248 816 vitalitii
1297 755 1591 834 praetium
1635 753 2194 836 voluntTheologi
2241 756 2597 820 habendam
2644 776 2785 822 esse

174 835 514 901 ¹rationem
563 838 768 898 aetatis
812 844 874 898 et
916 836 1207 897 sanitatis
1254 835 1318 896 in
1365 837 1705 897 censitore.
1750 833 1872 897 Sed
1909 835 2012 898 lex
2054 836 2263 900 civilis
2301 836 2461 900 illud
2508 838 2784 903 liberum

195 916 535 994 relinquit,
581 931 723 978 cum
767 918 852 978 sit
896 924 1262 978 contractus
1307 932 1503 979 merae
1539 917 1753 991 sortis,
1798 915 1985 980 modo
2018 924 2232 978 tamen
2281 916 2508 996 pensio
2548 936 2780 983 annua·

180 1001 313 1061 -tim
362 996 704 1073 tribuenda
752 1006 1009 1075 superet
1056 997 1329 1059 fructum
1369 1002 1459 1058 rei
1495 997 1788 1059 traditae:
1832 1014 1973 1076 quae
2016 998 2273 1077 quidem
2320 1000 2544 1078 pensio
2594 1000 2782 1063 debe·

198 1088 304 1143 tur
349 1078 881 1156 proportionattm
947 1077 1024 1140 ad
1103 1093 1438 1139 numerum
1487 1077 1762 1153 dierum,
1805 1077 2034 1157 quibus
2079 1080 2544 1158 proprietarius
2600 1083 2790 1160 vivit,

188 1159 324 1223 -nisi
376 1175 455 1219 ex
502 1164 930 1219 conventione
971 1156 1314 1236 anticipate
1359 1155 1664 1241 solvenda
1725 1160 1827 1219 sit.
1872 1156 1992 1220 Sed
2063 1174 2323 1222 necesse
2367 1168 2483 1235 est,
2528 1167 2598 1223 ut
2641 1177 2781 1239 per·

200 1257 354 1303 sona
402 1239 511 1299 illa
561 1240 932 1317 acquirendi
1000 1240 1082 1301 sit
1126 1254 1356 1316 capax:
1405 1254 1529 1299 non
1582 1248 1794 1301 tamen
1841 1241 2240 1317 extinguitur
2298 1241 2642 1303 amissione
2683 1242 2777 1321 ju·

189 1323 361 1383 rium
409 1320 718 1393 civilium,
787 1319 985 1382 semel
1052 1318 1264 1382 valide
1327 1318 1652 1382 celebrato
1723 1320 2036 1394 vitalitiO,
2104 1321 2213 1382 sed
2280 1320 2514 1383 solutio
2590 1322 2662 1383 fit
2705 1339 2785 1385 ex

186 1400 357 1480 -legis
405 1402 797 1478 praescripto,
840 1416 895 1461 v,
941 1417 997 1478 g.
1043 1401 1179 1478 eJus
1225 1402 1501 1462 curatori
1552 1398 1653 1460 vel
1708 1399 1857 1461 filiis
1895 1397 1945 1458 ¹.
1992 1398 2284 1469 Ceterum
2328 1400 2457 1477 ille,
2488 1406 2552 1463 in
2600 1402 2784 1481 cuius

194 1481 549 1544 utilitatem
597 1496 825 1543 census
890 1479 1203 1543 vitalitius
1249 1481 1631 1541 constitutus
1702 1479 1823 1543 luit
1886 1479 2211 1543 mediante
2284 1485 2514 1560 preti0,
2559 1491 2779 1561 petere

184 1570 411 1641 ,potest
455 1560 913 1623 resolutionem
958 1570 1343 1635 contractus,
1373 1560 1427 1620 si
1466 1561 1840 1623 censuarius
1882 1562 1987 1640 qui
2025 1564 2299 1639 pretium
2348 1565 2614 1640 accepit,
2646 1580 2783 1627 cau-

194 1643 361 1705 telas
406 1652 620 1720 pactas
665 1658 789 1703 non
837 1651 1066 1704 servet.
1114 1640 1248 1703 Non
1299 1651 1507 1703 tamen
1560 1641 1735 1702 illam
1780 1642 2241 1704 resolutionem
2292 1652 2508 1721 petere
2557 1652 2785 1724 potest,

186 1723 248 1785 si
291 1737 503 1786 annua
555 1725 773 1800 pensio
817 1738 849 1784 a
889 1722 1178 1784 debitore
1226 1737 1351 1782 non
1384 1720 1707 1795 solvatur;
1756 1722 1866 1783 sed
1905 1722 1982 1783 ad
2027 1721 2404 1785 solvendum
2446 1722 2775 1802 judiciali·

192 1811 296 1866 ter
342 1802 696 1864 debitorem
745 1802 1103 1881 compellat.
1149 1800 1301 1863 Item
1348 1803 1399 1863 si
1448 1801 1762 1863 vitalitius
1806 1804 1889 1864 sit
1935 1801 2119 1863 titulo
2166 1805 2468 1882 gratuite,
2516 1805 2579 1865 in
2628 1820 2787 1866 con·

188 1892 403 1946 tractu
448 1884 755 1945 constitui
795 1891 1019 1961 potest,
1049 1891 1118 1944 ut
1148 1889 1494 1961 proventus
1525 1882 1836 1945 vitalitius
1866 1891 2201 1962 sequestro
2236 1899 2363 1953 non
2396 1884 2780 1962 subjiciatur

192 1979 237 2027 a
285 1964 715 2026 creditoribus
758 1964 918 2043 (art.
968 1962 1170 2043 1800).
1262 2024 1269 2033 ,

596 2238 745 2343 Aer.
794 2238 901 2305 Ill.
951 2203 1039 2286 ss-
1085 2243 1175 2307 De
1220 2239 1620 2327 emphyteusi,
1655 2227 2329 2327 piqnore,'hypetheca,

1080 2381 1317 2448 cambio
1364 2392 1417 2447 et
1459 2381 1899 2461 transactione.

280 2616 475 2681 ⁴131.
530 2612 602 2691 Q.
656 2614 713 2678 1.
765 2611 927 2692 Quid
970 2612 1041 2678 de
1086 2612 1465 2698 emphyteusi
1509 2611 1885 2678 dicendum?

280 2720 349 2786 R.
398 2718 866 2803 Emphyteusis
927 2716 1271 2785 definitur:
1346 2729 1733 2801 contractus,
1782 2738 1901 2803 quo
1945 2719 2040 2785 rei
2085 2717 2415 2784 immobilis
2463 2717 2530 2783 in
2569 2736 2784 2805 perpe-

192 2836 365 2891 laum
411 2826 511 2893 vel
557 2825 642 2890 ad
675 2837 913 2912 tempus
957 2825 1143 2892 alteri
1187 2824 1540 2891 conceditur
1608 2824 1953 2891 dominium
2025 2825 2171 2891 utile
2239 2826 2350 2891 sub
2417 2844 2600 2891 onere
2646 2843 2782 2891 eam

194 2932 514 2999 meliorem
560 2933 888 3019 efficiendi,
937 2943 994 2998 et
1052 2931 1299 2998 domino
1369 2950 1656 2997 annuum
1715 2950 2029 2997 canonem
2086 2930 2451 3018 praestandi.
2499 2930 2780 3017 Empby-

196 3038 400 3107 teusis
451 3056 669 3123 graeca
716 3058 840 3106 vox
891 3044 1011 3120 est,
1060 3056 1211 3124 quie
1262 3044 1454 3105 sonat
1503 3038 1774 3104 inserere
1788 3063 1814 3117 ;
1862 3037 2013 3124 quia
2063 3037 2188 3105 boc
2237 3044 2337 3105 est
2385 3038 2451 3104 in
2486 3056 2559 3106 ea
2605 3057 2779 3123 prae·
2843 3050 2846 3053 “

188 3145 503 3231 cipuum,
559 3128 737 3231 duod
786 3145 986 3213 fundo
1036 3151 1138 3214 est
1186 3144 1434 3239 aliquid
1480 3144 1908 3213 inserendum
1980 3153 2044 3213 et
2115 3145 2211 3213 sic
2281 3145 2779 3215 meliorandum.

191 3253 426 3320 Differt
475 3261 694 3321 autem
743 3272 777 3320 a
827 3252 1056 3334 feud03
1107 3253 1257 3338 quia
1320 3252 1472 3320 huic
1547 3253 1717 3319 inest
1782 3271 1952 3320 onus
2025 3251 2326 3338 obsequii
2378 3254 2776 3339 personalis3

194 3360 660 3446 emphytheusi
708 3379 863 3429 vero
913 3360 1103 3427 onus'
1136 3360 1474 3446 pensionis
1526 3360 1743 3426 realiS.
1804 3363 1963 3440 Quae
2039 3360 2269 3445 pensio
2336 3360 2777 3429 ecclesiastica

191 3472 290 3534 est
338 3467 444 3534 vel
495 3472 598 3534 est
648 3466 899 3550 civilis,
952 3472 1150 3553 prout
1201 3465 1631 3535 constituitur
1702 3485 1904 3552 super
1963 3466 2134 3535 bona
2186 3467 2632 3535 ecclesiastica
2681 3468 2779 3536 vel

190 3573 423 3642 civilia.
470 3576 534 3642 Is
584 3575 688 3643 cui
739 3594 844 3643 res
894 3575 989 3642 sic
1038 3573 1364 3658 traditur,
1414 3573 1657 3641 dicitur
1703 3576 2093 3662 emphyteuta
2143 3574 2238 3641 vel
2298 3574 2605 3643 dominus
2659 3576 2782 3643 uti·
2864 3650 2871 3660 ‚

191 3683 301 3766 lis;
354 3681 468 3769 qui
520 3698 659 3749 rem
710 3680 948 3763 tradit,
988 3682 1452 3768 proprietarius
1499 3680 1596 3748 vel
1648 3680 1955 3748 dominus
2010 3679 2298 3748 directus
2359 3682 2457 3749 vel
2506 3681 2782 3750 directa-

190 3790 361 3871 rius;
412 3807 517 3856 res
570 3787 825 3870 tradita,
871 3787 1318 3874 emphyteutica
1368 3789 1548 3872 (bene
1612 3788 1994 3872 livellario);
2062 3788 2320 3856 tandem
2372 3807 2630 3856 annuus
2680 3806 2781 3857 ca·

192 3918 319 3967 non
372 3896 791 3985 praestandus
837 3901 1257 3980 nuncupatur
1304 3913 1340 3962 a
1388 3896 1633 3964 Latinis
1686 3897 1965 3979 libellam,
2034 3903 2099 3964 et
2171 3895 2322 3963 inde
2376 3903 2607 3962 natum
2656 3901 2777 3977 est,

190 4016 262 4075 ut
305 4006 447 4075 Itali
513 4024 595 4073 ex
649 4005 844 4091 hujus
919 4002 1095 4073 verbi
1171 4003 1598 4088 corruptione
1646 4003 1835 4071 illum
1884 4001 2168 4071 dixerint
2219 4003 2440 4069 iioello,
2490 3999 2777 4086 Empby-

191 4114 415 4196 teusiS,
467 4113 547 4179 ad
596 4112 993 4179 validitatem
1045 4110 1277 4179 confici
1328 4108 1523 4179 debet
1573 4117 1720 4179 actu
1772 4109 2035 4195 publico
2094 4109 2190 4177 vel
2261 4108 2768 4199 scripturapri·

192 4229 326 4290 vata
376 4220 878 4289 authenticitate
917 4218 1161 4299 donata
1205 4219 1547 4285 a·notario
1599 4219 1697 4286 vel
1740 4217 1984 4303 judice,
2037 4224 2101 4284 et
2151 4216 2487 4301 inscripta.

266 4364 359 4427 Ex
409 4364 624 4427 Codice
667 4362 845 4425 civili
883 4364 1019 4425 baec
1047 4361 1320 4424 veniunt
1362 4360 1793 4422 observanda:
1841 4360 1903 4437 1)
1941 4358 2306 4439 L'enfiteuta
2333 4363 2457 4438 pud
2489 4358 2776 4438 disporre

194 4448 363 4508 tanto
405 4446 504 4509 del
544 4444 731 4525 fondo
774 4443 1142 4522 enfiteutico,
1171 4448 1404 4522 quanto
1449 4440 1604 4503 delle
1638 4457 1747 4502 sue
1788 4439 2150 4513 accessioni,
2194 4440 2291 4501 sia
2330 4456 2441 4519 per
2483 4445 2618 4501 atto
2666 4449 2776 4503 tra

182 4524 334 4603 vivi,
379 4527 478 4590 sia
516 4542 630 4606 per·
690 4531 821 4588 atto
863 4522 926 4586 di
974 4523 1198 4586 ultima
1239 4521 1507 4586 volonta.
1552 4520 1673 4581 Per
1716 4519 1780 4581 ia
1825 4520 2257 4607 trasmissione
2299 4520 2397 4582 dei
2436 4519 2621 4600 fondo
2669 4538 2777 4583 en-

244 4729 271 4770 1
304 4730 415 4783 Art.
449 4734 512 4782 ²2
549 4731 670 4782 Cod.
700 4730 894 4793 pumat.
