3292 5167
493 211 625 282 562
1101 167 1118 202 ¹
1506 217 1648 279 cui.¹
1676 232 1740 277 ii.
1787 231 1998 278 mer.
2046 228 2153 278 vu.

492 337 698 414 ipsum
745 335 992 411 teneri,
1034 336 1087 396 si
1133 334 1407 396 amicum
1453 332 1699 396 laeserit
1740 332 1820 397 ab
1862 347 1938 395 eo
1991 330 2233 412 aliquid
2297 332 2613 409 furando,
2657 330 2807 396 licet
2850 341 3070 413 postea

493 416 771 479 ablatum
819 415 1318 492 consumpserit:
1361 430 1506 477 nam
1555 415 1618 475 in
1668 413 1838 477 furto
1885 428 2012 474 non
2057 412 2414 478 attenditur
2444 413 2672 489 solum,
2718 415 2817 476 cui
2866 414 3080 477 volue-

492 497 582 559 ris
625 494 838 558 facere
883 495 1222 573 injuriam3
1263 493 1374 556 sed
1419 511 1501 558 an
1545 495 1739 556 etiam
1789 508 1938 555 vere
1982 494 2265 557 volueris
2311 510 2448 556 rem
2493 495 2818 573 accipere,
2865 495 3068 558 invito

492 576 786 638 domino:
833 574 1101 653 ideoque
1135 592 1166 636 a
1211 591 1607 654 quocumque
1642 572 2009 648 abstuleris,
2059 581 2125 637 tu
2169 590 2424 654 semper
2472 576 2713 636 teneris
2756 575 2835 636 ad
2882 576 3064 638 resti·

492 657 831 730 tutionem,
863 657 983 717 nisi
1033 656 1146 716 tibi
1195 655 1304 717 fiat
1348 652 1639 717 remissio
1677 671 1708 715 a
1755 653 2018 715 domino
2063 655 2178 717 rei.
2222 653 2287 717 Si
2337 670 2488 717 vero
2527 663 2752 734 agatur
2796 654 2876 717 de
2922 656 3067 717 sim-

491 735 644 815 plici
683 735 1229 811 damnificatione,
1278 735 1380 797 ubi
1429 737 1616 797 unice
1662 733 2018 796 attenditur
2063 750 2377 813 persona,
2421 735 2521 798 cui
2571 737 2875 798 damnum
2928 736 3065 798 fleri

496 816 654 892 vult,
699 831 826 877 non
875 832 996 888 res,
1033 830 1174 877 cum
1220 815 1384 876 nihil
1430 818 1493 877 in
1528 814 1805 894 simplici
1838 814 2367 879 damnificatione
2393 816 2665 895 recipiat
2702 815 3072 880 damnifica·

498 903 620 971 tor,
659 905 868 972 utrum
903 899 1021 958 iste
1050 896 1134 958 sit
1162 894 1543 973 obligandus
1571 897 1645 958 ad
1686 896 2180 969 restitutionem,
2216 893 2566 976 disputant.
2602 896 2804 972 Esset,
2838 897 2890 958 si
2929 898 3073 975 quis

492 985 683 1039 noctu
748 991 1042 1055 quaerens
1106 976 1434 1038 inimicum
1499 991 1680 1037 suum
1728 974 1805 1036 ad
1866 974 2265 1052 necandum,
2312 983 2378 1038 et
2422 985 2652 1055 putans
2694 992 2840 1039 eum
2886 991 3071 1054 esse,

492 1056 858 1131 occideret3
900 1072 981 1118 ex
1023 1073 1242 1118 errore
1290 1064 1499 1118 tamen
1538 1054 2165 1128 invincibilioccidit
2206 1058 2501 1120 amicum.

576 1137 711 1199 Non
750 1138 932 1216 pauci
980 1152 1120 1198 cum
1157 1136 1471 1210 Filliucio‚
1520 1135 1714 1214 Lugo,
1762 1132 2016 1214 Sporer‚
2061 1136 2458 1212 Tamburini,
2486 1135 2813 1216 Alphonso
2850 1144 3070 1198 nostro

491 1225 559 1280 et
602 1216 745 1278 aliis
788 1217 993 1278 doctis
1024 1216 1392 1293 junioribus
1438 1226 1697 1294 negant,
1750 1217 1764 1276 i
1816 1231 1954 1279 sum
2003 1221 2211 1280 teneri
2247 1217 2325 1280 ad
2373 1217 2884 1290 restitutionem3
2922 1231 3070 1279 nam

492 1297 603 1358 ille
648 1298 849 1359 voluit
888 1297 1148 1375 quidem
1220 1298 1543 1360 bominem
1609 1297 1742 1358 occi
1795 1312 1949 1371 ere,
1992 1296 2099 1359 sed
2153 1297 2405 1360 nonnisi
2471 1297 2795 1360 bominem
2845 1296 3073 1358 talem:

491 1377 661 1439 unde
705 1379 982 1439 exercita
1016 1379 1183 1439 actio
1218 1387 1317 1439 est
1354 1386 1598 1439 tantum
1630 1376 2055 1440 materialiter
2086 1377 2284 1440 mala:
2314 1378 2391 1441 ad
2426 1377 2856 1440 inducendam
2894 1381 3067 1439 enim

491 1457 948 1536 obligationem
994 1457 1385 1520 resarciendi
1432 1457 1756 1532 damnum,
1800 1458 2177 1536 requiritur,
2219 1467 2287 1522 ut
2332 1466 2394 1520 et
2441 1457 2744 1520 damnum
2790 1466 2855 1519 et
2900 1456 3061 1520 mala

491 1539 655 1600 actio
700 1539 783 1599 sit
825 1539 991 1599 circa
1042 1537 1229 1600 idem.
1267 1537 1434 1600 Sane
1479 1540 1531 1599 si
1581 1536 1693 1598 ille
1728 1536 2016 1602 absolute
2063 1539 2348 1600 intendit
2413 1538 2650 1601 laedere
2692 1537 2899 1599 solum
2947 1540 3065 1598 ini·

490 1619 726 1681 micum
772 1625 836 1678 et
879 1619 1150 1680 amicum
1193 1617 1556 1680 voluntarie
1601 1617 1908 1693 excludit,
1951 1617 2030 1682 de
2077 1618 2247 1681 facto
2291 1622 2614 1681 neminem
2661 1616 3072 1697 culpabiliter

490 1696 702 1760 laedit:
749 1713 875 1758 non
921 1699 1288 1769 inimicum;
1332 1699 1475 1777 quia
1523 1699 1642 1759 iste
1688 1713 1817 1759 non
1866 1697 2158 1773 laeditur;
2202 1714 2331 1760 non
2368 1701 2658 1772 amicum,
2701 1703 2847 1776 quia
2899 1697 3071 1763 illius

491 1788 782 1856 respectu
830 1777 974 1840 talis
1015 1781 1182 1841 actio
1226 1787 1325 1842 est
1366 1780 1630 1841 omnino
1678 1777 2111 1842 involuntaria
2143 1827 2158 1854 ,
2206 1795 2348 1841 cum
2395 1778 2490 1841 illi
2555 1780 2764 1857 potius
2809 1777 3068 1841 benefa-

490 1875 638 1922 cere
680 1859 866 1919 velit:
912 1867 1011 1920 est
1052 1875 1206 1921 sane
1249 1858 1435 1921 valde
1479 1871 1717 1936 urgens
1763 1861 1945 1921 ratio.
1992 1858 2131 1937 Ipse
2178 1869 2387 1921 tamen
2444 1858 2654 1922 adhuc
2699 1860 3064 1921 incurreret

490 1939 1212 2003 excommunicationem
1256 1941 1309 2001 si
1358 1948 1481 2001 tam
1529 1938 1818 2012 occisus,
1862 1955 2049 2017 quam
2095 1939 2488 2002 occidendus
2532 1947 2699 2001 esset
2752 1938 3066 2016 clericus,

490 2029 560 2082 ut
594 2027 770 2081 tenet
802 2021 1120 2082 sententia
1165 2017 1452 2082 absolute
1497 2018 1892 2097 probabilior
1928 2030 2118 2098 atque
2152 2022 2667 2082 communissima
2703 2034 2847 2081 cum
2884 2018 3065 2096 Viva,

490 2100 835 2175 Bonacina,
878 2095 1185 2173 Sanctia,
1232 2109 1390 2162 etc.:
1432 2101 1578 2178 quia
1623 2100 2202 2163 excommunicatio
2249 2102 2604 2164 incurritur
2647 2115 2774 2161 non
2820 2100 2902 2159 ob
2934 2115 3069 2178 per·

490 2196 684 2254 sona),
729 2179 837 2241 sed
891 2179 974 2241 ob
1016 2189 1217 2244 status
1263 2179 1588 2242 laesionem
1617 2226 1634 2254 ‚
1679 2182 1783 2258 qui
1832 2188 2035 2243 status
2086 2184 2148 2243 in
2194 2197 2270 2242 eo
2314 2197 2464 2244 casu
2509 2196 2638 2261 Jam
2703 2177 3067 2243 voluntarie

487 2260 768 2401 'mimir'
814 2259 966 2352 licet
1009 2262 1073 2322 in
1121 2276 1393 2342 persona
1437 2269 1725 2322 erretur:
1769 2268 1833 2323 et
1879 2268 2029 2322 tunc
2064 2262 2263 2324 multo
2299 2263 2502 2340 magis
2544 2262 2901 2323 incurritur
2934 2264 3062 2340 ipsa

489 2358 704 2419 irregu
735 2351 952 2403 aritas.
3008 2349 3029 2384 ⁸·

570 2423 694 2484 Alii
740 2437 882 2484 cum
928 2419 1158 2495 masia,
1194 2420 1490 2495 Antoine,
1523 2419 1864 2494 Bonacina‚
1899 2429 2039 2495 etc.,
2073 2422 2309 2483 acriter
2346 2429 2609 2484 tuentur
2634 2421 3064 2482 contrarium:

486 2506 641 2581 quia
687 2503 895 2563 omnis
941 2502 1104 2562 actio
1149 2511 1367 2562 contra
1408 2501 1723 2579 Justitiam
1770 2500 2183 2564 advertenter
2229 2501 2427 2578 posita
2469 2501 2642 2580 parit
2675 2516 2835 2562 onus
2884 2501 3062 2562 resti·

491 2583 796 2656 tutionis;
838 2581 1014 2660 atqui
1062 2581 1205 2642 talis
1247 2589 1346 2643 est
1387 2582 1586 2656 actio,
1629 2579 1709 2642 de
1753 2596 1871 2659 qua
1906 2582 2136 2659 agitur.
2194 2581 2410 2660 Neque
2453 2596 2635 2643 error
2681 2582 2747 2644 in
2798 2596 3063 2659 persona

490 2662 660 2725 tollit
704 2664 1018 2725 rationem
1066 2662 1357 2739 injuriae3
1400 2661 1669 2740 quaestio
1714 2662 1889 2723 enim
1935 2677 2061 2724 non
2108 2670 2207 2724 est
2242 2661 2320 2723 de
2365 2663 2647 2736 nomine,
2683 2661 2791 2724 sed
2841 2661 2922 2724 de
2967 2677 3064 2723 re:

487 2742 595 2805 bic
638 2759 791 2804 sane
835 2741 1038 2803 voluit
1083 2742 1408 2803 bominem
1452 2740 1776 2816 occidere,
1807 2749 1871 2803 et
1901 2742 2223 2804 bominem
2270 2741 2530 2817 occidit,
2564 2741 2662 2804 vel
2702 2741 2930 2805 saltem
2962 2742 3064 2805 liu·

485 2825 856 2886 manitatem
904 2819 1089 2883 laesit.
1134 2821 1355 2883 Adde:
1409 2822 1474 2883 in
1531 2823 1798 2884 materia
1861 2821 2131 2899 justitiae
2187 2822 2353 2884 sicut
2395 2824 2459 2886 iu
2505 2823 2772 2886 materia
2819 2831 3064 2886 contra·

485 2912 743 2978 ctuum,
794 2917 920 2965 non
966 2901 1321 2964 attenditur
1356 2900 1505 2981 quid
1553 2917 1751 2980 agens
1796 2901 2008 2964 facere
2064 2902 2409 2978 voluisset3
2456 2902 2566 2966 sed
2633 2902 2784 2982 quid
2855 2905 3061 2981 reipsa

488 2982 703 3046 facere
750 2983 980 3044 voluit:
1027 2994 1215 3060 atque
1261 2984 1467 3060 reipsa
1517 2983 1578 3042 in
1628 2997 1777 3044 casu
1811 2984 2132 3062 proposito
2164 2998 2456 3061 personae
2490 2986 2793 3062 praesenti
2834 2999 3065 3046 nocere

484 3065 704 3127 voluit.
751 3095 829 3108 —-
871 3061 1148 3142 Quisque
1195 3064 1437 3142 poterit
1478 3060 1809 3125 abundare
1857 3066 1921 3124 in
1967 3079 2157 3128 seusu
2204 3079 2341 3139 suo,
2384 3074 2677 3125 neutram
2714 3080 2867 3126 vero
2900 3079 3062 3142 sper·

484 3160 642 3208 nere
685 3144 1105 3218 sententiam;
1148 3160 1287 3206 cum
1341 3148 1615 3222 utraque
1659 3150 1723 3203 et
1753 3145 2004 3205 ratione
2041 3153 2105 3205 et
2139 3143 2521 3207 auctoritate
2552 3152 2830 3224 praestet.
2876 3143 2936 3205 V.
2968 3143 3061 3206 Li-

483 3227 708 3302 gnon-i,
756 3223 1160 3363 Opustssor„
1211 3223 1249 3285 1.
1297 3239 1372 3284 ιιι
1402 3272 1417 3300 ,
1462 3240 1570 3285 nn.
1614 3223 1737 3286 628
1791 3231 1857 3286 et
1895 3223 2033 3287 629.
2089 3257 2167 3270 -
2217 3222 2579 3302 Passerini‚
2622 3223 2707 3286 De
2760 3225 3067 3288 occidente

481 3321 674 3368 unum
756 3322 825 3367 ro
867 3323 906 3367 a
936 3321 1013 3365 w.
2574 3353 2581 3358 .

564 3384 685 3447 Sed
711 3321 882 3464 'quid
934 3401 1045 3462 pro
1083 3384 1260 3464 praxi
1307 3382 1568 3463 (quaerit
1605 3382 2007 3448 Frassinetti
2036 3430 2054 3461 ,
2095 3385 2203 3463 qui
2250 3390 2462 3450 tamen
2514 3383 2859 3448 secundam
2919 3400 3057 3446 sen·

485 3469 748 3534 tentiam
789 3463 1109 3527 mordicus
1137 3463 1360 3544 tenet),
1391 3463 1741 3526 deberetne
1774 3463 2207 3527 confessarius
2243 3465 2707 3528 absolutionem
2739 3465 3061 3542 denegare

482 3547 843 3624 poenitenti‚
886 3545 995 3624 qui
1042 3546 1103 3606 in
1153 3545 1273 3606 boc
1316 3560 1465 3608 casu
1508 3543 1693 3623 (satis
1725 3547 1899 3621 raro)
1939 3544 2133 3606 vellet
2175 3547 2353 3624 sequi
2401 3546 2788 3607 sententiam
2833 3545 3059 3623 Ligno-

483 3627 536 3688 ri
583 3635 650 3689 et
693 3625 1015 3704 Lugonis‘i
1080 3624 1215 3687 baec
1255 3626 1616 3687 extrinsece
1660 3633 1758 3685 est
1802 3623 2172 3686 notabiliter
2210 3625 2557 3704 probabilis
2607 3627 2685 3687 ob
2738 3635 3058 3688 tantorum

480 3708 768 3770 virorum
815 3707 1287 3780 auctoritatem,
1333 3708 1451 3768 etsi
1500 3704 1685 3767 nobis
1732 3704 2246 3784 probabilitatem
2283 3707 2634 3768 intrinsece
2672 3723 2798 3767 non
2836 3721 3063 3785 praese-

481 3785 680 3863 ferat3
723 3786 1150 3850 confessarius
1192 3794 1404 3848 autem
1452 3801 1576 3846 non
1618 3793 1826 3863 potest
1856 3802 1995 3847 esse
2021 3785 2222 3864 judex
2252 3787 2625 3864 opinionum
2660 3789 2831 3848 inter
2860 3787 3059 3849 Theo-

480 3866 657 3949 logos
683 3917 698 3945 ,
741 3875 813 3931 ut
843 3866 1082 3945 obliget
1117 3883 1264 3929 suos
1308 3866 1714 3946 poenitentes.
1757 3863 1907 3927 Ideo
1967 3866 2103 3944 ipse
2165 3865 2430 3929 deberet
2486 3865 2668 3929 illum
2734 3865 3066 3929 absolvere

479 3951 583 4029 qui
634 3957 767 4012 tuto
811 3947 1017 4009 credit
1058 3962 1125 4010 se
1174 3961 1354 4025 posse
1400 3948 1465 4007 in
1498 3947 1747 4024 praxim
1795 3945 2120 4008 deducere
2166 3945 2340 4008 illam
2386 3945 2627 4026 Ligorii
2666 3947 3064 4010 doctrinam:

479 4031 684 4108 potuit
717 4028 929 4092 salvus
967 4029 1103 4090 fleri
1141 4027 1332 4106 Lugo,
1370 4035 1543 4088 certe
1580 4026 1849 4088 salutem
1890 4034 2272 4090 consecutus
2305 4035 2402 4089 est
2438 4044 2485 4088 s.
2524 4026 2885 4106 Alphonsus
2920 4041 3058 4091 eam

481 4109 798 4185 docendo:
821 4126 974 4190 ergo
1001 4118 1063 4171 et
1090 4108 1361 4188 quilibet
1384 4122 1519 4169 eam
1549 4107 1613 4167 in
1643 4108 1887 4185 praxim
1916 4106 2293 4170 deducendo
2313 4105 2739 4188 (Compendto,
2762 4116 2911 4172 nota
2935 4107 3066 4187 66).

1522 4327 1642 4405 (C)
1696 4328 1849 4406 Pap.
1892 4329 2032 4392 445.

553 4507 745 4571 sm.
788 4507 1340 4570 Tributomm
1369 4505 1708 4568 invisio:
1746 4507 1942 4570 muita
1973 4521 2227 4586 semper
2253 4507 2514 4571 fuerunt
2539 4506 2928 4570 tributorum
2962 4523 3063 4587 ge·

478 4605 655 4663 nera:
688 4588 991 4652 tributum
1015 4587 1188 4651 aliud
1213 4589 1399 4675 reale,
1430 4587 1594 4669 quod
1629 4590 1981 4667 imponitur
2006 4588 2441 4652 immobilibus
2460 4603 2811 4667 eorumque
2842 4587 3063 4651 fructi·

477 4669 632 4776 b3s3
662 4668 831 4732 aliud
866 4668 1189 4749 personate
1219 4669 1384 4748 quod
1424 4670 1775 4747 imponitur
1806 4677 2051 4733 tantum
2086 4672 2334 4733 ratione
2362 4683 2678 4749 personae,
2716 4678 2782 4731 et
2816 4668 3055 4732 dicitur
