3292 5167
509 268 619 334 822
1221 288 1336 332 ma.
1384 288 1447 332 11.
1496 288 1709 334 raacr.
1755 289 1811 334 v.
1857 287 2009 333 msa.
2057 286 2119 331 lt.
2168 284 2299 330 aaa.
2346 282 2386 328 1.

512 372 680 441 viter
729 370 1154 457 increpandi,
1210 371 1301 438 uti
1353 380 1507 438 sunt
1557 371 1645 438 illi
1699 372 1813 457 qui
1862 371 2011 438 ideo
2055 385 2334 454 magnos
2384 363 2702 449 strepitus
2764 361 2826 429 in
2886 360 3120 427 domi-

511 479 637 558 bus
685 486 928 564 agunt,
980 478 1075 545 vel
1128 478 1333 545 linteo
1408 477 1616 546 induti
1684 498 1804 567 per
1850 480 1986 547 vias
2037 484 2237 546 noctu
2288 479 2644 561 apparent:
2695 469 2925 556 excipe
2977 464 3116 534 nisi

511 586 576 654 id
624 586 734 653 fiat
782 603 860 654 ex
906 585 1082 671 joco,
1137 603 1259 653 nec
1309 586 1460 655 inde
1509 604 1704 670 grave
1749 586 2064 654 damnum
2114 584 2424 652 timeatur
3031 601 3040 606 ·

599 691 781 754 112·
834 697 905 775 Q.
957 696 1017 760 [ι.
1071 690 1233 764 Quid
1276 693 1349 758 de
1395 694 1494 775 iia,
1541 694 1651 778 qui
1694 694 1956 760 somniis
2002 692 2184 779 fidem
2229 690 2501 758 habent?
2567 763 2578 780 .

595 803 665 869 R.
716 800 1005 883 Somnia,
1048 800 1449 885 imaginariae
1487 819 1724 886 nempe
1758 798 2342 888 apprehensioneS‚
2388 813 2538 883 ηοω
2578 794 2908 862 habentur
2941 800 3124 859 tem·-

508 925 669 993 pore
717 907 962 986 somni,
1007 915 1197 974 sunt:
1253 909 1317 993 l)
1368 907 1708 989 naturalia,
1762 926 1911 994 ηοω
1961 906 2270 975 oriuntur
2315 922 2350 971 a
2401 902 2617 972 causis
2667 898 3117 981 naturalibuS,

505 1031 561 1080 v.
621 1032 701 1099 g„
751 1013 1304 1100 occupationibus
1354 1015 1454 1082 vel
1503 1022 2068 1100 temperament03
2117 1015 2187 1096 2)
2237 1010 2547 1093 casualia,
2599 1026 2747 1095 ηοω
2790 1006 3121 1075 oriuntur
3185 1025 3194 1034 ·

507 1138 587 1188 ex
613 1099 872 1188 diverso
904 1121 966 1187 in
1004 1130 1223 1190 mente
1260 1128 1483 1189 nostra
1519 1121 2083 1208 phantasticarum
2123 1119 2420 1187 idearum
2456 1134 2815 1195 concursu3
2850 1115 2918 1198 3)
2948 1129 3116 1199 ηοω

507 1237 662 1297 sunt
710 1247 742 1295 a
792 1230 952 1309 Deo,
998 1227 1182 1314 juxta
1232 1228 1424 1296 illud:
1472 1230 1529 1295 si
1573 1230 1925 1316 quisfuerie
1956 1230 2249 1296 intervos
2279 1226 2588 1312 Propheta
2622 1222 2873 1290 Domini
2905 1221 2973 1286 in
3012 1219 3119 1286 oi-

430 1351 449 1370 ¹
505 1336 676 1403 sione
707 1336 1017 1422 apparebo
1063 1338 1138 1418 ei,
1186 1336 1281 1403 vel
1321 1356 1437 1423 per
1486 1338 1801 1404 somnium
1834 1338 2056 1421 loquar
2098 1335 2183 1402 ad
2227 1335 2406 1401 illum
2440 1329 2502 1412 ¹3
2550 1331 2619 1415 4)
2669 1346 2818 1415 ηοω
2859 1333 3021 1396 suut
3074 1343 3115 1392 a

506 1443 831 1524 daemone,
883 1442 993 1527 qui
1047 1442 1455 1528 phantasiam
1505 1444 1983 1512 commovendo
2034 1444 2095 1510 in
2126 1448 2346 1511 mente
2395 1445 2619 1508 nostra
2656 1435 2912 1505 somnia
2942 1453 3112 1521 pro-

508 1556 704 1619 creat.
757 1549 1010 1629 Quibus
1062 1549 1296 1634 positis
1343 1550 1655 1620 dicimus:
2819 1557 2826 1564 '

671 1659 726 1724 1.
777 1659 873 1724 Ex
920 1659 1179 1725 somniis
1224 1661 1620 1726 naturalibus
1659 1659 2200 1746 superstitiosum
2250 1674 2384 1725 non
2418 1663 2521 1723 est
2555 1652 2886 1739 conjicere
2924 1668 3112 1737 prae-

503 1771 761 1832 sentem
812 1764 1111 1848 corporis
1152 1765 1613 1850 valetudinem,
1651 1766 1749 1834 vel
1783 1773 2026 1834 statum
2062 1764 2360 1852 ejusdem
2407 1763 2739 1840 futurum;
2790 1758 2944 1845 quia
2997 1758 3114 1823 in·

504 1878 605 1940 ter
654 1872 798 1940 baec
845 1870 1195 1939 intercedit
1244 1891 1393 1940 vera
1447 1881 1510 1940 et
1561 1875 1880 1942 naturalis
1929 1873 2279 1941 connexio.
2329 1874 2523 1939 Esset
2586 1876 2805 1936 tamen
2857 1880 3112 1949 super-

503 1978 837 2046 stitiosum
892 1978 1041 2046 inde
1112 1978 1441 2064 conjicere
1503 1980 1721 2048 futura
1793 1998 1867 2049 ac
1941 1980 2148 2048 libere
2218 1975 2701 2062 contingentia3
2749 1990 2903 2041 cum
2952 1970 3112 2038 haec

502 2086 766 2154 nonnisi
818 2104 853 2153 a
902 2087 1106 2155 libera
1157 2093 1220 2154 et
1266 2087 1538 2156 volubili
1590 2088 1877 2157 hominis
1928 2088 2263 2156 voluntate
2312 2084 2837 2172 proficiscantur.

679 2195 741 2260 2.
793 2195 888 2261 Ex
934 2195 1194 2260 somniis
1261 2196 1616 2263 casualibus
1664 2203 1764 2264 est
1811 2194 2355 2281 superstitiosum
2427 2192 2646 2260 futura
2718 2185 3095 2255 deducere:

504 2299 656 2385 quia
705 2300 763 2367 si
809 2300 1136 2383 casualia,
1189 2309 1526 2388 nequeunt
1575 2322 1724 2373 esse
1772 2305 2198 2371 accomodata
2262 2300 2339 2368 ad
2405 2316 2545 2368 rem
2593 2294 2958 2384 quamlibet
3007 2292 3108 2361 si-

501 2405 952 2490 gnificandam.
1000 2411 1082 2478 At
1131 2426 1263 2475 non
1313 2408 1648 2477 videretur
1697 2429 1968 2495 peccare
2018 2409 2390 2477 mortaliter
2438 2404 2552 2493 qui
2602 2405 2688 2473 ob
2753 2399 3101 2471 somnium

501 2512 885 2598 praecedens
929 2515 1176 2582 omittit
1224 2515 1323 2583 vel
1373 2516 1560 2601 ponit
1608 2517 1937 2585 actionem
1986 2516 2505 2588 indifferentem:
2555 2511 2706 2599 quia
2751 2509 2816 2576 id
2866 2506 3102 2594 potius

500 2638 578 2689 ex
628 2621 907 2707 quadam
958 2622 1155 2690 animi
1199 2622 1622 2710 simplicitate
1669 2625 1768 2693 vel
1805 2626 2002 2693 nimia
2044 2623 2395 2693 timiditate
2432 2619 2771 2708 provenire
2805 2614 3100 2695 videtur,

500 2748 553 2795 v,
604 2747 664 2814 g.
713 2729 767 2796 si
818 2730 965 2817 quis
1015 2731 1353 2800 omitteret
1401 2732 2006 2801 deambulationem
2038 2788 2054 2816 ‚
2107 2732 2260 2820 quia
2309 2728 2661 2799 somniavit
2709 2744 2782 2795 se
2834 2725 2978 2793 fore
3026 2722 3098 2789 in

499 2855 572 2906 ea
621 2837 986 2925 proditorie
1032 2839 1159 2908 hoc
1211 2840 1310 2908 vel
1358 2841 1565 2908 altero
1614 2840 1722 2909 die
1770 2841 2317 2910 interficiendum.
2745 2893 2752 2902 ,

683 2946 744 3012 3.
794 2947 1080 3029 somniis,
1132 2965 1281 3033 ηοω
1310 2955 1464 3015 sunt
1499 2956 1692 3016 certo·
1716 2948 1814 3016 vel
1851 2947 2260 3036 probabilius
2292 2966 2335 3013 a
2365 2950 2513 3026 Deo,
2550 2949 2855 3011 tenemur
2890 2936 3096 3004 fidem

500 3051 852 3120 adbibere:
902 3071 1052 3122 cum
1101 3053 1455 3140 aliquando
1506 3054 1591 3120 ita
1641 3055 2022 3124 locuturum
2071 3075 2143 3124 se
2194 3050 2571 3140 promiserit
2604 3047 2654 3115 ².

674 3163 734 3227 4.
785 3161 1054 3229 somniis
1099 3162 1426 3229 diabolicis
1474 3161 1746 3231 credere
1795 3170 1896 3232 est
1942 3163 2221 3232 mortale
2270 3160 2423 3249 (nisi
2459 3154 2850 3242 simplicitas
2897 3168 3098 3219 excu—

497 3268 625 3352 set)
642 3293 663 3348 3
712 3287 860 3337 cum
910 3269 996 3339 sit
1044 3269 1384 3337 veritatem
1432 3270 1710 3339 fundare
1760 3276 1818 3339 in
1869 3271 2212 3340 mendacio
2248 3278 2313 3338 et
2347 3255 2738 3338 societatem
2769 3276 2922 3329 cum
2957 3256 3097 3324 ἀω-

493 3391 691 3442 mone
741 3375 924 3454 inire.
976 3380 1113 3445 Hoc
1162 3395 1363 3463 porro
1413 3396 1618 3446 sensu
1667 3378 1825 3446 dicit
1872 3397 2056 3447 sacra
2107 3378 2481 3463 Scriptura:
2543 3391 2672 3438 non
2739 3363 3095 3452 ‹inaurabi—

492 3482 671 3562 mim‘,
721 3501 832 3549 nec
875 3484 1272 3551 observabitis
1316 3486 1564 3552 somnia
1611 3483 1661 3552 ³.

574 3640 758 3703 na.
806 3641 1107 3716 Quomodo
1140 3645 1460 3725 (quaeres)
1504 3647 1747 3709 somnia
1787 3654 2082 3726 poterunt
2125 3663 2164 3710 a
2206 3664 2269 3709 se
2304 3646 2566 3709 invicem
2594 3642 3091 3707 discriminari?

573 3719 641 3785 R.
683 3722 776 3784 En
826 3725 1139 3787 tutissima
1187 3725 1440 3806 regula:
1488 3726 1551 3807 1)
1596 3730 1648 3789 si
1695 3730 2011 3790 somnium
2042 3727 2313 3806 impellit
2340 3727 2415 3790 ad
2462 3725 2725 3799 bonum,
2755 3722 3088 3801 aufugam

492 3802 765 3882 alicujus
807 3807 1070 3882 peccati,
1093 3805 1171 3867 ad
1202 3815 1411 3869 actum
1447 3807 1803 3884 charitatis,
1825 3809 2057 3870 merito
2088 3824 2118 3869 a
2148 3807 2277 3871 Deo
2301 3824 2440 3871 esee
2472 3805 2860 3869 censebitur.
2892 3820 2923 3864 a
2957 3819 3092 3881 quo

490 3892 642 3948 sunt
684 3886 897 3947 omnia
943 3884 1141 3948 bona:
1187 3902 1442 3966 semper
1489 3898 1702 3950 tamen
1748 3905 1890 3951 cum
1955 3904 2184 3968 magna
2252 3887 2620 3954 bumilitate
2684 3894 2748 3947 et
2815 3886 3088 3957 timore3
3145 3933 3148 3936 ,

491 3980 632 4027 cum
680 3963 972 4028 diabolus
1015 3984 1184 4046 saepe
1228 3984 1294 4029 se
1342 3970 1758 4047 transfiguret
1823 3971 1888 4031 in
1949 3971 2266 4048 Angelum
2330 3969 2513 4031 lucis.
2558 3966 2763 4029 Aliter
2809 3966 2977 4053 erit³
3023 3964 3084 4025 si

490 4046 807 4111 somnium
858 4046 1131 4125 impellit
1174 4047 1249 4109 ad
1313 4048 1583 4126 malum,
1627 4048 1729 4111 vel
1775 4049 1852 4111 ad
1899 4049 2223 4129 quidpiam
2273 4048 2681 4129 imprudens3
2724 4044 2791 4124 Ξ)
2839 4050 3092 4134 pariter

489 4125 542 4186 si
588 4129 730 4202 quis
778 4136 918 4204 post
959 4130 1276 4192 somnium
1323 4147 1391 4192 se
1447 4131 1686 4193 sentiat
1728 4128 2107 4192 alacriorem
2153 4131 2229 4193 ad
2278 4130 2513 4193 bonum
2576 4137 2646 4189 et
2685 4128 2749 4187 in
2800 4139 3086 4202 proprus

490 4204 715 4268 officiis
760 4209 1240 4287 promptiorem,
1286 4210 1637 4289 prudenter
1695 4212 2100 4275 existimatur
2143 4212 2463 4274 somnium
2506 4224 2646 4270 esse
2691 4222 2725 4268 a
2773 4204 2922 4268 Deo.
2967 4200 3081 4264 Se·

489 4301 601 4349 cus
644 4290 697 4348 si
740 4290 885 4366 quis
928 4291 1140 4351 animo
1186 4292 1626 4370 perturbatum
1672 4309 1740 4355 se
1783 4294 2054 4367 sentiat,
2098 4304 2162 4356 et
2206 4293 2418 4356 minus
2477 4295 2845 4369 promptum
2888 4297 3082 4363 expe·

488 4367 726 4441 riatur3
771 4368 838 4448 3)
882 4370 933 4430 si
982 4370 1190 4434 adbuc
1233 4373 1441 4451 quoad
1486 4374 1717 4436 somnii
1765 4374 2140 4453 qualitatem
2186 4373 2448 4437 dubium
2496 4375 2867 4442 remaneat,
2916 4379 3081 4445 prae·

550 4606 575 4710 ξ
606 4607 785 4721 §gff'c
789 4618 896 4730 11111,
927 4610 1089 4721 ἶίξ.
1124 4613 1388 4676 Ferraris;
1425 4614 1483 4664 V.
1520 4612 1803 4664 Somnium.
1835 4639 1899 4651 -
1922 4603 2152 4686 Liguofi,
2187 4611 2344 4675 opus.
2377 4612 2531 4673 Mor„
2567 4611 2605 4661 l.
2638 4622 2714 4669 m,
2751 4618 2804 4659 n.
2840 4609 2888 4657 9.

552 4733 576 4773 ⁸
611 4734 732 4783 Lev.
767 4743 878 4783 xix.
912 4756 978 4770 —
1017 4732 1070 4783 V.
1105 4730 1159 4783 d.
1194 4734 1450 4796 Thomas,
1484 4738 1534 4798 2,
1569 4738 1620 4800 2,
1654 4748 1706 4800 q.
1739 4739 1820 4799 οὔ,
1856 4749 1907 4788 a.
1940 4739 1991 4788 6.
