3292 5167
1183 262 1641 313 *numu-mm
1664 199 1667 202 ’
2577 244 2698 312 {sl

156 384 306 436 casn
349 368 499 442 voti,
540 368 706 430 sicut
751 367 1026 430 intentio
1068 365 1462 448 legislatoris
1503 376 1603 430 est
1638 368 1849 430 anima
1897 367 2077 447 legis.
2140 365 2290 429 Ideo
2333 366 2706 444 videndum,

159 467 278 516 nu
316 447 488 510 illins
523 448 810 511 intentio
848 447 950 526 sit,
994 454 1066 510 ut
1107 447 1451 511 deficiente
1514 463 1638 510 una
1706 457 1888 527 parte
1924 457 1989 509 et
2043 446 2166 510 alia
2212 456 2552 509 censeatur
2596 447 2704 509 de·

161 533 326 604 time,
351 544 432 591 an
461 542 622 591 vero
659 542 742 590 ex
770 526 1059 591 adverso.
1087 526 1155 590 Si
1187 528 1268 591 de
1296 526 1659 591 intentione
1691 543 1819 590 non
1852 534 2121 603 constet,
2158 542 2237 589 en
2273 527 2516 607 regulae
2561 542 2706 590 cum

279 707 331 770 1·
372 706 658 785 Reputo.-
703 704 968 778 Quando
1013 712 1226 785 partes
1271 706 1400 767 voti
1444 715 1596 768 sunt
1640 704 1901 767 divisim
1946 705 2091 768 sine
2140 704 2575 784 dependentia
2626 704 2705 767 ad

165 790 401 862 invitm,
445 796 535 848 ita
584 794 656 851 ut
696 786 970 865 singulae
1015 794 1227 865 partes
1271 787 1404 847 sint
1447 801 1560 865 per
1604 802 1673 849 se
1716 785 1983 861 materia
2052 787 2186 847 voti
2233 786 2472 848 virtute
2517 787 2702 864 quasi

163 868 500 947 multiplicis,
548 875 703 932 tunc
745 866 798 929 si
844 881 968 928 una
1016 882 1160 945 pars
1202 868 1286 928 sit
1331 864 1429 927 vel
1465 866 1572 929 flat
1610 867 1850 944 inepta,
1885 864 2304 945 impossibilis
2344 865 2457 927 vel·
2491 866 2707 929 minus

162 949 299 1021 hana}
346 957 563 1010 votum
610 946 802 1022 valet,
847 955 911 1009 et
952 945 1195 1025 obligat
1257 943 1335 1010 ad
1397 956 1645 1025 partem
1711 955 2154 1009 remanentem
2224 945 2595 1025 possibilem
2643 954 2708 1008 et

161 1030 336 1093 bonam
373 1030 558 1107 juxta
609 1026 813 1091 illud:
882 1024 1045 1089 Utile
1106 1044 1228 1089 non
1268 1024 1447 1090 debet
1484 1044 1599 1106 per
1669 1025 1898 1090 inutile
1966 1027 2197 1089 vitiari
2215 1047 2244 1099 ,·
2293 1024 2607 1104 intellige,
2653 1026 2706 1087 si

159 1109 275 1174 utile
306 1109 378 1171 ab
423 1108 646 1172 inutili
692 1109 975 1187 separari
1028 1109 1246 1186 possit.
1293 1108 1454 1170 Hinc
1499 1108 1605 1188 qui
1644 1109 1823 1169 vovit
1869 1106 2022 1168 dare
2070 1107 2204 1179 100,
2242 1107 2303 1169 ‘si
2352 1105 2554 1168 factus
2602 1106 2711 1168 im·

157 1200 333 1269 potens
361 1204 488 1250 non
529 1190 736 1269 possit
778 1187 932 1249 dare
979 1189 1097 1250 nisi
1146 1187 1387 1262 decem,
1434 1178 1692 1250 tenetur
1735 1187 1813 1250 ad
1862 1188 2102 1249 decem.
2149 1186 2278 1250 Hoc
2326 1188 2531 1249 currit
2575 1200 2706 1248 ma·

157 1277 284 1333 xime
321 1269 396 1331 de
437 1274 613 1332 votis
657 1267 1017 1350 poenalibus
1059 1277 1125 1330 et
1165 1269 1487 1331 afflictivis
1532 1269 2007 1340 immoderatis,
2055 1284 2199 1347 quae
2246 1282 2373 1328 non
2419 1266 2709 1346 obligant

155 1349 314 1432 quoad
361 1366 702 1414 excessum
746 1348 1077 1411 moraliter
1124 1349 1622 1430 impossibilem3
1671 1350 1735 1410 in
1782 1348 2030 1427 reliquo
2076 1348 2205 1411 obli
2257 1356 2385 1410 ant.

270 1430 329 1493 2³
366 1430 654 1510 Reputo:
711 1428 975 1503 Quando
1041 1439 1254 1509 partes
1317 1438 1465 1508 voto
1516 1430 1848 1508 promissae
1880 1437 2030 1491 sun-t
2062 1445 2223 1508 copu
2254 1430 2409 1491 atim
2440 1442 2553 1507 per
2583 1441 2707 1488 mo·

154 1511 267 1574 dum
306 1513 490 1573 unius
536 1513 761 1583 totius»,
806 1514 891 1571 ita
938 1518 1005 1572 nt
1048 1510 1357 1588 obligatio
1402 1511 1593 1573 unius
1638 1512 1840 1588 partis
1887 1509 2165 1589 pendeat
2195 1509 2274 1572 ab
2307 1506 2706 1587 obligatione

153 1592 369 1654 alterins
409 1606 480 1653 ac
529 1594 742 1654 totins
786 1591 1104 1669 promissi,
1147 1590 1490 1654 deficiente
1537 1599 1718 1670 parte
1764 1606 1911 1665 una,
1956 1591 2176 1655 deficit
2228 1599 2294 1652 et
2336 1588 2459 1650 alia
2485 1606 2504 1663 ;
2559 1603 2707 1649 nam

155 1682 269 1734 tunc
305 1675 600 1734 voventis
645 1673 924 1734 intentio
970 1687 1097 1732 non
1156 1678 1274 1747 est,
1319 1672 1442 1733 nisi
1490 1669 1569 1734 de
1634 1678 1788 1746 toto,
1853 1688 1965 1733 sen
2011 1671 2089 1734 de
2163 1686 2233 1734 re
2301 1668 2707 1731 indivisibili.

155 1752 277 1816 ilinc
311 1753 411 1831 qui
453 1755 644 1814 vovit
683 1751 983 1831 jejunare
1029 1767 1142 1829 pro
1187 1749 1532 1827 defunctis»,
1576 1750 1690 1813 sed
1738 1752 1802 1813 in
1850 1750 1956 1814 die
1982 1752 2379 1825 Animarum,
2409 1750 2461 1811 si
2495 1764 2571 1810 eo
2603 1747 2708 1811 die

154 1834 218 1894 sit
249 1832 516 1909 legitime
572 1831 943 1912 impeditus,
985 1830 1136 1893 non*
1164 1839 1421 1894 tenetur
1457 1831 1532 1894 ad
1577 1831 1641 1893 id
1686 1830 1809 1895 alia
1857 1830 1980 1894 die.

273 1911 328 1975 3·
366 1912 658 1993 Regula.-
724 1911 1093 1974 Videndum
1138 1912 1289 1991 quid
1336 1914 1404 1974 in
1453 1919 1598 1974 voto
1673 1913 1757 1974 sit
1802 1910 2181 1992 principale,
2228 1916 2321 1974 ·ut
2393 1910 2705 1973 habeatur

159 1994 286 2054 ratio
321 1992 485 2056 illins
533 1992 818 2071 regnlae:
863 1998 1082 2055 ruente
1120 1991 1490 2072 principali,
1534 1993 1673 2055 ruit
1711 1995 1773 2054 et
1814 1993 2251 2067 accessorium,
2303 2006 2430 2052 non
2474 2006 2509 2052 e
2556 2005 2704 2051 con·
2761 2002 2766 2007 ·

165 2073 335 2134 trario.
369 2073 530 2135 Hinc
584 2075 695 2154 qni
740 2073 915 2135 vovit
957 2089 1025 2136 se
1059 2074 1624 2155 peregrinaturum
1675 2073 1862 2136 nudis
1896 2072 2187 2152 pediduS‚
2235 2071 2287 2134 si
2325 2078 2541 2150 postea
2578 2085 2704 2131 non

168 2153 323 2231 possit
353 2153 465 2216 hoc
511 2153 717 2216 modo
764 2154 1186 2233 peregrinari,
1228 2156 1376 2233 quia
1421 2154 1732 2216 indecens
1776 2153 1877 2216 vel
1916 2151 2332 2233 impossibile,
2377 2151 2588 2214 adbuc
2626 2149 2706 2213 ad

169 2235 710 2311 peregrinationem
755 2230 1044 2309 tenetur3
1090 2249 1236 2313 nam
1272 2234 1711 2315 peregrinatio
1757 2242 2056 2298 censetur
2087 2232 2531 2314 principaliter
2562 2248 2705 2310 pro·

168 2314 326 2376 missa.
361 2314 407 2377 E
448 2315 790 2378 contrario
837 2316 887 2377 si
936 2322 1212 2394 nequeat
1254 2316 1843 2393 peregrinationem
1889 2331 2103 2393 agere,
2125 2329 2254 2376 non
2295 2321 2550 2376 tenetur
2596 2310 2705 2374 tali

167 2392 243 2456 die
276 2395 441 2458 nudis
485 2395 769 2476 pedibus
806 2403 1019 2471 stare3
1062 2396 1207 2475 quia
1258 2394 1378 2456 boc
1423 2396 1851 2459 accessorium
1884 2402 2002 2458 est.

1185 2639 1309 2720 (L)
1349 2641 1503 2722 Paq.
1538 2612 1636 2704 53.

217 2848 400 2912 m.
443 2852 513 2925 Q.
563 2853 620 2914 1.
667 2850 1084 2915 Reoiviscitne
1124 2858 1335 2915 votum
1373 2853 1672 2931 primum,
1714 2852 1963 2930 quando
2005 2866 2157 2931 opus
2199 2852 2534 2915 secundum
2571 2856 2715 2929 post

167 2929 349 3007 foetam
385 2933 940 2996 commutationem
980 2934 1268 2996 redditur
1311 2931 1748 3012 impossibile?

219 3009 276 3072 B.
308 3009 367 3073 Si
409 3015 539 3076 voti
590 3013 1008 3076 commutatio
1053 3020 1308 3093 peracta
1354 3014 1475 3076 fuit
1518 3014 1903 3076 auctoritate
1951 3011 2328 3091 superioris,
2375 3026 2501 3072 non
2548 3012 2713 3074 revi-

167 3089 306 3154 viscit
339 3101 557 3158 votum
605 3094 927 3173 primum3
970 3096 1117 3173 quia
1163 3095 1544 3157 auctoritate
1588 3094 1946 3174 superioris
1998 3108 2112 3170 per
2161 3091 2411 3155 dictam.
2439 3106 2714 3155 commu·

169 3173 414 3236 tationem
460 3175 783 3237 remansit
848 3176 1242 3239 extinctum:
1307 3175 1457 3236 hinc
1501 3177 1553 3236 si
1612 3190 1644 3236 a
1713 3174 2045 3251 superiore
2112 3188 2226 3251 pro
2302 3170 2706 3253 eleemosyna

167 3258 274 3314 voto
309 3256 614 3332 promissa
668 3254 1079 3333 subrogatum
1123 3262 1221 3317 est
1258 3255 1579 3334 jejunium
1627 3252 1740 3316 tali
1786 3254 1892 3316 die
1928 3252 2290 3333 designato,
2325 3255 2380 3314 si
2407 3254 2708 3331 jejunare

169 3332 398 3411 noluisti,
435 3336 769 3414 peccasti;
813 3335 924 3398 sed
970 3351 1098 3397 non
1143 3334 1417 3414 amplius
1461 3335 1707 3397 teneris
1750 3334 1828 3396 ad
1874 3332 2369 3413 eleemosynam.
2427 3332 2491 3394 Si
2538 3348 2707 3396 com·

167 3415 380 3475 mutabo
419 3419 505 3477 sit
551 3415 721 3477 tacta
764 3430 798 3477 a
836 3425 1128 3492 vovente,
1166 3425 1384 3478 votum
1442 3415 1796 3491 reviviscit,
1858 3414 2006 3493 quia
2050 3416 2297 3492 privata
2362 3415 2713 3477 auctoritas

167 3494 455 3573 aonvaiet
495 3496 889 3574 extinguere
931 3512 1067 3559 rem
1111 3497 1307 3559 semel
1357 3496 1757 3575 promissam,
1821 3495 1931 3556 sed
1980 3493 2075 3556 illi
2147 3501 2394 3558 tantum
2456 3493 2711 3558 abunde

166 3570 295 3635 valet
328 3576 704 3639 satisfacere
735 3595 755 3651 ;
812 3576 954 3639 ideo
1019 3578 1072 3639 si
1119 3578 1343 3655 primae
1398 3575 1781 3653 obligationi
1846 3575 2167 3637 satisfieri‘
2219 3576 2436 3653 possit,
2502 3576 2712 3638 adbuc

172 3652 270 3730 ipsa
293 3666 598 3731 remanet,
646 3655 797 3719 licet
839 3673 997 3737 opus
1039 3657 1393 3719 secundnm
1441 3656 1679 3718 factum
1718 3657 1803 3717 sit
1849 3653 2264 3735 impossibile.
2554 3690 2557 3699 ‹

223 3734 306 3798 Aa
340 3741 714 3801 commutato
747 3744 884 3800 voto
924 3744 1264 3812 reservato,
1307 3737 1584 3799 materia
1628 3734 1974 3816 subrepam
2002 3743 2330 3799 reservata
2363 3737 2504 3797 sic?
2533 3734 2711 3796 Affir-

169 3820 267 3876 mt
297 3816 588 3881 Azorius:
634 3816 748 3880 sed
791 3819 1219 3881 communiter
1253 3826 1318 3881 et
1361 3816 1759 3895 probabilius
1790 3826 2030 3895 negant
2059 3817 2362 3896 Layman,
2404 3815 2716 3888 Sancbez,

171 3890 374 3972 Staret,
413 3898 695 3977 aliiqne;
738 3898 884 3978 quia
923 3897 1076 3961 licet
1118 3898 1385 3961 materia
1451 3899 1797 3976 subrogata
1864 3897 2098 3960 babeat
2164 3897 2333 3959 idem
2368 3894 2719 3957 vinculum

174 3976 286 4049 voti,
323 3987 606 4042 attamen
653 3994 782 4040 non
829 3977 1023 4042 babet
1068 3978 1238 4041 idem
1285 3977 1614 4041 vinculum
1664 3978 2147 4050 reservationis,
2192 3978 2246 4038 si
2281 3977 2403 4039 hoc
2446 3974 2714 4037 materia

179 4052 456 4135 subrogata
504 4073 640 4121 non
687 4057 870 4121 ferat.
911 4092 992 4105 —
1035 4058 1316 4138 Lignori,
1366 4057 1471 4138 Op.
1515 4058 1695 4128 Mor„
1743 4057 1781 4119 l.
1827 4057 2031 4135 111,'n.
2075 4056 2211 4119 258.

229 4132 401 4198 m.
443 4138 512 4213 Q.
559 4140 621 4201 2.
667 4140 769 4203 An
808 4137 1106 4283 Ροπῑὲζεω
1189 4141 1351 4202 ossit
1390 4139 1752 4219 dispensare
1795 4139 1862 4201 in
1903 4139 2063 4201 votis
2106 4133 2483 4199 solemnibus
2510 4136 2541 4196 9

233 4211 286 4277 ll.
321 4216 734 4282 communius
775 4227 843 4281 et
886 4235 998 4299 pro
1046 4220 1146 4282 abi
1182 4221 1279 4283 ins
1340 4219 1575 4282 docent
1617 4218 1827 4295 Sotus,
1882 4216 2142 4290 Suarez,
2196 4214 2452 4296 Sylvius
2497 4224 2719 4277 contra

181 4290 410 4375 Billuart,
451 4300 836 4363 Pontificem
880 4316 1064 4379 posse
1107 4299 1487 4380 dispensare
1532 4303 1597 4361 in
1641 4300 1810 4362 votis
1852 4296 2253 4360 solemnibus
2314 4295 2521 4375 quoad
2566 4294 2717 4358 reli-

184 4387 342 4451 giosos
377 4389 442 4442 et
483 4378 761 4459 clericos
807 4380 875 4442 in
917 4379 1152 4443 Sacris.
2043 4420 2047 4424 »

195 4484 202 4497 =
299 4458 345 4519 1.
383 4459 603 4535 Quoad
638 4459 1006 4540 reliyiosos;
1053 4476 1179 4523 non
1227 4457 1486 4540 quidem
1531 4460 1652 4521 boc
1695 4474 1909 4534 sensu,
1957 4466 2029 4520 nt
2070 4456 2260 4520 simul
2319 4456 2452 4519 sint
2494 4455 2716 4534 conju-

181 4536 278 4613 μή
311 4546 370 4603 at
403 4542 706 4605 monachi
773 4550 1194 4617 remaneant;
1239 4553 1383 4602 nam
1447 4548 1664 4603 votum
1730 4539 2044 4603 castitatis
2108 4545 2205 4600 est
2246 4536 2329 4600 de
2362 4536 2501 4600 Reli
2552 4536 2719 4598 ionis

182 4620 408 4685 mutia
433 4641 454 4684 z
486 4620 607 4685 sed
646 4629 966 4702 qnatenus
1006 4637 1115 4685 eos
1158 4638 1193 4684 a
1231 4618 1629 4700 professione
1674 4619 1937 4683 nomine
1973 4619 2083 4682 Dei
2130 4606 2373 4682 solutos
2403 4616 2520 4681 dec
2549 4624 2711 4694 arat,

183 4703 583 4776 maestissima
625 4717 814 4768 causa
858 4703 1357 4778 interveniente,
1398 4701 1708 4765 nimirum
1750 4700 1831 4765 ob
1889 4701 2129 4765 bonum
2191 4712 2532 4763 commune
2597 4695 2715 4758 Ec·
