3292 5167
461 209 590 272 464
1147 227 1261 271 ue.
1311 223 1374 270 ιι.
1419 224 1632 271 rimer.
1681 224 1783 271 vn.
1834 225 1984 270 nise.
2034 222 2076 269 1.
2126 224 2257 270 cm».
2306 225 2347 270 1.

458 330 528 396 in
566 311 677 413 jus
724 326 1043 395 debitoris
1093 345 1212 413 pro
1262 335 1463 413 quota
1498 326 1731 395 crediti
1787 333 1840 395 ¹.
1875 326 2076 395 Addit
2111 325 2336 395 Codex
2374 327 2616 396 civilis:
2657 326 3077 396 Tractandosi·

459 435 528 500 di
569 434 685 501 atti
728 454 771 501 a
812 434 984 501 titolo
1029 453 1284 502 oneroso
1348 435 1411 501 la
1454 434 1629 519 frode
1675 434 1851 503 debbe
1894 435 2193 501 risultare
2237 434 2344 500 dal
2387 448 2569 502 canto
2606 435 2674 501 di
2707 434 3004 501 ambedue
3036 433 3068 498 i

460 541 823 608 commenti.
870 543 993 608 Per
1034 540 1126 627 qli
1170 541 1286 608 atti
1330 562 1371 607 a
1417 543 1588 609 titolo
1631 543 1909 628 yratuito
1943 543 2117 609 basta
2162 544 2271 609 che
2314 543 2378 609 la
2426 542 2603 629 frede
2647 543 2747 609 sia
2797 543 3069 609 interve-

459 659 619 715 maa
654 666 771 734 per
809 661 994 743 perte
1039 647 1137 714 del
1181 648 1446 716 debitore
1500 648 1652 734 (art.
1705 649 1905 733 1235)
1956 652 1984 696 ²
2035 650 2170 734 (F).

549 786 666 849 Hic
715 798 925 850 tamen
977 799 1266 851 notamus
1310 805 1452 851 cum
1498 791 1770 868 sapienti
1822 788 2116 865 Billnart‚
2164 789 2521 852 creditores
2566 789 2713 852 illos
2780 791 3056 851 minime

464 885 606 931 esse
653 869 1104 949 inquietandos
1143 872 1275 948 qui,
1317 879 1538 933 exorta
1576 870 1657 932 de
1695 870 1953 934 fortuna
1990 870 2306 933 debitoris
2341 872 2728 949 suspicione,
2760 869 3053 932 debitum

466 958 806 1027 repetunt:
874 959 1006 1013 tum
1052 952 1197 1029 quia
1246 954 1382 1012 baec
1426 961 1524 1013 est
1567 952 1950 1030 vigilantia;
2016 965 2147 1013 tum
2195 953 2343 1031 quia
2391 967 2521 1013 non
2566 951 2920 1014 constando
2980 948 3067 1012 de

467 1031 844 1108 impotentia
891 1031 1222 1106 debitoris,
1261 1032 1366 1109 jus
1410 1048 1593 1093 suum
1643 1031 1932 1112 legitime
1974 1040 2475 1112 prosequuntur.
3016 1038 3022 1043 ’

558 1165 785 1233 688..
820 1170 892 1247 Q.
940 1170 1000 1235 5.
1054 1168 1356 1248 Quisnam
1415 1169 1824 1235 restitutionis
1892 1169 2042 1235 ordo
2111 1169 2455 1236 servandus
2499 1180 2586 1235 est
2634 1169 2797 1235 inter
2841 1188 3075 1235 causas

469 1275 792 1358 neqativas
835 1292 890 1340 et
934 1295 1158 1342 causas
1196 1276 1503 1363 positiva-s
1524 1282 1556 1344 P

561 1383 631 1449 R.
681 1383 860 1448 Inter
906 1384 1120 1449 varios
1170 1389 1609 1468 cooperantes
1661 1383 1770 1451 ille
1805 1391 2069 1451 tenetur
2103 1385 2318 1469 primo
2353 1382 2502 1451 loco
2540 1384 2912 1465 restituere,
2950 1381 3067 1468 qui

475 1505 614 1556 rem
664 1490 941 1559 alienam
991 1491 1187 1559 babet
1202 1518 1221 1573 3
1272 1510 1420 1559 cum
1456 1509 1531 1559 ea
1564 1510 1831 1576 semper
1863 1491 2100 1561 clamet
2136 1491 2218 1558 ad
2252 1491 2617 1559 dominum.
2665 1492 2900 1575 Neque
2950 1489 3071 1557 ob—

475 1603 628 1679 stat,
662 1597 712 1663 si
750 1615 893 1666 eam
943 1598 1433 1683 consumpserit
1448 1624 1467 1679 3
1517 1599 1669 1685 quie
1719 1606 1898 1667 recte
1936 1619 2058 1686 pro
2098 1618 2448 1686 possessore
2477 1601 2735 1666 habetur
2776 1599 2886 1684 qui
2930 1597 3085 1664 dolo-

476 1703 653 1771 desiit
693 1706 1025 1791 possidere.
1090 1706 1281 1786 Quod
1328 1706 1382 1774 si
1435 1724 1629 1774 nemo
1697 1724 1835 1775 rem
1899 1708 2181 1776 alienam
2258 1725 2549 1792 unquam
2617 1706 2945 1786 habuerit,
2996 1711 3079 1772 ut

478 1812 717 1893 evenit,
768 1831 824 1879 v,
877 1832 957 1898 g.‚
1007 1814 1062 1881 si
1111 1832 1186 1882 ea
1235 1815 1299 1882 in
1349 1813 1657 1882 incendio
1718 1815 1913 1882 fuerit
1974 1822 2390 1901 consumpta,
2440 1824 2600 1883 tunc
2649 1814 2865 1900 primo
2918 1812 3071 1880 loco

480 1925 747 1988 tenetur
793 1921 1145 1990 restituere
1189 1922 1522 2004 mandans,
1571 1921 1710 1991 sive
1758 1921 2038 1991 consilio
2088 1922 2227 1991 sive
2274 1921 2554 2008 imperio
2627 1919 3075 2002 mandaverit3

482 2027 633 2112 quia
684 2026 824 2113 ipse
858 2028 978 2095 fuit
1009 2028 1264 2114 primus
1309 2047 1601 2108 movenS‚
1641 2037 1707 2097 et
1742 2031 2047 2116 princeps
2097 2048 2294 2098 causa
2329 2037 2381 2097 ⁸.
2430 2067 2522 2077 —
2566 2027 2872 2098 Secundo
2924 2028 3076 2096 loco

483 2141 747 2202 tenetur
790 2148 1083 2202 eoeecutor
1119 2155 1237 2203 seu
1274 2135 1752 2217 mandatarius;
1788 2138 1940 2221 quia
1988 2146 2090 2205 est
2126 2137 2523 2224 principalis,
2567 2138 2680 2221 qui
2715 2144 2870 2223 post
2895 2152 3076 2202 man-

484 2241 749 2310 dantem
783 2242 1095 2310 damnum
1121 2243 1567 2311 immediatius
1594 2244 1879 2329 attingit.
1912 2281 2003 2293 —-
2026 2246 2248 2314 Tertio
2277 2245 2426 2313 loco
2453 2252 2692 2313 ceterae
2727 2264 2937 2312 causae
2958 2264 3076 2331 po-

482 2350 721 2417 sitivoe:
771 2350 1129 2418 consulens
1169 2351 1233 2416 in
1273 2350 1543 2418 alterius
1592 2352 1889 2436 gratiam,
1939 2352 2388 2435 consentienS,
2427 2350 2722 2434 laudam,
2772 2359 2923 2433 etc„
2959 2351 3073 2419 ba-

490 2456 620 2524 bita
672 2456 975 2526 videlicet
1025 2457 1281 2526 ratione
1328 2459 1851 2544 cooperationis3
1907 2476 2122 2544 neque
2169 2461 2345 2528 enim
2396 2477 2521 2527 una
2572 2467 2675 2527 est
2723 2460 2933 2544 magis
2969 2458 3068 2527 vel

487 2564 709 2631 minus
782 2564 1164 2651 principalis
1236 2583 1434 2634 causa
1501 2574 1811 2651 respectu
1861 2566 2153 2650 alteriuS,
2202 2566 2316 2636 sed
2368 2584 2788 2653 unaquaeque
2835 2566 2903 2633 in
2950 2584 3081 2633 suo

490 2670 722 2739 ordine
771 2681 1123 2758 cooperata
1172 2681 1294 2742 est.
1346 2675 1507 2755 Quia
1557 2682 1778 2744 tamen
1826 2673 1908 2743 ad
1943 2668 2174 2744 'totum
2220 2682 2321 2744 est
2359 2682 2733 2760 cooperata,
2768 2680 2928 2741 sunt
2958 2672 3074 2758 qui

492 2779 855 2865 quamlibet
902 2798 1166 2849 causam
1215 2781 1510 2867 obligant
1558 2781 1638 2848 ad
1688 2790 1905 2851 totum
1950 2781 2265 2850 damnum
2328 2781 2867 2865 resarciendum,
2932 2781 3083 2848 aliis

491 2887 973 2956 deficientibus.
1027 2893 1184 2956 Haec
1234 2887 1318 2958 de
1372 2890 1591 2957 causis
1641 2889 1963 2976 positivis.
2606 2935 2610 2940 -

582 2995 825 3063 Ultimo
877 2995 1024 3062 loco
1075 2997 1341 3063 veniunt
1387 3016 1593 3063 causoe
1636 2996 1961 3081 nepativoe,
2010 2995 2128 3063 sed
2173 2994 2239 3062 in
2272 2994 2546 3062 aliarum
2594 2994 2894 3075 detectu;
2929 2993 3081 3080 quie

496 3119 649 3169 cum
699 3121 893 3170 causa
943 3104 1222 3189 positiva
1273 3103 1359 3171 sit
1408 3103 1631 3189 potior
1679 3104 1741 3170 in
1790 3102 2063 3185 influxu,
2115 3102 2263 3170 ideo
2324 3103 2530 3187 prima
2576 3121 2724 3171 esse
2772 3102 2974 3179 debet
3015 3103 3083 3170 in

496 3209 930 3278 restituendo.
981 3212 1188 3279 Porro
1239 3211 1410 3278 inter
1457 3228 1690 3278 causas
1740 3210 2071 3295 negativas
2119 3210 2229 3278 illa
2268 3210 2574 3296 primitus
2609 3216 2895 3291 tenetur,
2937 3228 3084 3296 quae

498 3317 705 3401 magis
754 3317 1066 3385 damnum
1114 3326 1408 3386 avertere
1456 3319 1836 3386 tenebatur:
1887 3317 1983 3385 sic
2031 3326 2260 3389 custos
2309 3317 2616 3403 specialis
2665 3317 2755 3385 rei
2801 3316 3089 3402 alicujus

499 3425 909 3509 probabilius
961 3434 1224 3494 tenetur
1269 3434 1421 3495 ante
1470 3426 1817 3495 custodem
1851 3425 2247 3511 generalem,
2282 3425 2472 3511 quus
2506 3433 2610 3493 est
2640 3424 2957 3511 primario
2992 3423 3089 3491 in·

473 3531 765 3646 ⁶vigilare
813 3530 878 3598 in
927 3532 1249 3617 speciales
1298 3531 1632 3615 custodes,
1686 3550 1814 3600 non
1864 3531 1931 3600 in
1981 3549 2124 3600 rem
2172 3532 2403 3618 ipsam.
2456 3530 2798 3599 ordinarie
2867 3538 3084 3599 temen

499 3638 675 3705 inter
720 3655 830 3706 eas
880 3639 1101 3707 nullus
1148 3639 1408 3708 videtur
1454 3638 1617 3708 ordo
1668 3638 1936 3720 adesse3
1982 3655 2137 3707 cum
2183 3638 2314 3707 illae
2366 3638 2712 3724 aequaliter
2758 3637 2841 3707 de
2895 3657 2967 3707 re
2997 3646 3093 3711 te-

564 3869 584 3908 ¹
612 3869 726 3921 Art.
759 3869 870 3920 949.
888 3867 1105 3928 —Quid
1138 3869 1182 3918 st·
1212 3868 1407 3920 debitor
1435 3870 1829 3920 ecclesiasticum
1864 3867 2169 3931 Beneficium
2196 3868 2455 3930 possideat
2469 3878 2495 3927 ,·
2520 3871 2689 3930 potest
2718 3879 2783 3919 ne
2816 3871 2905 3919 lex
2935 3870 3097 3920 civilis

498 3933 649 3984 illum
681 3945 715 3981 a
746 3932 1126 3982 renuntiatione
1149 3930 1421 3992 prohibere
1440 3935 1470 3982 9

627 3996 689 4045 R.
723 3994 852 4045 Esto
881 3991 1026 4057 quod
1062 3993 1230 4056 possit
1258 3996 1593 4057 sequestrare
1623 3992 1828 4044 fructus
1856 3992 1969 4054 jam
2004 4004 2038 4061 3
2069 3989 2332 4042 Beneficio
2383 3992 2687 4053 perceptos;
2739 3995 2795 4042 at
2853 4000 2967 4043 non
2999 4000 3094 4053 po·

499 4058 602 4109 test
633 4056 747 4119 ejus
769 4055 1226 4108 renuntiationem
1259 4055 1515 4119 impedire
1533 4066 1548 4117 ;
1568 4066 1696 4106 nam
1722 4052 2066 4116 Beneficium,
2095 4055 2142 4105 si
2173 4054 2243 4105 sit
2272 4055 2709 4114 ecclesiasticum,
2734 4065 2845 4105 non
2868 4052 3097 4115 estjuris

501 4119 694 4177 civilis,
730 4121 789 4169 ut
820 4117 884 4169 de
918 4119 1006 4169 illo
1040 4117 1218 4168 valeat
1245 4116 1545 4179 disponere.

564 4181 589 4221 Ξ
630 4205 647 4225 ·
686 4180 914 4232 sarebbe
947 4178 1117 4231 intatti
1153 4182 1269 4242 trop
1309 4193 1343 4230 o
1378 4179 1513 4230 dura
1545 4189 1690 4239 cosa,
1726 4179 1822 4230 cbe
1855 4179 2041 4231 contro
2076 4178 2113 4228 il
2146 4176 2406 4229 creditore
2439 4177 2648 4241 potesse
2683 4178 2960 4240 prevalere
2986 4186 3113 4227 una.

504 4242 820 4303 donazione,
854 4242 1053 4293 bencbe
1087 4241 1138 4292 vi
1172 4242 1250 4291 sia
1321 4253 1464 4292 uona
1496 4240 1610 4291 tede
1644 4253 1734 4302 per
1767 4244 1914 4304 parte
1950 4239 2033 4292 del
2068 4238 2370 4291 donatario.
2406 4240 2449 4290 ll
2496 4238 2779 4291 donatario
2832 4243 2999 4290 certat
3036 4238 3098 4289 de

505 4305 649 4356 lucro
681 4308 968 4367 captarum,⁸
1004 4306 1206 4355 mentre
1239 4304 1276 4354 il
1307 4302 1570 4354 creditore
1602 4305 1700 4354 cbe
1731 4305 1985 4366 impugna
2017 4302 2194 4366 quella
2225 4301 2543 4360 domnione,
2577 4307 2744 4353 certat
2789 4303 2852 4353 de
2905 4304 3096 4353 damno

506 4368 730 4418 vitando.
771 4387 790 4411 »
827 4394 888 4404 —
924 4368 979 4419 C.
1016 4368 1074 4417 G.
1113 4368 1264 4427 11673
1296 4390 1361 4403 —-
1396 4366 1451 4416 C.
1485 4366 1531 4416 S.
1569 4367 1722 4427 11203
1750 4389 1811 4402 —
1851 4366 1905 4417 C.
1942 4365 1999 4417 P.
2036 4366 2189 4426 {1293
2224 4388 2288 4400 —
2323 4364 2379 4415 C.
2412 4363 2485 4414 M.
2521 4367 2659 4418 1208.

571 4430 593 4470 ⁸
636 4430 690 4479 V.
726 4429 951 4492 Liguori,
988 4430 1080 4491 Op.
1115 4428 1269 4488 Mor„
1305 4428 1339 4478 1.
1375 4439 1455 4487 ιιι,
1494 4439 1542 4477 ιι.
1575 4430 1687 4479 279.
1722 4428 1792 4477 ne
1826 4428 2138 4478 consulente
2169 4424 2390 4486 (damno
2422 4438 2489 4477 ex
2527 4427 2752 4477 consilio
2785 4428 2993 4485 secuto)
3025 4426 3101 4475 ait

506 4502 551 4543 ε.
582 4490 892 4553 Alpbonsus
923 4492 1043 4553 (Op.
1086 4490 1229 4551 Mor„
1257 4490 1295 4540 l.
1332 4502 1405 4549 ιιι,
1442 4501 1495 4539 ιι.
1528 4491 1672 4548 560);
1713 4507 1732 4532 e
1772 4488 1823 4539 Sl
1856 4488 2141 4539 consilium
2175 4488 2246 4539 sit
2277 4489 2409 4539 utile
2440 4487 2571 4538 illud
2607 4488 2883 4552 praebenti,
2920 4488 3103 4551 ipsum

509 4556 682 4618 primo
719 4555 921 4615 tenerl;
954 4564 1109 4605 secus
1141 4556 1186 4602 si
1222 4551 1320 4603 soli
1354 4551 1645 4602 executori.
1680 4551 1734 4603 Si
1765 4553 1939 4602 tamen
1974 4551 2046 4601 sit
2077 4549 2207 4601 utile
2240 4550 2468 4613 utrique,
2507 4553 2790 4614 utrumque
2812 4552 2977 4602 tenert
3034 4560 3098 4599 ro

508 4622 649 4671 rata:
679 4614 733 4667 et
766 4614 905 4665 idom
935 4617 1083 4687 puto,
1118 4614 1164 4665 si
1197 4625 1263 4664 ex
1294 4612 1494 4665 damno
1527 4613 1677 4663 illato
1709 4614 1882 4665 neutri
1916 4612 2044 4664 utile
2076 4612 2333 4664 evenerit.
2377 4613 2435 4662 in
2488 4611 2697 4664 defectu
2744 4616 2925 4665 autem
2977 4622 3010 4662 3
3030 4613 3123 4662 ιιιμ

509 4681 624 4734 rius
657 4677 903 4730 tenentur
936 4689 997 4728 in
1029 4675 1282 4727 solidum.
1323 4695 1342 4719 ι
