3292 5167
471 209 559 275 66
1168 228 1284 272 mn.
1335 224 1399 273 ιι.
1447 227 1660 274 rimer.
1706 227 1765 272 v.
1809 223 1962 273 nisi».
2011 227 2052 272 1.
2100 226 2231 272 car.
2279 226 2367 270 111.

474 330 585 399 bic
622 331 768 400 ‘non
816 337 1089 399 vocatur
1134 331 1315 401 Deus
1346 330 1413 396 in
1466 336 1703 399 testem
1736 328 2096 411 mendacii3
2145 346 2296 397 nam
2343 328 2398 396 si
2426 327 2655 414 iurans
2703 334 2854 396 actu
2895 327 3077 412 jura·

472 437 679 505 menti
732 437 967 504 babuit
1013 437 1419 505 voluntatem
1470 435 1787 522 implendi
1859 444 1925 504 et
1971 443 2204 521 postea
2254 434 2581 520 promissa
2631 453 2760 502 non
2817 432 3074 519 implet,

471 562 605 613 non
657 545 1013 616 committit
1052 543 1493 626 mendacium,
1543 543 1663 612 sed
1712 542 2497 623 tantuminfidelitatem,
2547 558 2698 626 quae
2747 539 2929 625 (cum
2963 556 3075 607 res

384 636 390 640 ⁴
468 651 796 738 promissa
848 669 980 718 non
1030 650 1117 717 sit
1173 650 1385 736 gravis
1445 669 1526 720 ex
1578 633 1963 737 hypothesi)
2020 647 2314 736 protrahi
2380 647 2611 734 nequit
2658 647 2740 715 ad
2806 648 3071 733 culpam

469 776 754 844 gravem.
809 762 946 839 Qua
996 759 1252 827 ratione
1300 758 1446 826 haec
1492 758 1821 827 sententia
1868 758 2150 826 fortasse
2199 755 2609 842 probabilior
2654 761 2775 823 est.

558 865 1054 951 Quidquid‘sit,
1106 874 1362 934 certum
1410 872 1534 949 est,
1583 883 1738 934 eum
1786 865 1897 952 qui
1947 883 2029 933 ex
2075 864 2288 933 multo
2338 862 2516 950 quod
2567 861 2893 949 promisit,
2932 879 3067 930 non

469 974 718 1041 omittit
770 975 894 1041 nisi
947 973 1309 1059 quidquam
1350 990 1642 1059 parvum,
1679 991 1811 1040 non
1863 989 2138 1058 peccare
2186 971 2588 1040 mortaliter:
2637 988 2691 1038 v,
2734 988 2814 1055 g.,
2854 969 3070 1056 siquis

460 1082 752 1168 jurasset
801 1102 872 1151 se
922 1100 1260 1168 nunquam
1307 1081 1529 1149 vinum
1581 1069 2150 1164 esse'bibiturum,
2186 1098 2317 1148 non
2360 1079 2659 1166 peccabit
2696 1078 3071 1146 mortaliter

468 1191 702 1276 'parum
745 1189 874 1256 vini
927 1189 1244 1258 bibendo:
1291 1189 1444 1275 quia
1496 1190 1779 1275 gravitas
1827 1208 1962 1259 non
2009 1188 2227 1270 afficit,
2279 1187 2405 1256 nisi
2454 1185 2794 1256 materiam
2850 1184 3066 1272 ipsam

467 1296 825 1364 universim
873 1305 1206 1381 sumptam
1242 1295 1305 1365 -ί,
2365 1335 2372 1344 ν

552 1412 694 1473 91.
748 1408 819 1489 Q.
868 1407 928 1472 2.
981 1404 1145 1486 Quid
1186 1405 1259 1472 de
1292 1406 1654 1492 juramento
1698 1417 1867 1471 metu
1908 1405 2095 1491 qravi
2139 1415 2194 1471 et
2238 1405 2468 1492 injusto
2509 1412 2796 1475 eoetorto?

553 1514 627 1579 R.
677 1511 1195 1596 Distinguendo:
1247 1511 1347 1578 vel
1399 1512 1615 1596 agitur
1662 1510 1746 1579 de
1787 1512 2191 1598 juramento,
2240 1511 2419 1597 quod
2467 1529 2501 1578 a
2556 1515 2713 1581 Jure
2774 1511 2913 1580 sive
2974 1509 3064 1578 ci-

462 1617 571 1683 vili
620 1617 781 1686 sive‘
822 1618 1273 1687 ecclesiastico
1348 1618 1644 1686 irritatur
1715 1625 1949 1704 utpote
1998 1627 2179 1687 metu
2253 1617 2349 1686 sic
2396 1625 2760 1701 extortum3
2809 1618 2911 1687 vel
2980 1616 3065 1684 de
3156 1664 3162 1670 ·

456 1722 837 1808 juramento
886 1725 1121 1810 agitur,
1173 1724 1351 1810 quod
1401 1724 1578 1793 nulla
1626 1724 1770 1810 lege
1817 1725 2232 1811 prohibetur.

401 1896 411 1901 .
552 1832 618 1899 Si
672 1835 730 1915 1,
782 1818 1038 1901 certum
1087 1840 1207 1916 est,
1259 1833 1512 1901 nullum
1562 1843 1711 1902 ‘esse
1752 1833 2226 1919 juramentum,
2278 1835 2431 1921 quia
2480 1840 2581 1903 est
2614 1839 2843 1902 contra
2877 1833 3063 1917 leges

458 1937 626 2008 illud
672 1938 1082 2008 infirmantes
1132 1941 1217 2009 ob
1265 1940 1517 2008 bonum
1566 1959 1955 2023 commune3
2004 1941 2288 2027 ideoque
2336 1950 2438 2011 est
2486 1942 2566 2010 de
2614 1939 2866 2009 illicito.
2917 1942 3061 2007 Hoc

458 2064 661 2115 sensu
710 2065 843 2115 non
896 2048 1150 2134 obligat
1191 2049 1640 2134 juramentum
1691 2057 1874 2116 metu
1924 2050 2101 2134 gravi
2150 2057 2216 2117 et
2262 2050 2509 2136 injuste
2557 2054 2891 2117 extortum
2947 2066 3062 2116 su-

468 2172 589 2239 per
635 2156 1052 2241 professione
1101 2156 1431 2242 religiosa,
1481 2156 1973 2243 sponsalibilus,
2022 2156 2468 2239 matrimoniO,
2531 2165 2658 2225 etc.

549 2263 617 2330 Si
669 2265 731 2344 2,
784 2263 845 2330 d.
894 2265 1293 2345 Antoninus,
1346 2265 1642 2335 Sanchez
1692 2264 1935 2350 aliique
1984 2265 2208 2351 plures
2259 2272 2486 2334 tenent
2535 2282 2751 2351 neque
2795 2262 2924 2330 tale
2950 2261 3060 2349 ju-

461 2379 836 2439 ramentum
869 2373 1118 2441 valere:
1154 2390 1303 2441 nam
1337 2372 1788 2459 jnramentum
1826 2381 2126 2440 naturam
2157 2381 2344 2442 actus
2383 2372 2571 2458 sequi
2599 2370 2830 2440 debet:
2868 2369 3054 2455 atqui

457 2486 643 2545 actus
692 2487 994 2548 extortus
1043 2499 1125 2548 ex
1173 2481 1346 2565 gravi
1399 2488 1581 2549 metu
1651 2481 1900 2568 injusto
1973 2487 2075 2549 est
2120 2479 2476 2549 invalidus:
2528 2498 2685 2566 ergo
2735 2485 2801 2547 et
2864 2478 3055 2565 jura—

456 2592 774 2653 mentum.
823 2585 1038 2655 Adde:
1082 2587 1533 2672 juramentum
1581 2587 1709 2656 boc
1758 2595 1859 2656 est
1909 2597 2095 2673 actus
2143 2606 2420 2675 prorsus
2469 2587 2744 2670 inutilis,
2787 2604 2937 2654 cum
2980 2584 3058 2652 il-

453 2690 583 2761 lico
632 2694 971 2794 retractari
1012 2695 1260 2780 possit:
1308 2695 1438 2779 sic,
1486 2716 1543 2765 v.
1594 2714 1676 2781 g„
1726 2704 1880 2783 post
1928 2698 2227 2783 pecuniae
2291 2697 2715 2766 traditionem
2765 2697 2820 2764 vi
2865 2698 3090 2782 J‘ura-.

452 2799 660 2902 menti
712 2800 951 2869 latroni
1002 2820 1037 2869 a
1088 2809 1156 2869 te
1207 2804 1462 2885 factam,
1512 2803 1788 2874 eandem
1838 2807 2188 2890 pecuniam
2220 2813 2293 2873 tu
2342 2821 2378 2872 a
2436 2805 2712 2887 latrone,
2759 2806 2957 2873 etiam
2991 2802 3053 2871 vi

453 2905 767 2984 adbibita,
818 2910 1042 2977 statim
1094 2929 1491 2997 recuperare
1539 2920 1768 2997 potes:
1809 2912 1889 2980 ad
1939 2913 2097 2998 quid
2146 2931 2304 2998 ergo
2355 2931 2498 2983 eam
2547 2912 2639 2980 illi
2682 2911 3100 2990 tradidistii„

451 3015 694 3083 Verum
745 3016 941 3101 longe
992 3018 1403 3103 probabilius
1451 3019 1557 3086 alii
1608 3037 1760 3088 cum
1793 3020 2134 3106 Angelico,
2172 3021 2473 3103 Billuart‚
2505 3022 2713 3103 Luqo,
2748 3025 2897 3100 etc„
2935 3018 3055 3088 do-

460 3131 633 3206 cent,
676 3124 1125 3210 juramentum
1176 3125 1339 3194 illud
1388 3126 1682 3213 obligare
1727 3147 1882 3214 crya
1913 3132 2165 3222 ‘Deum;
2212 3137 2314 3198 est
2362 3128 2539 3196 enim
2574 3127 2797 3212 regula
2846 3144 3054 3211 gene-

457 3229 637 3313 ralis,
687 3232 1035 3317 quodlibet
1075 3234 1527 3319 juramentum
1597 3253 1748 3303 esse
1820 3234 2215 3304 servandum
2287 3234 2550 3321 quando
2624 3241 2844 3320 potest
2907 3233 3054 3301 sine

449 3345 768 3421 peccato;
819 3348 958 3407 tum
1024 3359 1106 3408 ne
1170 3340 1235 3408 in
1309 3349 1546 3410 testem
1617 3343 1941 3411 mendacii
2013 3343 2377 3412 adducatur
2445 3345 2655 3424 Deus;
2706 3350 2845 3411 tum
2897 3342 3053 3429 quia

453 3441 707 3512 bonum
758 3452 859 3514 est
909 3464 1172 3515 servare
1219 3449 1627 3533 promissum
1661 3453 1712 3517 ².
1759 3450 1947 3519 Adde
1990 3453 2109 3520 Jus
2158 3451 2584 3519 canonicum:
2636 3452 2700 3518 in
2753 3466 2840 3519 ‘eo
2891 3450 3053 3518 dici·
3108 3439 3118 3450 ’

450 3557 570 3618 tur
614 3552 909 3621 Ecclesia
951 3554 1409 3639 juramentum.
1464 3565 1646 3626 metu
1695 3558 1935 3627 initum
2004 3558 2192 3627 facile
2261 3560 2590 3627 relaxare:
2656 3578 2814 3644 ergo
2888 3558 3051 3627 illud

448 3660 768 3745 supponit
815 3660 1101 3729 validum
1135 3660 1185 3730 ⁸.

540 3767 847 3837 Diximus
896 3789 1048 3856 erya
1088 3774 1332 3854 -Deum,
1383 3790 1514 3840 non
1588 3789 1741 3858 erga
1811 3771 2186 3841 bominem:
2237 3791 2442 3859 quare
2493 3773 2546 3841 si
2596 3772 2755 3860 quid
2804 3761 3049 3860 injust'e

452 3882 728 3944 coactus
779 3877 950 3944 Titio
992 3877 1228 3964 jurasti
1280 3885 1346 3948 et
1395 3879 1707 3963 tribuisti,
1756 3887 1937 3949 recte
1985 3880 2305 3962 tribuisti,
2343 3899 2492 3949 nam
2526 3881 2867 3950 reddidisti
2921 3883 3054 3948 Do·

454 3980 637 4049 mino
681 3982 1135 4068 juramentum
1186 3992 1409 4054 tuum:
1459 3986 1585 4056 sed
1628 3996 1859 4074 postea
1909 3995 2101 4074 potes
2150 3998 2453 4075 repetere
2521 3989 2588 4057 in
2630 3990 2881 4076 judicio
2931 4006 3047 4058 so-

448 4086 711 4171 lutum3
762 4109 845 4159 ne
893 4092 1209 4177 iniquitas
1277 4093 1509 4180 iniquo
1581 4096 2053 4181 patrocinetur.
2115 4100 2228 4164 In*
2251 4098 2656 4183 juramento,
2702 4096 2864 4182 quod
2908 4098 3049 4182 quis

509 4346 533 4387 ¹
566 4349 685 4398 Non
718 4351 907 4421 peccat
939 4352 1127 4402 contra
1155 4349 1522 4412 juramentum
1557 4355 1648 4417 qui
1681 4354 2005 4407 urbanitatis
2036 4366 2200 4406 causa
2227 4356 2430 4418 juravit
2460 4367 2518 4408 se
2537 4357 2657 4407 ante
2678 4355 2903 4406 alterum
2934 4362 3044 4403 non

463 4420 763 4483 sessurum,
792 4410 1109 4484 bibiturum,
1138 4414 1500 4474 ingressurum
1535 4414 1778 4478 domum,
1814 4420 1935 4479 etc„
1973 4418 2018 4468 si
2067 4418 2135 4469 ab
2165 4417 2333 4469 altero
2381 4421 2600 4470 coactus
2645 4419 2793 4481 prius
2840 4414 3042 4476 sedeat,

446 4470 600 4523 bibat
630 4473 715 4524 vel
751 4473 1104 4547 ingrediatur3
1138 4477 1267 4539 quia
1300 4475 1615 4540 plerumque
1642 4477 2005 4542 juramentum
2039 4483 2119 4532 est
2151 4481 2359 4532 nullum
2392 4480 2595 4533 deiectu
2629 4482 2721 4532 aut
2737 4477 3045 4530 intentionis

440 4533 660 4607 jurandi
693 4537 1058 4610 aut-materiae
1093 4540 1260 4600 aptae3
1296 4539 1379 4590 vel
1413 4539 1459 4588 sl
1494 4539 1688 4602 valeat,
1722 4541 1790 4593 ab
1823 4542 1992 4594 altero
2025 4542 2311 4593 relaxatur.
2347 4542 2571 4595 Arceudi
2608 4545 2782 4594 tamen
2806 4540 2936 4591 sunt
2956 4538 3047 4590 ho·

449 4607 625 4648 mines
657 4597 726 4650 ab
759 4599 908 4650 lusce
938 4598 1202 4663 formulis,
1237 4611 1363 4653 cum
1393 4599 1705 4656 dedeceant.
1737 4629 1803 4641 —
1842 4605 1896 4654 V.
1933 4604 2165 4669 nguori,
2202 4604 2343 4667 opus
2389 4608 2545 4666 Mor„
2581 4605 2614 4655 l.
2648 4618 2724 4665 m,
2758 4617 2812 4655 ιι.
2851 4603 2962 4654 180.

507 4658 532 4699 ²
565 4663 615 4720 2,
649 4664 699 4723 2,
733 4674 784 4726 q.
819 4664 901 4725 89,
936 4672 987 4713 a.
1021 4664 1065 4714 7.
1687 4667 1709 4705 ⁸
1743 4668 2018 4730 Deorum„
2051 4667 2085 4718 1.
2119 4679 2157 4727 ι,
2192 4668 2273 4720 tit.
2307 4670 2371 4722 2⁴.
2392 4669 2453 4721 de
2473 4668 2657 4732 jurej„
2690 4678 2738 4718 c.
2773 4668 2854 4718 15.
