3292 5167
1271 294 1347 338 ns:
1392 287 1748 339 :unumve
2737 271 2823 339 63

242 399 403 467 Libro
447 398 522 464 de
561 397 882 464 mendacio
931 398 980 463 ¹.
1029 395 1211 467 Adde
1258 396 1805 479 inconvenientia,
1878 413 2028 481 quae
2081 413 2274 464 secus
2323 396 2699 478 evenirent;
2756 396 2815 464 si

240 523 453 591 nempe
502 522 633 572 non
684 503 933 587 liceret,
966 483 1153 591 fjusta
1204 513 1467 573 extante
1516 522 1731 587 causa,
1783 504 1879 571 uti
1923 503 2034 570 tali
2086 503 2529 586 restrictione,
2584 503 2816 574 nullus

237 620 390 683 esset
436 611 676 680 modus
725 619 1057 680 secretum
1108 612 1385 681 honeste
1433 611 1711 694 celandi,
1759 610 1939 697 quod
1987 610 2137 697 quis
2201 611 2344 680 sine
2429 610 2669 679 damno
2721 611 2821 680 vel

236 719 637 790 incommodo
686 720 943 806 aperire
990 721 1329 807 nequiret:
1378 721 1506 788 hoc
1554 726 1778 788 autem
1826 719 2136 786 humanas
2187 719 2489 787 societati
2528 737 2666 787 non
2702 719 2821 786 mi-

236 847 339 897 nus
384 835 563 896 esset
615 811 1087 960 perniciosum,
1136 845 1335 914 quam
1383 828 1603 913 ipsum
1682 825 2119 897 mendacium.
2194 825 2264 893 Si
2318 844 2477 910 ergo
2558 826 2670 894 tali
2722 826 2818 895 uti

234 913 669 1006 restrictione'¹
684 938 934 1005 bonum
984 943 1105 1019 est,
1154 936 1313 1005 nibil
1364 937 1588 1019 officit,
1638 934 1821 1022 quod
1853 936 2054 1005 etiam
2100 935 2476 1021 juramento
2514 934 2823 1004 firmetur

231 1045 747 1132 quotiescunque
816 1044 881 1113 id
929 1046 1444 1113 circumstantiae
1496 1045 1994 1130 postulaverint.
2069 1045 2215 1112 Non
2267 1050 2486 1112 tamen
2541 1053 2646 1112 est
2708 1061 2820 1112 ne—

229 1151 491 1238 gandum
544 1152 865 1239 majorem
914 1169 1177 1220 causam
1229 1151 1474 1238 requiri
1527 1152 1608 1219 ad
1658 1151 2208 1238 aequivocandum
2245 1169 2396 1220 cum
2429 1151 2815 1237 juramento

227 1276 402 1346 quam
450 1259 600 1327 sine
643 1259 1068 1344 iuramento;
1118 1258 1269 1345 quia
1320 1258 1613 1327 divinum
1665 1258 2121 1336 testimonium
2170 1275 2205 1325 a
2256 1258 2449 1326 nobis
2502 1275 2634 1327 non
2714 1265 2816 1326 est

226 1368 297 1433 ita
332 1366 521 1434 facile
572 1366 1046 1453 usurpandum.

298 1473 594 1542 Diximus
647 1477 716 1541 1:
763 1478 872 1543 Ex
903 1476 1083 1561 justa
1128 1494 1339 1557 causa,
1392 1493 1475 1543 ne
1525 1480 1773 1544 temere
1806 1474 2159 1542 inducatur
2190 1472 2658 1558 tergiversandi
2702 1473 2807 1541 lo·

220 1599 353 1661 cus3
399 1598 557 1649 nam
603 1581 758 1650 licet
807 1581 872 1649 id
923 1600 1054 1650 non
1104 1583 1191 1667 sit
1240 1581 1678 1659 mendacium,
1745 1581 2014 1668 aliquod
2062 1589 2278 1648 tamen
2331 1580 2805 1649 detrimentum

221 1688 383 1757 affert
430 1685 774 1758 communi
822 1690 1172 1773 convictui,
1223 1699 1287 1761 et
1333 1690 1751 1776 aliquatenus
1787 1689 2060 1775 derogat
2094 1690 2400 1756 humanae
2439 1689 2611 1771 fidei,
2647 1706 2802 1758 cum

219 1814 460 1883 semper
510 1797 853 1866 auditores
903 1816 1033 1866 non
1106 1797 1363 1884 possint
1410 1816 1559 1866 esse
1608 1799 1696 1865 ita
1744 1798 1940 1878 cauti,
2008 1804 2080 1864 ut
2151 1814 2385 1864 omnes
2440 1796 2814 1880 aequivoca-

219 1904 411 1971 tiones
459 1922 699 1972 cavere
758 1904 1036 1990 possint.
1081 1907 1267 1974 Justa
1316 1912 1535 1973 autem
1585 1922 1781 1974 causa
1849 1903 2162 1991 loquendi
2225 1905 2531 1989 ambigue
2595 1911 2794 1985 esset,

220 2017 280 2077 ut
319 2010 545 2078 dicunt
604 2012 1066 2094 communiter,
1119 2012 1521 2098 quicumque
1561 2011 1712 2079 finis
1755 2011 2076 2079 honestus
2126 2009 2206 2077 ad
2254 2009 2572 2078 servanda
2623 2011 2797 2078 bona

222 2136 345 2203 quae
395 2118 593 2187 nobis
644 2125 945 2205 prosunt,
998 2120 1100 2188 vel
1149 2119 1347 2187 etiam
1393 2118 1476 2186 ad
1521 2137 1594 2187 se
1643 2118 2058 2199 liberandum
2130 2118 2211 2186 ab
2264 2118 2659 2204 importuna,
2710 2117 2805 2184 fa-

222 2225 463 2293 stidiosa
513 2235 585 2296 et
634 2226 879 2312 injusta
940 2221 1477 2312 interrogatione.
1527 2229 1783 2295 Docent
1832 2233 2048 2296 tamen
2122 2225 2530 2313 probabilius
2577 2232 2808 2294 contra

220 2333 431 2414 Vivam,
485 2333 868 2419 Cajetanus‚
918 2334 1207 2417 Lessiu8‚
1258 2337 1462 2419 Lugo,
1522 2333 2077 2402 Salmanticenses
2142 2340 2206 2400 et
2255 2332 2567 2414 Sanchez,
2626 2331 2808 2417 quod

219 2455 314 2523 per
355 2458 425 2507 se
473 2439 531 2507 si
589 2440 729 2508 sola
779 2458 974 2509 causa
1025 2441 1215 2524 desit,
1267 2441 1726 2527 tergiversatio
1793 2459 1934 2529 non-
1974 2441 2060 2509 sit
2122 2439 2248 2508 nisi
2297 2439 2567 2506 venialis
2583 2463 2602 2520 ;
2653 2437 2805 2525 quia

218 2543 488 2614 deiectus
547 2554 653 2616 est
702 2554 960 2615 tantum
1010 2547 1073 2614 in
1123 2547 1548 2616 discretione.

286 2653 583 2721 Diximus
631 2656 707 2721 2:
757 2658 877 2723 Per
920 2675 984 2722 se
1031 2655 1368 2740 loquend03
1414 2672 1565 2722 nam
1609 2654 1970 2741 aequivocis
2011 2652 2228 2720 verbis
2281 2653 2406 2720 sub
2442 2649 2616 2736 gravi
2655 2667 2802 2735 pro-

216 2758 501 2827 hibemur
550 2762 691 2828 uti:
750 2763 821 2845 a)
882 2761 938 2829 si
986 2761 1140 2830 inde
1187 2761 1525 2830 auditores
1575 2762 1639 2829 in
1706 2759 1974 2846 aliquod
2023 2777 2219 2846 grave
2268 2758 2582 2826 damnum
2635 2755 2799 2824 inci-

214 2863 449 2934 derent:
499 2868 635 2938 hoc
683 2869 865 2938 enim
909 2869 1246 2937 charitatis
1299 2876 1634 2954 praecepto
1686 2876 1993 2937 tenemur
2044 2875 2384 2946 avertere3
2430 2866 2501 2945 b)
2535 2865 2798 2950 quando

213 2981 573 3045 contractus
622 2983 892 3045 mutuos
940 2978 1388 3058 celebramus;
1439 2977 1760 3046 debemus
1809 2976 1986 3045 enim
2034 2994 2114 3044 ex
2158 2974 2416 3061 iustitia
2467 2972 2662 3041 verba
2715 2970 2796 3038 ad

212 3088 474 3149 mentem
526 3083 984 3152 contrahentis
1032 3084 1207 3152 nude
1258 3085 1572 3189 proferre,
1628 3104 1710 3152 ne
1758 3101 1912 3152 eum
1946 3082 2389 3166 decipiamus;
2422 3081 2487 3162 r)
2525 3078 2794 3165 quando

206 3184 381 3271 judex
428 3190 531 3256 vel
584 3191 895 3275 superior
954 3191 1447 3260 communitatis
1495 3191 1560 3259 in
1611 3192 1812 3259 rebus
1860 3191 1962 3259 sui
2013 3189 2210 3258 officii
2262 3187 2550 3273 legitime
2597 3187 2797 3254 inter-

210 3304 444 3378 rogant:
500 3298 605 3365 uti
671 3298 727 3366 si
777 3297 856 3366 ad
904 3317 1130 3368 sacros
1181 3298 1466 3367 Ordines
1518 3298 2012 3384 promovendus
2054 3298 2501 3381 interrogetur
2549 3294 2629 3361 de
2678 3311 2793 3361 na-

212 3400 445 3486 talibuS,
495 3402 585 3472 de
624 3404 1126 3491 irregularitate,
1176 3408 1275 3475 vel
1327 3406 1557 3475 volens
1607 3406 2003 3476 contrahere
2036 3404 2464 3473 matrimonio
2513 3402 2794 3470 interro·

210 3514 378 3591 getur
419 3509 505 3578 de
558 3511 1067 3597 impedimentis.
1118 3517 1302 3582 Tunc
1359 3514 1680 3583 debemus
1745 3513 1809 3581 in
1859 3532 2061 3582 sensu
2098 3512 2557 3597 interrogantis
2618 3510 2793 3578 clare

212 3617 639 3702 respondere:
675 3637 868 3689 secus
908 3621 1165 3707 justitia
1202 3621 1465 3707 publica
1498 3639 1573 3690 ac
1613 3622 1868 3691 bonum
1904 3619 2400 3690 communitatis
2437 3618 2632 3685 nimis
2667 3616 2793 3685 fre-

211 3730 466 3804 quenter
520 3742 556 3792 a
605 3725 875 3794 discolis
926 3725 1320 3796 laederetur:
1370 3728 1569 3797 etiam
1615 3747 1773 3796 reus
1811 3736 1966 3797 tunc
2001 3728 2342 3796 veritatem
2379 3724 2557 3793 nude
2596 3723 2789 3790 fateri

210 3834 462 3916 tenetur,
517 3832 720 3919 idque
754 3835 1184 3919 probabiliuS,
1224 3836 1345 3904 etsi
1388 3836 1538 3905 ideo
1573 3854 1767 3921 grave
1829 3837 1953 3922 ipsi
2008 3836 2346 3905 immineat
2384 3834 2698 3901 damnum
2736 3834 2788 3899 ².

278 3933 416 4006 80.
469 3941 548 4020 Q.
596 3941 660 4007 8.
713 3940 878 4021 Quid
921 3941 994 4007 de
1027 3942 1270 4028 judicio
1318 3943 1839 4035 injuramemo?

280 4046 343 4113 R.
386 4046 708 4114 Iudicium
752 4049 853 4115 hic
896 4068 1033 4116 non-
1067 4050 1339 4117 sumitur
1376 4069 1496 4136 pro
1542 4051 1900 4118 executione
1933 4051 2217 4136 justitiae,
2255 4045 2469 4132 inquit
2520 4042 2786 4129 Angeli-

208 4164 325 4232 cus,
366 4152 472 4218 sed
511 4172 636 4240 pro
685 4153 928 4240 judicio
988 4154 1375 4222 discretionis
1417 4159 1480 4238 ⁸;
1553 4174 1706 4225 cum
1778 4157 1954 4225 enim
1997 4157 2449 4241 juramentum
2520 4151 2606 4220 sit
2673 4169 2783 4220 res

210 4260 620 4342 sanctissima,
673 4261 1069 4333 non.debet
1139 4261 1278 4330 fieri
1353 4263 1605 4349 absque
1655 4263 2023 4349 prudentia,
2097 4260 2629 4331 consideratione
2705 4276 2781 4328 ac

210 4368 578 4436 reverentia:
630 4385 784 4454 quae
834 4368 958 4435 tria
1007 4368 1072 4436 in
1121 4369 1541 4440 discretionis
1582 4370 1837 4458 judicio
1902 4371 2343 4439 continentur.
2415 4371 2627 4452 Quare
2670 4367 2780 4452 ju-

257 4593 352 4696 gi,
383 4599 431 4656 2,
465 4609 518 4661 q.
551 4600 635 4658 69,
670 4597 723 4648 et
757 4597 1133 4659 110,3.2.-
1166 4597 1397 4658 hessius,
1431 4600 1502 4649 De
1533 4600 1777 4661 Iastium
1810 4597 1946 4664 disp.
1981 4600 2040 4652 dc
2072 4603 2315 4662 veritate,
2352 4599 2441 4652 ubi
2477 4600 2651 4663 plura.

261 4719 282 4758 ⁸
306 4659 365 4772 ἓν·
383 4659 454 4785 ²1?
456 4658 516 4786 ¹1²1
539 4670 722 4782 ¹83³?⁸
748 4608 935 4771 dispu?
930 4662 1018 4774 δί’.
1024 4663 1269 4788 ὓὲἶιιιὲε
1272 4661 1577 4789 ,jffioefldeu
1580 4663 1781 4788 dllsszput.
1815 4738 1886 4777 tv.
