3292 5167
444 183 578 251 408
1465 208 1581 253 tin.
1627 208 1692 253 rr.
1741 208 1950 254 ratior.
1997 208 2076 253 vi.

442 307 618 383 Quod
659 307 1013 373 extendunt
1054 308 1247 372 etiam
1288 307 1364 370 ad
1422 316 1789 373 contractus
1851 308 2337 381 mcindibiles,
2379 309 2432 372 si
2496 307 3015 374 rescindibilitas

443 387 702 451 inducta
746 390 828 451 sit
869 389 948 451 ob
991 388 1225 451 bonum
1274 388 1635 466 publicum:
1681 391 1831 452 binc
1879 406 2004 452 non
2051 389 2265 453 valent
2302 391 2664 468 juramenta
2704 405 3004 468 uxorum,

442 471 783 544 minorum,
823 476 981 545 etc„
1048 468 1125 530 ad
1171 468 1519 532 firmandos
1562 478 1929 533 contractus
1961 518 1976 542 ,
2084 488 2195 534 uos
2238 488 2314 533 ex
2361 469 2500 549 lege
2571 469 2691 549 ipsi
2741 481 3013 547 possunt

442 548 852 623 rescindere;
895 565 1078 612 secus
1122 548 1269 611 mali
1319 550 1611 613 homines
1655 567 1764 613 eos
1809 550 1888 614 de
1932 550 2053 614 faci
2089 551 2105 613 i
2153 550 2232 614 ad
2282 549 2390 614 illa
2436 547 2840 612 inducerent.

524 627 642 691 Sed
682 630 831 708 quid
871 630 928 692 si
970 622 1072 693 teis
1113 629 1321 692 civilis
1365 631 1495 694 ideo
1539 631 1850 694 invalidas
1892 637 2276 707 contractus,
2319 630 2467 712 quia
2498 629 2873 708 juramento
2905 630 3014 708 fir·

443 711 603 772 mati
634 713 839 773 sunt?
883 710 1003 772 Alii
1048 709 1450 773 contendunt
1494 711 1552 773 id
1600 712 1893 775 obtinere
1924 714 2116 774 etiam
2165 714 2227 773 in
2274 711 2684 785 conscientia,
2717 715 2867 789 quia
2910 711 3021 775 lex·

444 790 650 852 civilis
697 791 814 853 lata
860 799 956 854 est
998 791 1075 854 ob
1120 806 1454 853 commune
1498 790 1776 867 bonum3
1820 809 1961 855 cnm
2004 791 2437 877 provideatet
2479 796 2803 854 sanctitati
2831 789 3013 870 jura·

445 874 669 946 menti,
714 887 793 933 ne
840 881 1076 934 temere
1123 870 1279 932 illud
1327 881 1710 950 usurpetur3
1753 881 1817 935 et
1862 873 2084 951 majori
2135 873 2656 935 contrabentium
2707 870 3016 948 libertati,

447 967 527 1012 ne
572 966 823 1029 semper
864 950 943 1013 ob
983 951 1330 1029 juramenti
1379 952 1777 1031 Religionem
1815 953 2277 1033 prohibeantur
2312 968 2348 1016 a
2378 960 2743 1015 contractus
2788 954 3018 1017 reseis·

377 1082 382 1087 .
449 1032 647 1093 sione.
695 1031 818 1093 Alii
868 1047 1017 1094 vero
1062 1033 1293 1096 docent
1338 1033 1495 1095 tales
1538 1042 1922 1109 contractus,
1965 1034 2016 1095 si
2061 1032 2234 1096 aliud
2270 1049 2398 1096 non
2436 1032 2667 1108 obstet,
2698 1032 2824 1092 vim
2850 1048 3017 1095 sem·

449 1125 564 1189 per
607 1111 846 1255 begere
893 1115 973 1254 {¹15
1005 1113 1446 1188 conscientia3
1491 1114 1635 1193 quia
1676 1122 2114 1194 juramentum
2158 1130 2270 1193 per
2315 1130 2381 1176 se
2426 1112 2665 1175 nedum
2712 1111 3019 1189 infirmet,

450 1193 577 1252 imo
620 1209 688 1253 ro
739 1209 811 1255 ur
853 1208 886 1255 a
985 1194 1049 1254 it.

529 1269 743 1332 8115.
789 1271 854 1346 Q.
898 1274 952 1335 4.
999 1273 1098 1336 An
1140 1273 1229 1334 sit
1268 1271 1484 1351 aliqua
1545 1273 1788 1365 requies,
1847 1290 1968 1353 qua
2034 1279 2204 1335 certo
2257 1273 2537 1354 diqnosci
2580 1272 2779 1352 possit
2829 1273 3021 1353 leyem

449 1351 714 1427 civitem,
756 1354 999 1416 ratione
1037 1352 1282 1433 publici
1324 1350 1488 1427 boni,
1532 1353 1704 1415 illico
1745 1350 2025 1434 obliyare
2066 1355 2258 1417 etiam
2300 1355 2367 1417 in
2408 1352 2814 1428 conscientia,
2878 1369 3023 1416 cum

449 1432 695 1510 aliquid
735 1434 905 1496 circa
947 1439 1311 1497 contractus
1353 1434 1680 1496 decernit?

529 1511 598 1573 R.
646 1513 717 1575 1:
765 1513 1067 1592 Princeps
1110 1529 1221 1576 seu
1267 1512 1641 1593 Respublica
1689 1512 1883 1576 babet
1924 1512 2179 1593 quidem
2220 1512 2327 1592 J’us
2390 1512 2469 1574 de
2540 1514 2772 1574 civium
2830 1514 3019 1577 bonis

454 1592 644 1654 etiam
694 1594 757 1654 in
805 1596 1195 1657 conscientia
1242 1593 1647 1673 disponendi,
1693 1609 1915 1657 eorum
1954 1609 2180 1672 nempe
2212 1602 2577 1657 contractus
2612 1592 2881 1671 validos,
2918 1593 3021 1656 vel

457 1672 774 1736 invalidos
817 1674 1223 1749 declarando,
1266 1690 1390 1737 non
1439 1684 1648 1737 tamen
1694 1674 1774 1737 ad
1817 1690 2063 1737 merum
2107 1674 2467 1749 arbitrium,
2535 1673 2643 1735 sed
2711 1674 2846 1736 sola
2906 1689 3019 1737 ne·

453 1755 748 1815 cessitate
792 1753 941 1817 boni
989 1754 1222 1834 publici
1273 1755 1685 1834 impellente;
1731 1754 2032 1834 Princeps
2076 1756 2250 1816 enim
2294 1771 2407 1818 seu
2456 1753 2841 1833 Respublica
2886 1769 3023 1816 non

452 1842 552 1894 est
592 1832 846 1896 domina
895 1835 1237 1909 bonorum,
1286 1836 1391 1897 sed
1445 1845 1611 1897 tutor
1656 1845 1721 1896 et
1771 1834 2027 1897 vindex.
2073 1833 2308 1898 Verum
2354 1850 2482 1896 non
2530 1834 2774 1896 modica
2849 1833 3023 1896 diffl-

455 1911 657 1976 cultas
700 1923 796 1976 est
841 1915 1010 1976 inter
1055 1920 1295 1994 peritos
1344 1915 1735 1992 discernere,
1782 1913 2185 1995 quandonam
2244 1931 2463 1978 revera
2536 1914 2635 1975 lex
2701 1913 3025 1993 Principis

456 1991 617 2054 velit
660 1994 726 2055 in
772 1998 1160 2059 conscientia
1237 1996 1601 2057 firmitatem
1670 1995 1771 2057 vel
1817 1996 2176 2058 nullitatem
2240 1996 2491 2059 ratione
2555 1993 2795 2073 publici
2864 1994 3021 2057 boni

457 2080 778 2150 statuere3
816 2076 958 2138 ideo
990 2078 1382 2155 magis,quia
1425 2093 1550 2137 non
1589 2092 1840 2155 semper
1884 2077 2086 2139 utitur
2118 2074 2339 2139 eadem
2368 2074 2708 2138 verborum
2747 2073 3023 2137 formula

460 2155 523 2214 in
572 2157 704 2216 suis
745 2157 1286 2235 expressionibus,
1331 2173 1536 2235 neque
1587 2172 1839 2235 semper
1883 2158 2036 2219 satis
2081 2164 2327 2219 constat
2371 2156 2450 2218 de
2495 2154 2746 2234 publico
2793 2157 2983 2216 bono.

536 2231 640 2296 Sic
680 2234 1022 2315 aliquando
1059 2236 1160 2300 lex
1204 2237 1465 2313 directe,
1508 2246 1571 2298 et
1625 2236 1912 2300 absolute
1956 2252 2172 2299 rerum
2217 2238 2571 2299 dominium
2617 2236 2695 2298 de
2759 2250 2884 2297 uno
2950 2240 3021 2297 in

456 2311 651 2376 alium
697 2315 1027 2392 transfert,
1070 2327 1139 2381 ut
1182 2317 1335 2380 facit
1377 2319 1440 2379 in
1493 2316 1827 2380 usufructu
1873 2316 1929 2379 le
1977 2317 2060 2379 ali
2106 2326 2171 2379 et
2213 2333 2426 2379 rerum
2473 2316 2862 2378 inventione.
2894 2313 3027 2377 Ali·

458 2394 709 2471 quando
754 2396 1205 2475 obligationem
1251 2397 1460 2473 solvit,
1503 2415 1690 2477 quain
1736 2399 1878 2477 quis
1971 2412 2082 2460 ure
2141 2406 2387 2459 naturae
2447 2399 2887 2470 contraxisset,
2948 2403 3025 2458 ut

460 2478 688 2537 evenit·
721 2476 1094 2558 plerumque
1126 2477 1327 2558 quoad
1361 2480 1662 2540 minores.
1698 2479 2054 2557 Aliquando
2088 2477 2311 2540 tribuit
2334 2478 2437 2556 jus
2470 2475 2799 2555 repetendi
2826 2474 3022 2554 ‘quod

456 2568 586 2632 Jam
630 2556 815 2619 alteri
860 2558 1137 2620 solutum
1183 2568 1311 2620 est:
1356 2563 1450 2619 sic
1495 2558 1819 2620 interdicti
1894 2558 2130 2620 babent
2167 2558 2271 2636 J‘us
2319 2558 2649 2636 repetendi
2713 2558 3025 2619 amissum

411 2666 418 2673 -
462 2650 526 2697 in
573 2634 743 2699 ludo.
785 2638 1140 2718 Aliquando
1185 2638 1484 2716 probibet
1526 2638 1784 2717 quidem
1830 2646 2245 2713 contractum,
2308 2637 2417 2701 sed
2483 2654 2608 2699 non
2659 2638 2894 2712 irritat,
2955 2645 3028 2700 nt

462 2711 646 2778 ludos
689 2720 948 2780 vetitos:
998 2718 1338 2797 aliquando
1386 2735 1533 2780 vero
1578 2731 1642 2781 et
1689 2717 1983 2796 prohibet
2026 2728 2091 2780 et
2138 2724 2373 2789 irritat,
2440 2727 2503 2780 at
2560 2729 2700 2796 post
2758 2726 3023 2781 senten·

465 2795 614 2857 tiam
654 2796 923 2876 judicis,
972 2808 1041 2861 ut
1083 2808 1441 2861 contractus
1485 2810 1657 2861 metu
1702 2816 1772 2859 ac
1817 2798 1961 2860 dolo
2025 2800 2217 2860 initos
2278 2798 2635 2876 Aliquando
2698 2799 3025 2877 denique,

463 2875 650 2938 nulla
697 2877 860 2939 facta
903 2880 1230 2941 mentione
1269 2879 1504 2957 judicis
1548 2881 1907 2955 sententiae,
1951 2887 2015 2942 et
2058 2879 2356 2958 probibet
2385 2888 2449 2940 et
2481 2881 2694 2941 irritat
2723 2889 2788 2940 et
2824 2880 3025 2958 impe·

461 2954 576 3029 dit,
618 2972 701 3018 ne
742 2960 883 3038 quis
928 2975 1140 3021 rerum
1187 2975 1443 3022 suarum
1488 2959 1846 3021 dominium
1906 2957 2253 3022 transferat
2297 2962 2361 3021 in
2410 2959 2603 3020 alium
2669 2958 2864 3038 idque
2922 2957 3029 3021 vel

462 3035 749 3100 absolute
791 3041 891 3102 vel
931 3040 1215 3103 relative.
1258 3039 1360 3101 Sic
1407 3039 1674 3117 impedit
1716 3039 2003 3101 absolute
2048 3055 2267 3102 omnes
2304 3058 2336 3101 a
2374 3038 2665 3101 testando
2728 3054 3027 3118 quaecun·

462 3132 587 3193 que
636 3118 794 3180 bona
862 3121 1159 3196 babeant,
1199 3122 1247 3182 si
1301 3121 1580 3182 nondum
1637 3135 1877 3183 annum
1935 3120 2252 3182 decimum
2314 3126 2606 3182 octavum
2664 3118 3028 3197 compleve-

464 3199 624 3257 rint:
672 3205 737 3261 et
777 3202 826 3261 si
874 3202 1356 3279 compleverint,
1398 3217 1506 3262 eos
1552 3200 1820 3279 impedit
1866 3201 2156 3272 relative,
2204 3216 2286 3263 ne
2329 3200 2577 3262 scilicet
2619 3199 2693 3260 ad
2747 3199 3025 3262 baeredi-

465 3284 659 3338 tatem
702 3289 907 3343 certas
945 3297 1245 3360 personas
1277 3290 1521 3355 vocent,
1560 3291 1703 3359 puta
1740 3280 1942 3342 filium
1980 3279 2433 3354 adulterinum,
2469 3288 2588 3341 etc.
2624 3278 2733 3340 His
2772 3280 3031 3358 positis:

544 3355 616 3417 R.
659 3357 728 3419 2:
774 3359 1036 3433 Quando
1078 3371 1252 3424 certo
1295 3372 1543 3424 constat
1597 3378 1677 3422 ex
1732 3377 1926 3422 sensu
1979 3360 2166 3422 obvio
2224 3361 2587 3435 verborum,
2647 3376 2725 3421 ex
2785 3360 3032 3421 motivo

468 3431 649 3514 legis,
693 3454 773 3501 ex
816 3441 1318 3505 discussionibus
1352 3442 1510 3520 eJus,
1554 3457 1634 3503 ex
1677 3444 1859 3522 praxi
1907 3440 2323 3503 tribunalium
2355 3451 2419 3503 et
2447 3440 2751 3519 opinione
2787 3440 3026 3517 perito·

468 3530 631 3590 rum,
673 3528 811 3593 etc.,
855 3520 1061 3599 legem
1108 3521 1374 3584 civilem
1407 3537 1629 3584 revera
1668 3521 1748 3582 ob
1793 3521 2113 3602 publicum
2159 3521 2393 3583 bonum
2438 3520 2717 3582 voluisse
2761 3521 2859 3582 vel
2893 3534 3028 3581 non

467 3595 747 3661 voluisse
791 3601 1140 3664 transferre
1187 3618 1399 3664 rerum
1444 3602 1798 3664 dominium
1831 3601 1909 3663 de
1947 3617 2073 3663 uno
2105 3604 2170 3662 in
2203 3601 2422 3676 alium,
2461 3610 2705 3665 certum
2741 3609 2838 3662 est
2876 3608 3032 3662 tunc

471 3678 668 3754 ipsam
714 3679 966 3743 civilem
1014 3682 1216 3760 legem
1263 3682 1547 3761 obligare
1592 3685 1657 3743 in
1705 3682 2114 3743 conscientia.
2159 3679 2260 3743 Sic
2307 3681 2498 3743 bodie
2544 3695 2731 3742 nemo
2776 3677 3032 3743 dubitat

469 3756 549 3818 de
593 3758 923 3824 validitate
967 3764 1467 3841 praescriptionis
1510 3762 1703 3824 etiam
1750 3778 1861 3840 pro
1908 3761 2044 3824 foro
2076 3762 2486 3824 conscientias
2517 3777 2590 3822 ac
2628 3758 2706 3822 de
2739 3759 3030 3839 legitimo

461 3836 608 3915 jure
653 3850 987 3917 parentum
1032 3843 1095 3904 in
1145 3842 1603 3905 usumfructum
1653 3843 1968 3904 bonorum
2014 3840 2592 3919 filiorumfamilias.
2914 3918 2927 3931 ·
3014 3864 3031 3875 =

545 3917 596 3981 E
625 3923 947 3984 contrario
990 3924 1042 3984 si
1090 3923 1191 3986 lex
1225 3923 1460 3986 tribuat
1501 3926 1604 4002 jus
1656 3923 2061 3997 irritationis,
2138 3924 2245 3985 uin
2282 3923 2516 3992 irritet,
2559 3935 2745 3982 nemo
2776 3918 3033 3984 dubitat

467 3996 683 4063 valere
725 4011 1119 4066 contractum
1164 4004 1571 4083 quoadusque
1614 4021 1650 4064 a
1688 4002 1905 4081 judice
1949 4006 2084 4064 scin
2136 4015 2307 4065 atur:
2338 4003 2429 4064 sic
2464 4001 2515 4062 si
2552 4002 2617 4062 iu
2655 4000 3033 4063 venditione

468 4078 893 4167 intervenerit
937 4087 1151 4161 gravis
1197 4084 1405 4159 laesio,
1451 4084 1739 4145 venditio
1784 4082 1991 4146 valida
2038 4093 2170 4157 est3
2221 4084 2368 4162 quia
2431 4078 2535 4143 lex
2596 4078 2705 4141 dat
2769 4079 3035 4161 quidem

461 4174 569 4234 Jus
612 4164 1017 4226 rescindendi
1063 4174 1478 4233 contractum,
1521 4165 1630 4226 sed
1680 4180 1802 4224 non
1850 4167 1990 4243 ipso
2035 4162 2199 4227 facto
2236 4177 2381 4225 eum
2417 4158 2673 4225 scindit.
2730 4159 2901 4224 Idem
2934 4167 3036 4223 est

468 4237 817 4318 ordinarie,
865 4245 917 4306 si
962 4244 1153 4308 verba
1203 4245 1358 4323 legis
1401 4248 1530 4306 sint
1574 4254 1816 4307 tantum
1866 4243 2271 4323 prohibitiva,
2318 4258 2445 4304 non
2480 4242 2840 4315 irritantia3
2881 4254 3036 4303 uam

472 4318 666 4383 multa
715 4323 877 4388 facta
922 4333 1165 4401 tenent,
1206 4342 1347 4406 quae
1393 4326 1527 4388 fleri
1578 4325 2017 4403 prohibentur.
2067 4324 2239 4396 Quod
2301 4324 2495 4386 etiam
2553 4321 2744 4397 valet,
2806 4323 2857 4384 si
2925 4319 3035 4383 lex

475 4393 737 4465 fundata
781 4408 865 4467 sit
907 4406 971 4467 in
1019 4407 1510 4484 praesumptione
1555 4406 1827 4487 alicujus
1874 4403 2046 4480 facti,
2088 4405 2257 4484 quod
2304 4417 2433 4464 non
2479 4401 2818 4477 subsistat3
2878 4415 3035 4481 nam

475 4486 885 4561 praesumptio
928 4485 1074 4548 facti
1116 4487 1296 4565 juxta
1339 4502 1559 4549 omnes
1596 4487 1767 4548 cedit
1797 4486 2081 4547 veritati:
2118 4488 2210 4547 sic
2242 4483 2344 4547 lex
2379 4484 2622 4558 statuit,
2650 4480 3035 4562 judicialem

471 4555 934 4636 depositionem
963 4570 1158 4628 semel
1204 4576 1428 4641 actam,
1469 4582 1720 4645 semper
1749 4565 2041 4628 obtinere
2077 4574 2297 4629 contra
2331 4562 2543 4643 ipsum
2574 4561 3033 4642 deponentem,

472 4652 592 4700 nec
635 4646 915 4708 revocari
960 4662 1172 4725 posse3
1218 4656 1281 4709 at
1321 4649 1374 4708 si
1421 4645 1528 4708 illa
1573 4646 1887 4725 depositio
1918 4643 2182 4709 fundata
2216 4646 2410 4709 fuerit
2444 4643 2508 4704 in
2562 4640 2718 4706 falsa
2757 4641 3041 4722 alicujus
