3292 5167
1296 252 1751 301 anmorartonins
2675 236 2798 304 761

211 364 278 418 et
320 353 693 418 indecorum
736 353 1074 433 eligendo,
1116 361 1188 416 ut
1230 356 1297 418 in
1344 370 1492 419 casu
1536 371 1681 418 cum
1726 354 1992 418 infamia
2039 358 2293 435 propria
2331 365 2396 420 et
2451 370 2807 436 parentum,

213 451 366 499 sane
399 433 703 496 delictum
749 435 1090 504 com-mittit
1117 450 1188 496 ea
1224 437 1560 514 punitidhe
1603 436 1893 514 dignum,
1926 444 1995 498 ut
2024 438 2102 499 ad
2139 439 2330 499 breve
2391 445 2638 517 tempus
2666 441 2807 519 ejus
2911 441 2918 450 “

213 527 535 596 aspectum
580 524 645 577 et
672 512 1059 593 colloquium
1093 525 1388 592 parentes
1426 524 1745 579 recusent.
1792 514 2191 594 Gir-ibaldus,
2245 517 2470 595 Diana,
2508 518 2808 599 Layman.

292 594 505 660 Casiis„
538 594 602 657 3:
644 596 992 657 Plautinus
1029 592 1325 674 pluribus
1368 613 1744 670 occurrens,
1787 614 1991 660 omnes
2033 599 2280 660 salutat
2324 607 2555 677 praeter
2598 601 2808 664 inimi·

210 693 350 739 cum
393 679 502 755 qui
544 680 640 739 est
679 691 819 736 cum
860 675 1037 745 illis,-
1077 673 1167 738 ‘an
1210 685 1421 755 peccet
1458 678 1792 756 praviter?

296 755 381 818 Ita
429 755 685 835 quidam
718 759 1132 831 -existimant3
1175 754 1286 818 sed
1315 757 1494 835 juxta
1529 757 1818 835 Sylvium
1859 757 2091 834 respici
2128 756 2319 819 debet
2355 759 2640 821 intentio
2672 777 2816 839 per·-

215 852 390 900 sonae
434 846 499 898 et
543 837 913 913 magnitudo
958 836 1278 900 scandali:
1327 838 1379 899 si
1426 852 1606 898 enim
1651 838 1750 898 vel
1799 836 2048 898 nullum
2084 853 2168 899 ex
2196 837 2515 915 adjunctis
2568 841 2668 901 vel
2716 857 2815 920 pa·

219 927 362 980 rum
407 919 668 978 omnino
713 918 798 977 sit
840 916 1233 992 scandalum,
1300 925 1364 979 et
1409 933 1676 996 persona
1723 933 1853 979 non
1898 933 1977 978 ex
2020 917 2201 992 odi0‚
2245 922 2353 979 sed
2392 920 2492 980 vel
2528 921 2587 980 in
2623 923 2815 998 signi·

218 998 516 1060 ficatione
562 996 819 1075 inJuriae
862 1015 1050 1078 quam
1110 1005 1410 1059 recenter
1453 1000 1732 1076 recepit,
1777 1006 1848 1059 ut
1891 996 2138 1059 scilicet
2179 999 2343 1060 alter
2386 1001 2450 1060 in
2489 1010 2814 1078 posterum

220 1080 421 1157 magis
464 1088 687 1139 caveat
727 1078 805 1138 ab
849 1076 1341 1153 offensionibus,
1386 1076 1487 1139 vel
1533 1077 1659 1139 alia
1707 1079 1882 1157 justa
1927 1092 2112 1140 causa
2158 1082 2248 1140 sic
2293 1079 2443 1156 agit,
2485 1095 2613 1141 non
2648 1081 2815 1144 vide·

224 1166 326 1222 tur
371 1173 632 1237 peccare
676 1156 900 1220 saltem
945 1157 1326 1221 mortaliter.
1367 1156 1546 1219 Dens.

1265 1412 1385 1510 (P)
1426 1413 1580 1493 Paq.
1622 1411 1762 1476 689.
2630 1495 2661 1538 n

306 1635 564 1716 11148.
608 1636 823 1709 Quoad
867 1635 1070 1698 officia
1114 1633 1441 1714 generalia
1488 1635 1823 1698 charnatis
1870 1643 2159 1698 notamus
2204 1651 2318 1714 pro
2361 1635 2580 1714 praxi:

305 1718 427 1777 ne
470 1713 1041 1797 redemptione
1084 1715 1636 1797 captivorum.
1674 1715 1788 1776 Hic
1818 1717 1971 1777 satis
2006 1717 2131 1778 erit
2176 1714 2421 1777 referre
2458 1714 2624 1793 quod
2657 1716 2813 1777 scri-

222 1799 353 1876 psit
394 1796 452 1857 S.
498 1796 919 1875 Congregatio
965 1796 1419 1874 Episcoporum
1466 1806 1530 1859 et
1575 1794 1986 1873 Regularium
2015 1796 2088 1857 ‘21
2135 1798 2348 1857 martii
2383 1795 2538 1858 1855
2574 1793 2652 1856 ad
2696 1793 2816 1857 Ge·

225 1877 513 1939 neralem
558 1876 817 1940 Ordinis
859 1875 953 1938 Ss.
996 1877 1355 1950 Trinitatis,
1403 1879 1510 1956 qui
1558 1876 1731 1950 dein,
1775 1875 1989 1937 habita
2037 1875 2372 1947 facultate,
2429 1875 2592 1936 hanc
2638 1875 2816 1938 dedit

225 1957 560 2035 epistolam
605 1957 682 2018 ad
730 1973 951 2018 omnes
997 1957 1377 2035 Episcopos:
1419 1981 1441 2010 ‹
1472 1955 1633 2017 mmo
1663 1965 1725 2018 et
1757 1955 1883 2016 ΗΜ
1905 1955 2174 2018 Domine.
2222 1955 2282 2016 P.
2326 1955 2390 2017 F.
2426 1957 2743 2017 Antonius
2779 1972 2814 2017 a

223 2038 425 2100 Matre
471 2038 604 2111 Dei,
649 2039 857 2115 major
906 2054 978 2098 ac
1022 2036 1342 2114 generalis
1387 2035 1676 2098 Minister
1708 2035 1967 2098 Ordinis
2008 2036 2521 2098 Excalceatorum
2562 2035 2656 2097 Ss.
2688 2035 2816 2096 Tri-

228 2118 451 2180 nitatis
496 2116 981 2195 Redemptionis
1026 2120 1422 2195 captivorum
1479 2117 1812 2178 humiliter
1856 2126 2138 2195 exponit,
2220 2114 2491 2178 uomodo
2537 2131 2569 2176 a
2617 2131 2815 2178 saecu·

228 2197 310 2259 lis
352 2214 433 2259 ex
475 2215 598 2278 quo
642 2209 853 2259 ortum
903 2198 1125 2259 habuit
1177 2196 1348 2260 Ordo
1396 2198 1765 2275 praedictus,
1797 2200 2102 2274 peculiari
2149 2213 2179 2258 a
2235 2193 2379 2259 ectu
2416 2213 2444 2258 a
2484 2195 2575 2257 Ss.
2612 2195 2818 2259 Ponti·

224 2278 455 2341 ficibus
499 2294 750 2355 semper
797 2288 1171 2355 prosecutus
1238 2277 1473 2351 fuerit3
1516 2293 1714 2356 quare
1775 2293 2106 2356 nunquam
2151 2276 2536 2340 destiterunt
2579 2279 2817 2353 gratias

226 2368 296 2420 et
339 2360 675 2436 privilegia
712 2357 985 2435 elargiri
1031 2356 1318 2436 ejusdem
1374 2356 1637 2420 Ordinis
1704 2356 2214 2436 professoribus,
2271 2359 2376 2436 qui
2443 2365 2817 2435 semetipsos

228 2438 617 2501 dedicabant
659 2438 1086 2516 redemptioni
1136 2439 1635 2499 christianorum
1701 2441 2094 2516 captivorum
2126 2448 2190 2500 et
2233 2436 2527 2500 fidelibus
2557 2439 2662 2514 qui
2705 2452 2816 2515 pro

228 2519 364 2581 suis
407 2520 655 2580 viribus
699 2515 1526 2597 eandem*redemptioiiem
1571 2517 2055 2596 coadjuvabant.

313 2623 335 2651 ι
391 2597 829 2662 Veruntamen
875 2614 1015 2659 cum
1063 2614 1180 2676 ope
1225 2598 1686 2659 misericordia>
1753 2599 1861 2659 Dei
1934 2600 2437 2660 christianorum
2484 2597 2818 2674 captivitas

230 2678 369 2740 fere
413 2681 497 2741 sit
541 2681 862 2753 extincta,
908 2676 1129 2741 Patres
1173 2679 1522 2740 excalceati
1586 2677 1742 2740 dicti
1805 2677 2066 2741 Ordinis
2124 2678 2513 2741 desiderium
2578 2680 2810 2738 summi

228 2757 565 2822 Pontificis
612 2758 888 2821 feliciter
931 2761 1313 2837 regnantia,
1362 2761 1614 2820 tametsi
1664 2761 2062 2838 ignorarent,
2104 2758 2489 2820 mirabiliter
2539 2758 2817 2834 comple·

227 2849 489 2912 verunt,
533 2855 674 2902 cum
712 2839 1003 2901 unanimi
1050 2839 1516 2901 deliberatione
1563 2840 1629 2899 in
1677 2841 1962 2917 proximo
1999 2839 2318 2902 celebrato
2363 2836 2659 2915 genti-ali
2704 2835 2817 2898 Ca·

230 2920 436 2999 pitulo
482 2909 989 2997 redemptionem
1033 2917 1396 2981 Maurorum
1456 2934 1797 2996 puerorum
1863 2935 1897 2981 a
1956 2919 2012 2980 d.
2073 2919 2329 2981 Nicolao
2386 2915 2665 2980 Oliviero
2709 2933 2817 3002 ge·

233 3001 466 3062 nuensi
513 3002 886 3079 presbytero
932 3002 1392 3078 approbatione
1455 2999 1803 3061 universali
1852 3001 2232 3074 inchoatam,
2263 2999 2341 3061 ab
2386 2997 2670 3076 ejusdem
2704 2998 2816 3060 Or·

232 3079 408 3141 dinis
451 3080 786 3158 religiosis
834 3079 1129 3158 prosequi
1177 3079 1627 3141 decreverunt.
1662 3078 1824 3141 Hinc
1855 3081 1932 3140 ab
1969 3082 2193 3141 eodem
2227 3093 2474 3142 summo
2507 3076 2822 3139 -Pontifice

232 3159 347 3221 Pio
393 3158 491 3235 lX,
533 3176 649 3240 per
691 3158 750 3220 S.
794 3157 1041 3237 Congre
1089 3160 1371 3222 ationem
1415 3158 1868 3238 Episcoporum
1903 3166 1968 3222 et
1997 3158 2430 3239 Regularium,
2463 3157 2682 3219 literas
2712 3158 2820 3219 ob·

234 3241 435 3303 tinuit
477 3239 880 3317 supradictus
924 3256 980 3318 p.
1078 3240 1357 3302 eneralis
1401 3240 1697 3301 minister
1741 3243 1856 3301 sub
1915 3241 2019 3302 die
2083 3241 2156 3301 ‘21
2222 3242 2438 3302 martii
2504 3246 2821 3299 vertentis

234 3325 388 3382 anni
437 3319 691 3399 (1855),
735 3319 963 3399 quibus
1010 3320 1221 3382 omnia
1244 3319 1650 3398 .privilegia,
1692 3330 1756 3382 et
1798 3323 2022 3398 gratiae
2066 3320 2217 3412 obiri
2262 3338 2295 3382 a
2357 3319 2448 3382 Sa.
2498 3319 2819 3380 Pontifici-

232 3395 355 3463 bus
399 3399 623 3462 Ordini
668 3416 780 3462 suo
825 3415 1168 3474 concessae‚
1208 3400 1420 3461 denuo
1465 3399 1952 3466 confirmantur.
2011 3410 2074 3462 et
2127 3417 2396 3479 insuper
2445 3401 2522 3460 ad
2570 3400 2817 3460 redem-

234 3487 524 3560 ptionem
573 3495 916 3558 puerorum
959 3479 1322 3543 Maurorum
1408 3477 1826 3543 xtenduntur.
1858 3481 2064 3553 Quare
2111 3480 2821 3546 dominationemrtuam

236 3559 575 3623 humiliter
619 3569 862 3636 exorat,
906 3568 975 3621 ut
1020 3561 1139 3622 hoc
1182 3576 1342 3639 opus
1441 3575 1515 3621 eo
1557 3563 1984 3639 omnipotenti
2029 3560 2366 3623 admodum
2401 3571 2728 3636 acceptum
2753 3567 2825 3652 et

234 3641 623 3703 humanitati
654 3640 1023 3717 ,proficuum
1069 3640 1235 3718 apud
1284 3638 1505 3701 fideles
1560 3640 1865 3703 Dioecesis
1927 3650 2051 3704 tuae
2096 3657 2467 3720 promovere
2512 3641 2824 3717 digneriS,

236 3732 374 3784 tum
422 3721 610 3782 hasce
655 3719 874 3782 literas
918 3722 1280 3782 executioni
1333 3719 1827 3796 demandand03
1873 3732 1982 3784 aut
2024 3722 2075 3783 si
2129 3720 2212 3782 ibi
2260 3722 2674 3801 reperiuntur
2720 3732 2822 3798 pia

235 3799 531 3864 sodalitia
578 3799 1063 3877 Redemptionis
1128 3801 1568 3878 captivorum,
1615 3800 1721 3863 illa
1770 3802 2217 3876 admonend0‚
2262 3813 2331 3864 ut
2371 3804 2549 3881 juxta
2602 3800 2822 3861 unius-

236 3881 545 3960 quusque
589 3881 778 3955 vires,
825 3881 975 3943 huic
1020 3897 1054 3940 o
1094 3884 1195 3948 ,eri
1242 3879 1551 3942 auxilium
1599 3880 1830 3944 ferant.
1878 3908 1897 3935 ι
1957 3883 2027 3945 V.
2072 3882 2379 3944 Analecta
2406 3881 2587 3942 luris
2628 3882 2826 3959 ponti·

232 3961 635 4105 qvem-³⁰⁰⁰
680 3959 871 4033 18613
913 3993 991 4004 —
1089 3960 1275 4022 iviltc'z
1355 3959 1710 4040 Cattolica,
1771 3981 1893 4025 ser.
1955 3963 2052 4039 6⁵²,
2100 3973 2139 4024 t.
2197 3978 2292 4024 vi:
2335 3963 2424 4024 La
2480 3967 2686 4023 tratta
2728 3961 2829 4023 dei

297 4058 326 4104 e
369 4059 430 4104 ri
506 4056 634 4103 ecc.
1286 4089 1293 4098 .

319 4059 586 4182 30:⁹19.
622 4115 1218 4201 ”impudicam
1256 4143 1279 4175 ι
1320 4120 1528 4182 Etiam
1575 4119 2036 4201 hospitalitatis
2077 4124 2449 4186 meminisse
2475 4122 2676 4200 juvat,
2703 4136 2825 4200 qua

240 4218 390 4280 erga
438 4206 815 4281 peregrinos
859 4209 923 4263 et
967 4202 1346 4262 itinerantes
1384 4201 1666 4264 charitas
1710 4213 2074 4266 exercetur.
2121 4203 2417 4266 Officium
2457 4203 2621 4264 istud
2659 4205 2828 4266 anti-

239 4285 454 4361 quitus
499 4282 733 4360 ubique
775 4281 1071 4359 gentium
1116 4288 1291 4343 tanta
1336 4296 1479 4344 cum
1518 4281 1836 4361 religione
1881 4284 2288 4346 observatum
2333 4284 2500 4359 fuit,
2542 4293 2624 4345 ut
2668 4283 2829 4360 ejus·

241 4364 385 4424 dem
432 4361 763 4440 neglectus
809 4361 1040 4440 passim
1088 4371 1302 4423 notam
1351 4363 1624 4439 insignis
1668 4362 2004 4427 dedecoris
2033 4374 2097 4428 et
2127 4368 2306 4444 quasi
2356 4364 2639 4427 infamiae
2692 4369 2830 4428 inu-

241 4451 436 4506 reret.
477 4442 684 4504 Etiam
728 4457 927 4504 sacrae
971 4445 1305 4521 utriusque
1361 4441 1749 4506 Testamenti
1821 4444 2051 4508 tabulae
2098 4444 2254 4508 illud
2317 4448 2512 4508 enixe
2578 4454 2828 4526 urgent.

241 4522 444 4585 Hodie
503 4522 653 4585 dum
701 4531 937 4596 tamen,
978 4537 1120 4584 cum
1165 4523 1231 4583 in
1278 4523 1652 4601 regionibus
1719 4524 1946 4588 saltem
2012 4526 2390 4591 cultioribus
2433 4527 2677 4606 ubique
2722 4541 2831 4605 pu-

243 4601 428 4666 blicae
470 4603 757 4682 tabernae
801 4608 1042 4678 extent,
1086 4602 1487 4682 hospitalitas
1534 4612 1724 4683 prout
1766 4606 1847 4669 de
1893 4609 2297 4686 necessitate,
2340 4612 2427 4671 ita
2485 4607 2564 4670 de
2609 4608 2831 4685 vigore

243 4699 497 4763 quoque
526 4699 641 4745 suo
672 4681 942 4746 multum
969 4683 1206 4746 amisit.
1235 4683 1531 4746 Attamen
1566 4685 1846 4750 officium
1882 4688 2043 4751 adeo
2078 4690 2593 4754 commendatum
2633 4692 2828 4750 etiam
