3292 5167
435 257 567 325 318
1141 276 1255 321 me.
1299 276 1362 321 ιι.
1411 277 1620 323 τιιΑοτ.
1669 278 1750 324 vr.
1798 279 1943 327 mss.
1992 280 2071 326 ιν.
2119 279 2249 327 car.
2299 277 2386 325 ιιι.

522 381 729 444 438.
782 382 854 462 Q.
905 380 963 446 3.
1017 377 1180 461 Quid
1221 380 1315 446 est
1354 380 1739 467 hypotheca?

529 491 599 557 R.
651 488 1033 574 Hypotheea
1083 486 1207 572 (sic
1256 485 1428 556 dicta
1478 504 1513 554 a
1562 505 1779 573 graeca
1828 506 2033 572 voce,
2085 506 2234 575 quae
2286 487 2457 556 idem
2508 494 2746 557 sonant
2804 505 2881 557 ac
2927 508 3048 555 res

432 597 749 683 supposita
766 622 791 676 ,·
838 597 987 683 quia
1038 615 1159 683 per
1205 598 1350 664 eam
1396 613 1503 666 res
1558 596 1775 683 aliqua
1850 597 2117 685 speciali
2195 596 2581 683 obligationi
2634 597 3050 682 supponitur

433 704 532 771 vel
583 701 964 790 subjicitur)
1013 701 1359 770 definitur:
1413 704 1524 790 Jus
1593 703 1919 771 creditoris
1987 705 2054 771 in
2120 723 2254 771 rem
2316 703 2700 770 immobilem
2746 701 3047 769 debitoris

432 809 830 877 constitutum
877 809 962 876 ad
1004 809 1397 881 securitatem
1444 811 1575 897 ejas
1601 864 1616 892 ,
1667 810 1830 896 quod
1873 810 1992 878 sibi
2038 811 2302 878 debetur.
2376 810 2607 878 Differt
2673 828 2705 875 a
2756 809 3042 895 pignore

433 914 498 983 in
549 933 650 998 eo,
706 914 887 1001 quod
936 917 1171 1001 pignus
1223 914 1532 998 traditum
1583 911 1954 1002 hypo'theca
2003 935 2159 985 vero
2209 916 2379 984 nuda
2431 914 2878 984 conventione·
2921 914 3044 981 fir-

432 1030 670 1091 matur.
722 1022 1048 1090 Constitui
1103 1027 1325 1108 potest
1376 1039 1508 1093 non
1558 1029 1813 1090 tantum
1864 1024 1927 1090 in
1977 1025 2151 1092 bona
2202 1022 2565 1091 immobilia
2644 1022 2886 1107 quibus
2928 1020 3040 1107 ju-

435 1128 603 1213 giter
650 1127 927 1196 inhaeret
977 1128 1056 1195 ad
1104 1146 1537 1214 quascunque
1610 1147 1843 1197 manus
1901 1128 2010 1197 illa
2070 1128 2448 1198 transierint
2531 1146 2681 1197 cum
2731 1127 2870 1195 suis
2919 1144 3036 1194 ac-

434 1234 744 1302 cessoriis
814 1252 888 1303 ac
937 1234 1544 1318 meliorationibus,
1596 1251 1950 1323 quousque
1998 1235 2291 1304 totaliter
2348 1234 2565 1303 debita
2638 1234 3030 1318 extinguan-

434 1345 543 1406 tur
598 1346 647 1421 ¹;
698 1340 815 1408 sed
861 1341 1059 1409 etiam
1109 1342 1171 1408 in
1223 1339 1587 1410 eorundem
1636 1342 1984 1410 usufructu
2036 1342 2118 1429 (si
2174 1341 2543 1427 excipiatur
2592 1341 2702 1427 qui
2753 1339 3034 1408 debetur

435 1446 995 1534 ascendentibus).
1058 1450 1223 1516 Item
1294 1449 1360 1515 in
1430 1448 1577 1534 jura
1651 1449 2065 1535 proprietarii
2141 1458 2205 1518 et
2296 1448 2739 1535 emphyteutae
2812 1445 3033 1534 quoad

336 1548 343 1556 '
429 1557 603 1624 bona
652 1554 715 1625 in
779 1555 1266 1641 emphyteusim
1338 1554 1519 1636 data;
1592 1556 1750 1623 item
1801 1556 1864 1623 in
1915 1575 2154 1624 census
2204 1555 2266 1623 in
2328 1556 2650 1642 gubernio
2699 1554 3031 1624 fundatos⁸

522 1663 900 1749 Hypotheca
952 1662 1189 1748 triplex
1243 1662 1712 1748 distinguitur:
1761 1664 1883 1730 alia
1935 1665 2152 1750 lcqalis
2199 1681 2316 1732 seu
2359 1663 2671 1750 implicita
2711 1670 2775 1731 et
2811 1662 3030 1745 tacita,

430 1774 497 1838 et
545 1787 617 1837 ea
667 1776 787 1851 est,
841 1787 989 1855 quae
1040 1771 1119 1837 ab
1168 1768 1312 1855 ipsa
1364 1769 1505 1855 lege
1554 1770 1923 1839 inducitur:
1970 1774 2198 1838 Hanno
2244 1772 2479 1858 ipoteca
2530 1771 2729 1856 leqalc
2763 1771 2871 1855 (ex
2908 1771 3035 1838 Co-

431 1876 642 1963 dice):
692 1878 755 1963 1)
805 1877 1208 1953 ilpenditore
1256 1877 1334 1944 od
1379 1879 1541 1944 altro
1587 1879 1901 1946 alienante
1967 1888 2156 1966 so‘pra
2224 1879 2315 1964 qli
2375 1879 2677 1947 immobili
2721 1878 3028 1959 alienati,

421 2002 539 2072 per
588 1984 1088 2070 l'adempimento
1128 1983 1290 2069 deqli
1336 1985 1602 2070 obbliqhi
1647 1984 1960 2079 derivanti
1990 1985 2141 2051 dall'
2159 1996 2286 2051 atto
2334 1983 2400 2049 di
2443 1985 2869 2062 alienazione;
2899 1984 2969 2070 2)
3007 1984 3034 2049 i

429 2091 697 2171 coeredi,
748 2091 928 2157 isoci
990 2089 1068 2156 od
1123 2091 1276 2157 altri
1322 2091 1735 2157 condividenti
1780 2110 1970 2178 sopra
2016 2091 2039 2156 i
2084 2091 2296 2158 mobili
2345 2082 2555 2158 caduti
2598 2091 2743 2158 nell’
2772 2090 3029 2173 eredita,

427 2198 654 2265 societ&
698 2217 732 2264 o
778 2198 1159 2279 comunione,
1201 2217 1318 2283 per
1348 2199 1395 2264 il
1434 2210 1809 2285 papamento
1857 2198 1954 2263 dei
1984 2198 2365 2283 risacimenti
2401 2218 2432 2264 e
2463 2198 2797 2283 conyaaqli
2813 2223 2838 2275 ;
2871 2196 2940 2283 3)
2980 2197 3032 2263 il

426 2305 669 2371 minore
713 2325 743 2371 e
793 2303 1172 2371 l’interdetto
1217 2305 1320 2370 sui
1365 2306 1503 2372 berei
1547 2305 1643 2371 del
1689 2317 1957 2372 tutore..
1986 2330 2044 2385 .;
2090 2305 2158 2390 4)
2213 2307 2275 2373 la
2319 2307 2543 2392 moqlie
2588 2307 2689 2372 sui
2745 2305 2882 2372 beni
2926 2305 3028 2371 del

427 2413 657 2477 marito
702 2431 818 2499 per
868 2412 929 2477 la
979 2411 1112 2478 dote
1159 2432 1189 2478 e
1230 2431 1347 2499 per
1386 2413 1412 2477 i
1460 2413 1622 2479 lucri
1668 2411 1923 2479 dotali...
1937 2437 1961 2491 ;
1998 2412 2067 2498 5)
2118 2413 2175 2479 lo
2222 2414 2390 2480 Stato
2436 2432 2625 2499 sopra
2671 2413 2696 2478 i
2740 2411 2874 2479 beni
2923 2411 3028 2479 dei

428 2518 817 2586 condannati
853 2539 973 2606 per
1014 2520 1077 2586 la
1121 2519 1487 2586 riscossione
1531 2520 1684 2587 delle
1720 2540 1889 2606 spese
1934 2520 2000 2586 di
2042 2520 2343 2606 qiustizia
2390 2521 2460 2586 in
2505 2521 2773 2587 materia
2802 2520 3027 2585 crimi—

426 2626 591 2709 nale,
642 2626 1062 2692 correzionale
1106 2646 1137 2692 e
1183 2625 1245 2693 di
1295 2627 1552 2713 polizia,
1603 2628 1904 2714 compresi
1948 2627 2017 2694 irt
2063 2627 2184 2694 essi
2230 2629 2252 2694 i
2297 2627 2497 2695 diritti
2527 2628 2738 2694 dovuti
2781 2627 2848 2693 ai
2875 2628 3031 2712 fun-

426 2735 674 2802 zionari
694 2735 768 2799 ed
793 2735 923 2818 ayli
948 2734 1206 2821 afficiali
1233 2733 1579 2820 qiudiziari
1605 2734 1753 2820 (art.
1803 2735 2022 2821 1969).
2054 2772 2144 2785 —-
2166 2733 2305 2803 Alia
2321 2735 2666 2822 judicialis,
2696 2753 2845 2820 quae
2873 2752 3029 2821 pro-

429 2841 601 2909 cedit
649 2859 682 2908 a
746 2840 1096 2908 tribunalis
1145 2840 1469 2909 sententia
1508 2841 1583 2909 in
1624 2840 1801 2911 illius
1851 2842 2167 2928 gratiam,
2219 2844 2329 2930 qui
2381 2843 2775 2912 sententiam
2838 2844 3024 2912 obti-

426 2949 571 3017 nuit
608 2957 836 3017 contra
872 2967 1044 3032 eum,
1076 2948 1191 3035 qui
1229 2968 1423 3017 causa
1458 2949 1659 3018 cessit
1693 2951 1754 3017 2.
1796 2987 1885 3000 —-
1929 2950 2068 3019 Alia
2114 2951 2623 3033 conventionalis,
2675 2969 2818 3037 quae
2856 2969 3024 3038 pen-

428 3054 538 3123 det
584 3074 617 3122 a
675 3062 901 3123 mutua
970 3056 1500 3125 contrahentium
1572 3056 1912 3131 voluntate
1982 3064 2047 3125 et
2119 3057 2355 3126 confici
2425 3058 2620 3126 debet
2693 3058 3024 3142 scriptura

429 3163 716 3250 publica,
769 3162 869 3233 vel
912 3164 1108 3232 etiam
1158 3165 1427 3250 privata,
1479 3182 1629 3250 quae
1684 3170 1900 3232 tamen
1942 3164 2026 3232 sit
2075 3183 2109 3232 a
2159 3165 2420 3233 notario
2468 3165 2563 3233 vel
2609 3164 2831 3250 judice
2864 3182 3024 3232 con-

427 3271 725 3352 firmata,
777 3288 892 3338 seu
943 3270 1446 3339 authenticitate
1519 3270 1779 3339 donata.
1851 3269 2230 3357 Hypotheca
2294 3270 2520 3357 legalis
2570 3277 2634 3339 et
2674 3270 3019 3357 Judicialis

427 3384 648 3464 potest
702 3378 1054 3463 complecti
1107 3379 1279 3446 bona
1321 3377 1684 3448 immobilia
1737 3396 1886 3447 cum
1936 3379 2074 3452 suis
2123 3379 2512 3450 accessoriis
2556 3377 2919 3465 praesentia
2956 3383 3023 3446 et

425 3483 669 3564 futura;
719 3484 1242 3553 conventionalis
1290 3504 1443 3553 vero
1493 3486 1633 3554 sola
1684 3485 2036 3570 praesentia
2074 3492 2125 3554 ³.

514 3591 608 3658 Illi
661 3591 877 3659 solum
928 3600 1215 3676 possunt
1265 3592 1703 3678 hypothecam
1738 3590 2124 3675 concedere,
2163 3593 2273 3678 qui
2329 3590 2653 3659 alienandi
2691 3592 3023 3659 habentur

424 3716 730 3785 capaces:
799 3698 894 3766 sic
949 3698 1385 3783 prohibentur
1434 3698 1747 3780 minoreS,
1782 3705 1847 3765 et
1887 3716 2129 3766 uxores
2165 3698 2316 3793 (nisi
2355 3705 2791 3766 mercaturam
2831 3716 3020 3766 exer-

422 3807 640 3892 ceant)
681 3807 823 3874 sine
888 3806 1401 3875 auctor-izatione
1463 3805 1809 3876 tribunalis
1857 3806 1955 3875 vel
2008 3808 2242 3874 mariti.
2293 3805 2628 3874 Interdicti
2666 3807 2809 3874 sine
2857 3805 3020 3874 deli-

426 3912 768 3982 beratione
820 3913 1357 3981 consiliifamilias
1435 3931 1584 3999 quae
1660 3913 2068 3999 homologari
2119 3914 2361 3995 ·debet;
2431 3912 2819 3981 inhabilitati
2870 3913 3014 3981 sine

425 4021 797 4090 assistentia
863 4021 1232 4104 curatoriS,
1284 4022 1497 4090 etc.‚⁴.
1546 4025 1627 4091 Ut
1675 4038 1827 4089 vero
1878 4021 2245 4109 hypotheca
2294 4039 2481 4090 suam
2531 4020 2769 4088 habeat
2841 4021 3013 4088 vim:

444 4216 503 4263 1¹
543 4236 561 4260 ι
584 4217 706 4269 Cosi
741 4230 832 4282 per
865 4218 1127 4281 esempio:
1168 4216 1342 4267 liuore
1366 4215 1596 4267 Antonio
1618 4214 1890 4264 lasciando
1924 4217 2001 4267 tre
2033 4215 2197 4276 credi,
2236 4214 2543 4266 trovandosi
2577 4215 2612 4264 il
2650 4215 2703 4266 di
2733 4215 2814 4265 lul
2847 4214 3016 4266 fondo

420 4282 637 4340 gravato
673 4280 740 4330 da
777 4282 865 4330 un'
889 4282 1097 4343 ipoteca.
1128 4278 1179 4330 di
1215 4279 1307 4329 lire
1342 4280 1491 4338 9,000
1522 4288 1554 4327 a
1587 4277 1764 4327 lavore
1800 4275 1850 4326 di
1886 4279 2056 4329 carle.
2094 4280 2158 4329 Se
2191 4290 2299 4328 uno
2328 4277 2462 4339 degli
2497 4277 2636 4329 eredi
2678 4289 2812 4340 paga
2845 4280 2892 4327 la
2915 4288 3017 4329 sua

460 4344 583 4391 uota
618 4341 671 4392 di
703 4343 796 4393 lire
830 4345 1006 4404 3.000,
1042 4343 1079 4393 il
1109 4340 1273 4392 fondo
1309 4343 1450 4392 resta
1485 4340 1708 4391 tuttavia
1762 4341 1986 4401 gravato,
2012 4342 2360 4390 inter-amente
2393 4352 2422 4389 e
2458 4340 2727 4390 vincolato
2765 4338 2847 4402 pel
2894 4339 3018 4391 resl-

461 4414 527 4453 un
562 4404 797 4466 importo
833 4405 883 4455 di
918 4406 1013 4455 lire
1046 4405 1218 4465 ss,000.
1258 4403 1551 4466 Hypotheca
1581 4405 1655 4452 est
1689 4405 1798 4451 tota
1828 4404 1881 4451 in
1916 4406 2022 4454 toto
2054 4407 2102 4453 et
2139 4405 2245 4452 tota
2277 4402 2331 4451 in
2365 4402 2591 4464 qualibet
2620 4406 2792 4464 purte.
2835 4422 2852 4444 ι

481 4464 507 4504 ‘³
540 4465 669 4515 Vide
700 4468 856 4517 etiarn
894 4467 1012 4517 God.
1044 4466 1251 4528 proced.
1288 4468 1402 4525 civ„
1439 4467 1532 4515 art.
1569 4464 1648 4523 24,
1684 4463 1801 4521 554,
1832 4465 1918 4513 941
1953 4466 2005 4515 et
2037 4475 2186 4527 seqq.

484 4529 506 4569 ⁸
540 4530 649 4578 Art.
688 4528 808 4578 1964
841 4529 892 4579 et
923 4538 979 4579 sc
1019 4540 1070 4592 q.
1102 4554 1166 4566 —
1203 4527 1241 4579 C
1291 4530 1347 4579 G.
1378 4528 1530 4588 2!th
1564 4550 1627 4561 —
1662 4523 1714 4576 C.
1752 4524 1804 4574 S.
1837 4526 1995 4586 2000;
2030 4551 2094 4563 —
2141 4526 2192 4579 G.
2230 4527 2286 4576 P.
2320 4526 2474 4585 2165;
2508 4550 2574 4561 —
2607 4525 2661 4576 G.
2698 4527 2758 4577 R.
2795 4526 3017 4587 1033-

424 4590 476 4642 C.
508 4590 576 4640 M.
614 4589 770 4639 2146·
804 4614 864 4625 —
902 4589 955 4640 C.
981 4541 1046 4640 21.
1081 4592 1143 4640 56
1179 4591 1279 4640 hoc
1315 4591 1391 4641 tit.
1426 4614 1482 4627 -
1526 4588 1576 4640 C.
1615 4587 1670 4636 T.
1708 4586 1845 4636 sst's.
1880 4612 1945 4623 —
1989 4588 2040 4637 V.
2076 4587 2305 4650 Lignori,
2342 4586 2428 4650 Op:
2452 4586 2605 4647 Mur„
2640 4589 2672 4637 l.
2703 4599 2783 4649 ιιι,
2819 4601 2870 4639 ιι.
2895 4589 3012 4639 913.

452 4649 502 4763 ξε
537 4652 642 4763 Δὲιὼῑ
679 4625 787 4759 133
814 4651 938 4763 ’ἐξὲξ
969 4651 1229 4764 2ἓ6,3ξοί,
1280 4655 1390 4713 329,
1436 4653 1549 4711 334,
1587 4648 1743 4710 19723
1783 4647 1902 4700 cod.
1938 4662 2229 4711 commem,
2269 4651 2367 4702 art.
2411 4650 2470 4713 63
2528 4650 2580 4700 et
2612 4651 2734 4711 {Lex
2782 4652 3010 4702 transito

417 4727 522 4777 ra,
650 4724 720 4762 no
744 4723 774 4763 ·.
890 4733 895 4737 ·
942 4750 958 4771 ,
1032 4750 1044 4762 .
1145 4751 1158 4765 .
