3292 5167
490 251 575 318 24
1197 271 1338 326 με.
1386 272 1449 316 11.
1499 272 1708 318 rnAcr.
1758 273 1812 317 v.
1863 272 2014 317 nise.
2063 272 2107 316 1.
2157 271 2287 318 cae.
2337 273 2376 317 l.

582 372 1043 442 Subdiaconus
1079 391 1210 458 quo
1246 373 1351 442 die
1392 373 1753 456 ordinatur,
1798 375 1943 442 sine
1977 373 2182 442 dubio
2223 380 2488 466 tenetur
2519 373 2796 442 recitare
2835 374 3082 439 Horam

497 498 646 569 quae
699 479 1097 565 respondeat
1147 482 1449 566 tempori,
1502 500 1633 568 quo
1686 480 1996 550 Ordinem
2045 481 2376 566 suscepit;
2426 489 2490 548 et
2542 479 2596 548 si
2646 487 2797 547 ante
2847 478 3086 546 recita-

494 591 682 670 verit,
735 587 1143 673 probabilius
1194 607 1324 656 non
1376 596 1686 657 censetur
1734 588 2169 669 satisfecisse3
2213 589 2363 673 quia
2415 605 2612 656 nemo
2663 593 2884 673 potest
2922 584 3091 654 obli-

497 695 829 783 gationem
900 694 1190 779 legitime
1224 695 1540 779 implere,
1587 713 1737 782 quae
1790 694 2085 763 nondum
2134 700 2469 763 contracta
2519 701 2642 763 est.
2694 693 2983 779 Excipe,
3034 691 3089 759 si

496 803 622 869 iste
693 801 778 868 sit
849 801 1044 869 etiam
1117 800 1546 870 beneficiatus
1603 810 1670 869 et
1721 801 2092 870 recitaverit
2141 809 2293 870 ante
2345 801 2888 880 Ordinationem;
2941 817 3093 867 nam

496 916 655 976 tunc
703 908 1096 990 verificatur,
1148 908 1326 993 quod
1377 910 1671 976 recitavit
1721 909 1987 978 nomine
2035 916 2100 977 et
2142 927 2223 976 ex
2259 915 2597 994 praecepto
2633 907 2968 989 Ecclesiae,
3000 912 3098 973 at-

500 1032 630 1101 que
674 1033 755 1083 ex
801 1015 1158 1099 Religionis
1205 1016 1473 1084 motivo.

511 1115 519 1128 ’
588 1127 736 1189 34.
787 1126 860 1204 Q.
910 1127 970 1191 6.
1025 1124 1295 1204 Quinam
1340 1135 1624 1191 tenentur
1669 1123 1754 1190 ad
1801 1125 2008 1191 Horas
2054 1123 2118 1189 vi
2164 1123 2498 1208 Beneficii?

594 1235 661 1299 R.
715 1232 1002 1313 Quilibet
1050 1231 1522 1314 beneficiatuS,
1572 1230 1776 1300 semel
1828 1230 2260 1300 ecclesiastici
2302 1228 2617 1298 Beneficii
2668 1229 3098 1315 possessione

504 1340 782 1425 adepta,
855 1341 976 1408 etsi
1038 1339 1331 1407 nondum
1392 1340 1453 1406 in
1503 1340 1766 1421 Sacris,
1818 1346 2086 1407 tenetur
2132 1338 2258 1407 sub
2310 1337 2483 1420 gravi
2540 1341 2748 1406 Horas
2797 1334 3099 1424 quotidie

505 1448 801 1530 recitare,
850 1455 924 1516 ut
972 1457 1231 1516 constat
1281 1458 1419 1514 tum
1468 1468 1549 1515 ex
1598 1439 1894 1515 Concilio
1935 1446 2355 1515 Lateranensi
2394 1446 2519 1513 sub
2558 1448 2776 1513 Leone
2812 1446 2871 1513 X
2887 1470 2905 1524 3
2955 1454 3099 1514 tum

505 1572 582 1622 ex
637 1556 1127 1623 Constitutione
1173 1558 1279 1622 Ex
1321 1556 1615 1642 prooeimo
1665 1574 1716 1623 S.
1767 1556 1862 1622 Pii
1912 1556 2146 1658 V.'Qui
2183 1572 2336 1622 vero
2381 1552 2511 1621 duo
2547 1554 2644 1622 vel
2682 1553 2867 1639 plura
2902 1554 3102 1621 babet

505 1663 947 1732 ecclesiastica
998 1662 1343 1745 Beneficia,
1391 1663 1585 1731 unius
1639 1671 1893 1731 tantum
1943 1663 2149 1731 Officii
2205 1662 2679 1747 obligationem
2727 1663 2958 1731 habet:
3002 1674 3103 1728 ta-

508 1773 585 1838 lis
636 1770 682 1852 ¹,
732 1770 820 1837 ait
869 1788 921 1837 s,
971 1771 1298 1852 Thomas,
1368 1753 1518 1855 quia
1565 1770 1778 1837 laudes
1855 1775 1975 1838 Deo
2045 1769 2212 1837 debet
2279 1770 2462 1854 quasi
2507 1789 2671 1835 unus
2715 1771 2915 1852 homO,
2961 1769 3105 1853 suf-

504 1880 639 1972 ficit
676 1878 838 1962 quod
880 1880 1065 1945 semel
1098 1879 1379 1966 Officium
1408 1878 1613 1956 dicat;
1644 1876 1819 1945 unde
1853 1878 2167 1945 omittens
2207 1876 2663 1944 recitationem
2696 1892 2903 1943 unum
2944 1893 3107 1961 pee-

508 1991 730 2052 catum
800 1984 971 2067 facit,
1031 1984 1326 2070 quamvis
1385 1984 1580 2052 etiam
1629 1984 1687 2050 vi
1742 1983 2004 2051 Ordinis
2056 1981 2600 2070 teneatur3-quia
2651 1980 2968 2068 obligatio
3020 2000 3104 2050 ex

510 2112 645 2161 uno
695 2094 911 2160 oritur
959 2092 1317 2176 Religionis
1367 2092 1636 2160 motivo.

599 2196 744 2263 35.
796 2203 868 2281 Q.
924 2202 981 2267 7.
1036 2200 1199 2281 Quid
1244 2199 1315 2266 de
1360 2185 1886 2286 beneficiato,⁸qui
1936 2200 2217 2287 Officium
2262 2198 2534 2265 omittit?

603 2311 670 2375 R.
748 2310 1014 2376 Certum
1091 2315 1192 2376 est
1240 2307 1727 2389 beneficiatum,
1785 2307 1896 2393 qui
1948 2306 2249 2374 Officium
2298 2306 2569 2388 omittit,
2619 2304 2902 2390 graviter
2950 2322 3110 2390 pec-

512 2433 661 2484 care
714 2424 948 2483 contra
994 2415 1424 2499 Religionem,
1479 2415 1631 2484 licet
1679 2413 1974 2483 nondum
2025 2414 2090 2482 in
2142 2415 2379 2494 Sacris,
2434 2422 2498 2480 et
2540 2414 2984 2481 intentionem
3016 2413 3112 2480 fo-

508 2531 658 2590 veat
707 2523 958 2591 fructus
1013 2522 1440 2604 restituendi;
1490 2523 1643 2608 quia
1676 2523 1918 2607 duplex
1955 2523 2059 2590 hic
2092 2521 2374 2590 habetur
2414 2529 2865 2606 praeceptum:
2897 2537 3111 2588 unum

511 2628 1093 2714 antiquissimum,
1161 2648 1293 2715 quo
1365 2629 1743 2713 obligantur
1789 2629 2160 2697 beneficiati
2211 2627 2292 2695 ad
2345 2628 2550 2696 Officii
2605 2628 3118 2707 recitationem3

511 2737 688 2804 aliud
715 2755 944 2805 recens
975 2744 1114 2805 tum
1148 2757 1227 2806 ex
1269 2739 1563 2807 Concilio
1600 2738 1886 2823 generali
1923 2736 2346 2805 Lateranensi
2380 2737 2506 2804 sub
2543 2738 2763 2804 Leone
2796 2738 2871 2817 X,
2910 2737 3111 2816 1517,

512 2851 654 2911 tum
703 2863 783 2913 ex
832 2845 1324 2914 Constitutione
1355 2849 1462 2912 Ex
1485 2847 1783 2931 protrimo
1817 2845 1911 2913 Pii
1949 2847 2019 2926 V,
2059 2848 2261 2911 ¹571:
2296 2844 2537 2929 quibus
2585 2843 2883 2912 Officium
2920 2842 3116 2909 omit-

512 2958 730 3019 tentes
764 2953 1142 3038 obligantur
1174 2953 1297 3021 sub
1332 2953 1506 3038 gravi
1535 2953 1614 3022 ad
1647 2953 1981 3021 fructuum
2016 2951 2528 3020 restitutionem.
2557 2951 2679 3032 Qui
2705 2968 2860 3018 vero
2898 2966 3118 3035 neque

515 3057 951 3127 intentionem
979 3060 1177 3128 habet
1225 3059 1612 3127 restituendi
1674 3059 1948 3138 fructus„
1985 3066 2212 3142 peccat
2247 3059 2445 3126 etiam
2489 3065 2718 3125 contra
2750 3057 3117 3143 justitiam3

517 3167 677 3251 quia*
718 3167 1011 3234 Ecclesia
1060 3183 1340 3251 pensum
1393 3167 1597 3235 Officii
1648 3166 2040 3235 beneficiato
2089 3166 2408 3251 imposuit
2460 3167 2658 3234 etiam
2707 3172 2831 3233 sub
2890 3164 3119 3232 condi-

514 3273 698 3340 tione
747 3282 817 3340 ut
886 3274 1140 3342 fructus
1217 3274 1528 3340 Beneficii
1598 3294 1725 3340 non
1769 3273 1964 3359 faciat
2005 3292 2172 3355 suos,
2222 3274 2273 3339 si
2325 3271 2486 3339 illud
2538 3290 2667 3339 non
2721 3273 3116 3340 recitaverit.

520 3383 733 3461 Quare
805 3380 916 3465 qui
1001 3380 1423 3464 culpabiliter
1495 3380 1798 3448 Officium
1845 3398 1977 3447 non
2028 3380 2522 3447 recitaverit-in
2575 3381 2841 3448 materia
2892 3380 3117 3464 gravi,

520 3487 761 3572 elapsis
796 3505 912 3555 sex
947 3487 1175 3571 primis
1212 3488 1552 3555 mensibus
1585 3504 1620 3552 a
1657 3485 1965 3554 Beneficii
2005 3488 2450 3573 possessione,
2490 3495 2755 3554 tenetur
2785 3487 2848 3553 in
2890 3494 3122 3571 poste-

521 3613 668 3662 rum
740 3614 859 3681 pro
933 3601 1069 3662 rata
1128 3593 1507 3661 omissionis
1558 3593 1811 3659 fructus
1859 3592 2230 3660 restituere.
2272 3593 2657 3674 statuimus,
2708 3592 2798 3659 ait
2846 3593 3116 3660 Latera-

518 3721 745 3786 nense,
792 3714 861 3769 ut
904 3704 1153 3788 quilibet
1199 3703 1425 3769 habens
1475 3702 1877 3786 Beneficium,
1927 3700 1984 3766 si
2039 3712 2181 3787 post
2226 3720 2340 3767 sex
2371 3719 2605 3766 menses
2630 3752 2646 3781 ,
2693 3701 2928 3766 obtento
2999 3702 3119 3767 Be-

518 3813 752 3897 neficiO,
812 3811 1092 3897 Officium
1145 3808 1426 3876 divinum
1495 3828 1622 3874 non
1669 3806 1903 3872 disperit
1928 3859 1945 3888 ,
1998 3806 2268 3891 legitimo
2315 3807 2747 3893 impedimento
2804 3819 3079 3874 cessante
3102 3859 3120 3887 ,

517 3919 760 4002 fructus
789 3937 916 3983 non
943 3918 1140 4003 faciat
1168 3934 1330 3996 suos,
1362 3933 1481 4001 pro
1514 3925 1660 3980 rata
1704 3913 2056 3980 omissionis
2085 3915 2471 3980 recitationis
2507 3914 2703 4001 Officii
2750 3926 2933 3999 atque
2963 3926 3120 3981 tem-

519 4026 710 4110 poris

614 4132 948 4199 Diximus:
1001 4133 1058 4196 1.
1106 4130 1227 4210 Qui
1257 4128 1685 4214 culpabiliter3
1718 4127 1861 4194 haec
1903 4126 2078 4194 enim
2116 4130 2452 4196 restitutio
2488 4146 2619 4195 non
2651 4131 2808 4197 Jure
2845 4136 3122 4210 naturae,

526 4237 643 4306 sed
691 4238 769 4305 ab
811 4238 1103 4306 Ecclesia
1155 4236 1465 4321 imposita
1515 4245 1615 4303 est
1667 4234 1747 4301 ad
1798 4234 2170 4319 puniendos
2216 4253 2344 4302 non
2406 4236 2778 4303 recitantes.
2815 4242 2893 4303 At
2927 4255 3124 4321 poena

587 4423 609 4462 ¹
645 4422 833 4483 Quodl.
871 4425 915 4484 ¹,
951 4434 1001 4473 a.
1039 4424 1117 4473 13.
1151 4422 1394 4473 Diximus
1427 4420 1799 4480 ecclesiastica‚·
1833 4419 1977 4471 unde
2007 4419 2214 4470 nullum
2248 4419 2349 4470 erit
2383 4418 2552 4471 Officii
2614 4431 2752 4472 onus
2825 4430 2883 4470 ro
2938 4419 3123 4483 Capel-

524 4487 668 4537 lania
704 4494 845 4535 mere
877 4483 1051 4558 laicali
1087 4485 1170 4535 vel
1202 4484 1548 4557 mercenaria.
1580 4484 1712 4555 Item
1747 4493 1922 4594 ”⁹3⁹⁹
1955 4481 2020 4554 ad
2056 4482 2318 4554 Officium⁴
2353 4483 2598 4532 tenentur
2646 4481 2778 4532 coad
2807 4483 2988 4566 utores
3035 4480 3122 4533 be·

526 4548 915 4606 milcianorum,
952 4548 1051 4610 nisi
1087 4547 1195 4596 sint
1227 4559 1280 4597 in
1316 4547 1508 4606 Sacris,
1544 4557 1672 4609 quta
1707 4547 1816 4596 Coa
1850 4547 2047 4607 Jutoria
2081 4542 2345 4603 beneficii,
2379 4543 2693 4597 beneficium
2732 4555 2837 4594 non
2871 4546 2987 4605 est,
3030 4543 3122 4594 sed

436 4661 443 4672 ,
527 4611 754 4673 simplex
788 4607 1014 4659 facultas
1046 4608 1281 4659 officium
1317 4608 1648 4671 proprietarii
1686 4605 1988 4663 exercendi,
2026 4606 2082 4655 ut
2116 4604 2293 4668 plures
2327 4605 2618 4656 declaravit
2651 4605 2700 4656 S.
2737 4605 2955 4658 concilii
2980 4605 3036 4656 C.
3061 4630 3127 4643 -

527 4674 656 4722 liem
691 4683 864 4735 neque
899 4673 1139 4723 tenentur
1170 4673 1257 4733 qui
1302 4673 1610 4734 pensionem
1650 4669 1893 4720 laicalem
1930 4666 2188 4728 obtinent,
2225 4669 2318 4718 aut
2353 4669 2566 4731 Regias'
2591 4668 2943 4731 capellanias»,
2999 4667 3126 4731 quia

529 4746 657 4787 vera
691 4734 944 4786 beneficia
978 4745 1085 4784 non
1119 4734 1263 4783 sunt.
