3292 5167
1099 271 1175 317 οε
1222 271 1478 318 νιιιτυτε
1525 270 1859 318 nnciotoms
2729 244 2766 310 7

265 371 336 434 8.
384 374 461 452 Q.
510 373 575 437 2.
630 373 803 454 Quid
848 385 935 441 est
982 375 1262 460 Religio?

264 481 322 547 R.
364 479 737 564 Religionis
788 498 1027 549 nomen
1078 498 1112 547 a
1160 483 1481 569 religando
1528 480 1708 549 ducit
1742 480 1802 548 d.
1839 479 2277 565 Augustinus:
2329 479 2479 564 quia
2528 495 2768 562 nempe

197 588 317 656 haec
363 588 576 657 virtus
625 610 769 657 cum
824 593 946 658 Deo
992 589 1107 657 nos'
1155 590 1325 676 liqut,
1373 591 1547 676 eique
1583 591 1778 678 plane
1821 589 2086 656 devincit
2137 585 2181 654 ¹.
2234 585 2500 672 Triplici
2549 592 2768 652 autem

199 714 382 764 sensu
432 715 683 765 nomen
732 696 1093 781 Religionis
1143 698 1349 784 accipi
1398 697 1600 767 solet:
1647 735 1738 746 -
1772 697 1838 782 l)
1889 714 2009 783 pro
2058 695 2378 764 societate
2426 693 2769 761 hominum

193 804 319 870 Deo
367 801 624 870 cultum
674 802 1147 886 exhibentium,
1197 810 1261 871 et
1310 804 1406 872 sic
1454 802 1698 872 dicitur
1726 803 1961 889 Reliqio
2009 802 2350 880 catholica;
2410 837 2500 848 -—
2530 800 2599 885 2)
2650 816 2769 885 pro

189 916 351 976 coetu
401 908 848 995 quorundam,
898 910 1004 996 qui
1057 928 1176 996 per
1223 910 1712 977 observantiam
1762 908 2214 980 Consiliorum
2260 905 2591 992 Evangelii
2644 904 2770 973 sub

187 1022 353 1084 certa
406 1016 638 1101 regula
674 1018 771 1100 ,ab
819 1017 1109 1086 Ecclesia
1165 1018 1527 1101 approbata
1606 1018 1747 1086 Deo
1818 1016 2193 1103 specialiter
2263 1013 2653 1093 inserviunt,
2707 1017 2771 1079 et

186 1122 274 1190 sic
318 1121 591 1206 dicitur,
641 1142 703 1189 v.
752 1142 835 1209 g.,
885 1113 1118 1208 Reliyio
1164 1145 1213 1190 s.
1264 1124 1617 1203 Dominici;
1687 1160 1778 1171 -
1844 1125 1912 1209 3)
1976 1141 2096 1209 pro
2159 1121 2398 1190 virtute
2447 1137 2596 1206 quae
2649 1118 2769 1185 ho—

187 1229 420 1298 miuem
472 1230 756 1298 inclinat
804 1229 886 1297 ad
933 1232 1141 1298 Deum
1192 1229 1565 1313 colendum,
1616 1238 1690 1299 ut
1753 1229 1821 1298 in
1879 1229 2385 1316 praesentiarum
2432 1226 2771 1312 accipitur.

185 1338 266 1404 Ea
311 1344 538 1405 autem
586 1355 621 1403 a
669 1337 728 1405 d.
765 1338 1013 1407 Thoma
1061 1324 1402 1406 definitur:
1445 1340 1653 1406 Virtus
1697 1338 1957 1406 moralis
1987 1337 2297 1405 hominem
2329 1335 2644 1403 inclinans
2691 1331 2776 1398 ad

184 1439 592 1511 exhibendum
625 1445 862 1511 cultum
894 1448 1019 1512 Deo
1052 1444 1318 1512 debitum
1353 1456 1657 1529 tanquam
1687 1446 1965 1511 omnium
2017 1443 2300 1511 Creatori
2330 1454 2385 1509 et
2417 1441 2682 1509 Domino
2722 1436 2772 1504 ².

264 1552 548 1619 Dicitur:
604 1554 660 1618 l.
716 1553 962 1631 Virtus;
1010 1571 1161 1630 nam
1212 1552 1497 1635 habituS,
1543 1554 1658 1643 qui
1710 1553 1793 1621 ad
1832 1554 2088 1622 cultum
2137 1555 2275 1621 Deo
2325 1547 2773 1619 exhibendum

180 1659 470 1742 inclinat,
526 1660 855 1728 honestus
905 1667 1005 1729 est
1053 1667 1118 1729 et
1167 1660 1534 1744 laudabilis,
1584 1660 1735 1731 ideo
1786 1662 1867 1729 ad
1930 1661 2240 1730 virtutem
2290 1659 2596 1745 pertinet.

356 1768 418 1833 2.
466 1760 777 1848 uorans,
832 1785 961 1835 non
1008 1770 1528 1853 supernaturalis
1579 1789 1701 1838 nec
1751 1769 2160 1856 theologica3
2200 1788 2349 1836 nam
2380 1765 2630 1852 Religio
2659 1782 2778 1851 per

178 1890 248 1941 se
292 1878 595 1958 spectata
652 1890 874 1959 neque
921 1873 983 1941 in
1017 1873 1231 1942 divina
1268 1876 1669 1946 revelatione
1703 1876 2034 1960 fundatur,
2071 1893 2285 1961 neque
2335 1874 2529 1942 habet
2563 1873 2776 1940 Deum

182 2000 302 2067 pro
352 1980 625 2065 obiecto
666 1980 1048 2049 immediato
1064 2007 1084 2063 ;
1133 1982 1250 2050 sed
1297 1983 1609 2051 fundatur
1656 1984 1722 2051 in
1773 1984 1914 2071 ipsa
1951 1984 2207 2052 ratione
2244 1980 2545 2060 naturali,
2582 1978 2772 2064 cujus

180 2089 400 2155 lumen
452 2086 617 2156 satis
666 2095 767 2156 est
818 2088 898 2155 ad
948 2091 1481 2174 cognoscendum
1555 2099 1620 2160 et
1671 2093 1882 2160 Deum
1951 2092 2256 2172 existere,
2309 2097 2375 2158 et
2422 2089 2640 2160 omnia
2690 2087 2770 2153 ab
2811 2141 2820 2149 .

181 2196 322 2281 ipso
378 2193 696 2280 pendere,
744 2203 812 2263 et
861 2202 1095 2264 cuncta
1144 2197 1234 2264 illi
1283 2197 1583 2283 subjecta
1648 2217 1797 2267 esse
1866 2197 2130 2280 dehere,
2191 2214 2341 2265 cum
2391 2192 2772 2264 reverentia.

182 2302 363 2372 Unde
391 2302 653 2387 Religio
704 2310 884 2372 recte
930 2303 1170 2372 dicitur
1195 2304 1400 2373 virtus
1443 2307 1747 2388 moralis;
1783 2307 1934 2394 quia
1970 2307 2034 2374 in
2062 2305 2178 2375 Dei
2215 2305 2397 2373 cultu
2433 2299 2775 2388 dirigendo

176 2428 252 2480 ac
284 2410 578 2480 fovendo
617 2419 753 2479 tota
782 2419 1173 2499 occupatur:
1204 2412 1378 2481 unde
1414 2421 1591 2498 patet
1625 2395 1771 2482 eam
1800 2415 2118 2500 perficere
2149 2431 2390 2481 mores.

362 2520 423 2586 3.
468 2518 572 2586 Ad
615 2518 1029 2587 exhibendum
1076 2521 1310 2587 cultum
1358 2525 1503 2603 Deo,
1556 2528 1628 2588 ut
1677 2522 2048 2590 innotescat
2086 2521 2493 2606 Religionem
2530 2517 2774 2587 versari

178 2624 356 2693 circa
407 2642 528 2693 eos
577 2635 787 2706 actuS,
836 2625 1080 2711 quibus
1143 2626 1261 2695 Dei
1325 2628 1542 2696 cultus
1607 2637 1973 2698 exercetur.
2036 2628 2292 2696 Dicitur
2345 2633 2564 2694 autem
2611 2626 2736 2694 Deo
2754 2649 2777 2702 ,-

177 2750 331 2799 nam
388 2751 513 2818 per
557 2732 966 2817 Religionem
1014 2732 1169 2801 licet
1217 2734 1415 2802 etiam
1449 2735 1673 2804 Sancti
1724 2736 2043 2818 colantur,
2095 2734 2307 2802 adhuc
2355 2735 2497 2818 ipse
2532 2731 2775 2800 colitur

176 2821 361 2889 Deus
414 2824 483 2889 in
534 2821 817 2904 SanctiS,
868 2821 1109 2906 quibus
1161 2824 1579 2891 sanctitatem
1630 2823 2160 2893 communicavit.
2196 2827 2337 2905 Quo
2372 2842 2573 2892 seusu
2607 2823 2766 2907 Apo·

172 2928 433 2995 stolus:
485 2927 608 2995 soii
650 2931 780 2995 Deo
826 2929 1023 2995 honor
1067 2940 1121 2994 et
1164 2929 1370 3015 ploria
1419 2928 1470 2998 ³.

359 3037 424 3100 4.
482 3035 769 3101 Debitum
812 3046 1113 3119 tanquam
1161 3038 1439 3103 omnium
1487 3040 1756 3105 creatori
1802 3050 1856 3105 et
1903 3040 2207 3106 Domino:
2241 3039 2306 3105 in
2342 3055 2474 3123 quo
2512 3034 2814 3120 quidem:

175 3139 501 3208 consistit
530 3139 697 3207 ratio
736 3140 931 3226 hujus
964 3143 1215 3223 cultus;
1266 3142 1426 3211 illud
1455 3144 1628 3212 enim
1657 3144 2013 3229 Religionis
2054 3152 2154 3212 est
2195 3144 2537 3230 proprium
2568 3144 2779 3209 Deum

174 3246 628 3332 contemplari
688 3247 784 3315 uti
836 3266 1057 3316 rerum
1091 3252 1387 3318 omnium
1435 3269 1509 3319 ac
1562 3251 1765 3319 totius
1815 3251 2184 3319 existentiae
2248 3257 2492 3320 nostrae
2541 3248 2778 3336 princi-

172 3353 370 3440 pium
422 3361 496 3422 et
547 3353 917 3436 dominum,
967 3355 1153 3441 cujus
1204 3364 1366 3424 nutu
1416 3357 1727 3442 regimur,
1778 3363 1841 3425 et
1890 3358 1954 3424 in
2009 3358 2197 3444 cujus
2246 3357 2494 3426 ditione
2543 3362 2775 3424 cuncta

172 3470 417 3531 nostra
470 3469 630 3529 sunt
679 3464 915 3548 posita.
2537 3475 2544 3485 '

245 3603 343 3664 4.
393 3602 467 3677 Q.
514 3603 572 3666 3.
619 3602 783 3678 Quid
823 3612 919 3667 est
963 3605 1298 3687 Religionis
1341 3609 1701 3684 objectum?

252 3682 332 3745 R.
398 3682 738 3761 ObJ‘ectum
786 3687 1113 3749 materiale
1156 3686 1511 3766 Religionis
1553 3696 1703 3751 sunt
1745 3696 1922 3750 actus
1965 3703 2185 3749 omues
2216 3689 2320 3765 qui
2349 3686 2566 3749 valent
2593 3687 2784 3764 signi-

170 3762 379 3828 ficare
425 3764 719 3827 divinam
766 3764 1215 3832 excellentiam
1259 3775 1670 3847 nostramque
1713 3761 2231 3848 submissionem:
2268 3782 2411 3828 nam
2455 3767 2776 3844 objectum

164 3845 529 3908 materiale
570 3845 849 3924 aliqu'us
892 3849 982 3909 rei
1037 3856 1135 3910 est
1180 3848 1338 3911 illud
1385 3865 1551 3910 circa
1597 3849 1762 3928 quod
1834 3850 1966 3927 ipsa
2033 3849 2400 3911 immediate
2451 3855 2783 3918 versatum

167 3928 363 4005 atqui
392 3925 656 4004 Religio
701 3936 992 3990 versatur
1036 3930 1202 3991 circa
1249 3938 1426 3991 actus
1469 3930 1700 4008 quibus
1741 3929 1996 3992 debitus
2040 3929 2167 3991 Deo
2215 3931 2419 3992 honor
2462 3937 2526 3989 et
2569 3925 2778 3989 cultus

168 4007 483 4069 exhiberi
532 4015 770 4086 potest:
815 4008 922 4087 qui
966 4025 1158 4088 porro
1203 4018 1380 4072 actus
1445 4010 1704 4088 plurimi
1750 4019 1920 4084 sunt,
1964 4025 2022 4072 v.
2066 4027 2124 4089 g.
2176 4011 2422 4083 oratic,
2465 4006 2778 4082 adoratio,

170 4097 425 4161 votum,
464 4087 953 4167 jurameutum,
996 4097 1114 4152 etc.
1160 4092 1301 4164 (nos
1345 4089 1423 4151 de
1469 4091 1809 4169 praecipuis
1878 4089 2184 4169 agemus).
2257 4087 2581 4166 objectum
2623 4104 2781 4149 vero

167 4166 451 4246 formale
494 4177 599 4230 est
639 4166 1007 4248 multiplex:
1052 4186 1200 4232 uam
1230 4186 1485 4249 possum
1530 4186 1762 4233 canere
1792 4169 2046 4234 divinas
2096 4169 2317 4232 laudes
2345 4167 2444 4230 vel
2478 4168 2622 4246 quia
2657 4169 2777 4231 hoc

168 4256 519 4328 acceptum
564 4259 664 4312 est
709 4248 863 4323 Deo,
912 4250 1008 4312 vel
1056 4259 1314 4329 propter
1356 4250 1495 4327 ejus
1542 4251 1863 4313 infinitam
1907 4255 2308 4313 sanctitatem
2358 4248 2459 4310 vel
2508 4248 2587 4310 ad
2632 4265 2777 4326 gra-

170 4331 293 4391 tia-s
345 4328 633 4410 agendas
679 4345 798 4409 pro
844 4329 1193 4406 beneficiis,
1237 4340 1354 4393 etc.
1399 4330 1565 4392 Sane
1623 4330 1776 4410 qnid
1821 4342 1918 4394 est
1980 4331 2298 4407 objectum
2345 4328 2613 4391 formale
2659 4329 2773 4393 ali·

169 4410 362 4488 cujus
407 4410 555 4474 rei?
595 4419 699 4474 est
741 4411 1025 4489 speciale
1069 4410 1227 4475 illud
1260 4413 1591 4487 motivum,
1626 4420 1885 4490 propter
1921 4412 2088 4490 quod
2119 4413 2260 4490 quis
2292 4410 2610 4489 objectum
2645 4424 2775 4470 ma·

174 4490 412 4555 teriale
453 4492 902 4571 prosequitur.

227 4655 249 4695 ¹
287 4656 367 4706 De
394 4667 517 4707 vera
546 4654 684 4716 Bel„
720 4663 773 4704 c.
805 4664 867 4703 v.

224 4718 251 4759 Ξ
285 4721 341 4784 2,
376 4721 424 4781 2,
462 4730 514 4783 q.
548 4720 635 4781 81,
676 4728 732 4769 a.
772 4717 826 4766 2.
1637 4714 1661 4753 ⁸
1695 4727 1729 4775 ι,
1766 4713 1901 4764 Tim.
1937 4726 1971 4764 ι.
