3292 5167
481 191 610 258 282
1184 211 1299 256 me.
1346 210 1411 256 11.
1459 211 1671 258 rimer.
1717 207 1797 256 vi.
1845 210 1993 274 mss.
2037 209 2119 254 iv.
2168 208 2299 255 031».
2346 207 2419 255 n.

479 313 672 383 Addit
717 313 855 380 lex:
910 310 1173 394 Quando
1213 332 1342 379 non
1376 313 1605 380 risalta
1650 332 1784 380 una
1826 312 2073 379 diversa
2117 312 2367 380 voloma
2411 311 2514 380 dei
2563 313 2925 396 commenti,
2973 313 3070 382 oid

479 421 585 487 che
626 422 683 487 si
726 419 809 486 da
852 419 1413 505 anticipatamente,
1460 411 1629 485 n‘ella
1674 418 2062 486 conclusione
2120 418 2217 484 del
2268 430 2592 502 contrario,
2641 421 2699 486 si
2744 419 3074 488 considera

476 548 642 594 come
686 546 817 593 una
859 528 1099 594 cautela
1126 545 1245 613 per
1290 527 1339 593 tt
1378 526 1810 594 risarcimento
1842 525 1939 592 dei
1969 524 2168 593 donni
2203 525 2270 593 in
2306 545 2448 593 caso
2467 526 3072 617 ‚d'inadempimento

477 635 637 701 della
679 633 1107 716 convenzt'one,
1155 654 1188 699 e
1232 634 1289 700 si
1333 633 1465 701 dice
1511 650 1800 718 caparra.
1848 635 1946 700 La
1984 644 2166 718 parte
2209 632 2316 699 che
2383 653 2510 701 non
2554 634 2587 700 ὲ
2634 636 2703 701 in
2762 636 2962 723 colpa,
3004 639 3090 703 se‘

479 759 603 807 non
639 740 977 827 preferisce
1022 740 1087 806 di
1131 751 1395 807 ottenere
1441 740 1933 827 t'adempimento
1981 739 2142 805 della
2190 741 2623 824 convenzione,
2662 739 2793 828 pud
2838 741 3074 810 tenet-si

476 849 537 914 la
583 866 857 935 caparra
922 847 1197 916 ricevata
1238 901 1255 931 ,
1305 867 1339 914 o
1395 848 1778 915 demandare
1843 848 1894 914 il
1957 845 2179 935 doppio
2246 846 2312 913 di
2366 847 2569 934 quella
2631 850 2740 916 che
2782 850 2867 917 ha
2912 849 3068 917 dota

476 954 624 1040 (art.
677 955 899 1039 1217).

650 1062 710 1128 7.
764 1059 1250 1127 conditionalis.-
1298 1058 1590 1128 conditio
1640 1066 1744 1127 est
1789 1059 2073 1125 accidens
2119 1058 2450 1144 quoddam,
2485 1059 2653 1144 quod
2681 1071 3070 1128 contractum

471 1168 806 1256 suspendit,
854 1168 950 1234 vel
993 1167 1243 1234 resolvit
1295 1166 1379 1233 ad
1422 1167 1729 1235 incertum
1794 1179 1904 1233 aut
1970 1168 2258 1252 futurum
2330 1177 2631 1235 eventum.
2703 1166 3069 1254 Suspendit

478 1281 916 1363 contractum,
962 1273 1175 1342 donec
1215 1279 1488 1341 eventus
1537 1272 1647 1341 1113
1695 1273 1951 1341 eveniat
1967 1300 1986 1354 3
2057 1280 2469 1341 contractum
2542 1292 2697 1342 vero
2772 1275 3068 1357 resolvit,

474 1401 630 1451 casu
681 1400 815 1469 quo
867 1380 1014 1449 talis
1063 1387 1335 1466 eventus
1384 1380 1723 1467 contingat
1769 1380 1870 1450 vel
1920 1397 2050 1447 non
2101 1380 2459 1465 contingat.
2511 1380 2819 1449 Conditio
2853 1381 3070 1450 semel

474 1487 798 1558 verificata
848 1506 1043 1556 suum
1092 1485 1346 1555 obtinet
1395 1487 1704 1554 effectum
1737 1504 1772 1553 a
1805 1485 1910 1556 die
1948 1485 2128 1554 initae
2165 1484 2590 1570 obligationis
2603 1513 2623 1568 3
2677 1487 2732 1555 si
2766 1494 2919 1556 ante
2954 1506 3069 1555 ve-

472 1595 904 1664 rificationem
935 1594 1226 1661 creditor
1253 1600 1557 1661 mortuus
1586 1599 1709 1675 est,
1747 1611 1827 1660 eo
1862 1592 1928 1660 in
1968 1610 2126 1661 casu
2149 1591 2328 1660 illius
2361 1591 2663 1663 haeredes
2692 1592 3066 1662 succedunt

475 1721 538 1769 10
576 1720 786 1789 ipsius
816 1718 985 1788 Jura.

551 1832 846 1895 Conditio
890 1834 1013 1894 alia
1057 1840 1155 1894 est
1195 1831 1515 1906 casualis,
1557 1846 1699 1908 quae
1744 1831 2005 1908 ponitur
2048 1846 2082 1893 a
2126 1831 2671 1894 contrahentibus
2698 1879 2714 1907 ,
2760 1835 2876 1895 sed
2919 1834 3066 1913 ejus

473 1923 743 1976 eventus
788 1928 915 1974 non
961 1912 1198 1991 pendet
1238 1929 1273 1974 a
1308 1909 1636 1975 voluntate
1681 1912 2202 1974 contrahentium
2228 1960 2246 1987 ‚
2294 1927 2440 1974 cum
2490 1921 2785 1991 respectu
2827 1929 3060 1977 eorum

471 1995 556 2055 sit
600 1994 923 2068 fortuituS‚
978 2010 1034 2054 v,
1077 2009 1158 2070 g.,
1198 1994 1250 2053 si
1297 1993 1570 2070 gratiam
1614 2007 1645 2053 a
1694 2007 1846 2069 rege
1887 1991 2271 2067 obtinuero,
2315 1991 2446 2054 tibo
2513 1991 2675 2055 dabo
2721 1993 2868 2057 10οτ
2919 1994 3062 2058 haec

471 2074 780 2148 conditio,
826 2073 947 2135 nisi
994 2080 1219 2151 agatur
1261 2071 1339 2133 de
1382 2078 1620 2134 eventu
1665 2071 2070 2151 impossibili,
2097 2071 2198 2133 vel
2237 2072 2423 2135 bonis
2459 2073 2749 2137 moribus
2783 2084 2895 2138 aut
2928 2072 3061 2154 legi

469 2157 811 2229 contraria,
853 2170 1038 2216 suum
1073 2162 1282 2233 potest
1309 2153 1605 2214 effectum
1635 2151 1891 2214 habere.
1920 2185 1999 2198 —
2032 2151 2171 2215 Alia
2208 2153 2612 2232 potestativa,
2639 2169 2783 2232 quae
2814 2154 3062 2235 pendet

469 2233 548 2295 ab
592 2242 866 2309 eventu,
954 2236 1015 2296 ui
1060 2241 1157 2296 est
1201 2239 1265 2295 in
1312 2239 1624 2313 potestate
1669 2233 2044 2295 alterutrius
2109 2233 2550 2296 contrahentis
2579 2281 2597 2309 ,
2642 2252 2697 2296 y.
2742 2250 2842 2314 g.,
2885 2234 3057 2298 (1300

473 2313 587 2376 tibi
635 2315 774 2388 100,
823 2315 875 2376 si
908 2252 1205 2377 t{auream
1248 2314 1682 2392 consequaris.
1726 2311 1789 2373 Si
1839 2313 1975 2404 haec
2018 2313 2305 2375 conditio
2350 2313 2628 2392 pendeat
2663 2330 2698 2377 a
2735 2314 2868 2377 sola
2915 2332 3054 2396 pro-

468 2395 782 2457 mittentis
825 2393 1172 2469 voluntate,
1201 2402 1274 2456 ut
1316 2393 1369 2455 si
1415 2393 1586 2455 dicat
1626 2389 1786 2456 dabo
1829 2391 1947 2455 tibi
1987 2393 2122 2470 100,
2150 2393 2505 2472 sicomoro,
2541 2392 2719 2456 nulla
2756 2403 2877 2472 est,
2909 2412 3058 2460 cum

470 2490 574 2536 res
618 2475 945 2553 negatoria
989 2476 1091 2537 sit.
1144 2473 1345 2536 Aliter
1388 2472 1732 2536 dicendum
1775 2473 1829 2535 si
1866 2473 2143 2552 pendeat
2185 2474 2264 2536 ab
2301 2475 2519 2553 aliquo
2555 2473 2724 2537 iacto
2753 2474 2926 2553 quod
2957 2487 3060 2541 est

468 2555 536 2615 10
578 2556 777 2633 ipsius
809 2564 1138 2634 potestate,
1181 2564 1251 2617 ut
1294 2557 1346 2615 si
1383 2553 1553 2620 dicat
1585 2552 1746 2616 dabo
1778 2551 1899 2616 tibi
1932 2561 2198 2629 centum,
2229 2555 2285 2616 si
2323 2554 2500 2617 intra
2529 2571 2769 2618 annum
2795 2556 3062 2620 Romm

467 2634 617 2712 iero,
658 2636 837 2699 adest
879 2636 1049 2698 enim
1100 2644 1250 2698 tunc
1292 2632 1638 2712 obligatio,
1684 2649 1912 2713 nempe
1941 2634 2040 2697 vel
2092 2650 2217 2695 non
2262 2634 2458 2697 eundi
2491 2634 2592 2698 vel
2623 2634 2943 2700 solvendi.
2974 2671 3059 2704 ,-

466 2714 603 2779 Alia
649 2717 875 2791 mixta,
916 2731 1058 2795 quae
1088 2714 1323 2794 pendet
1359 2724 1491 2777 tum
1528 2730 1559 2776 a
1597 2714 1808 2790 tertio,
1838 2722 1972 2777 tum
2007 2713 2087 2777 ab
2117 2731 2242 2777 003
2274 2717 2794 2779 contrahentium
2845 2725 3062 2796 parte.

469 2812 524 2857 y.
565 2814 647 2876 g.,
686 2796 849 2857 (1300
896 2797 1008 2860 tibi
1056 2796 1191 2868 100,
1222 2799 1273 2857 si
1300 2793 1503 2857 Titius
1532 2795 1689 2857 mihi
1719 2794 2087 2858 vendiderit
2123 2793 2380 2857 domum
2415 2812 2611 2858 suam.
2638 2830 2715 2841 —
2747 2796 2883 2860 Alia
2915 2815 3058 2860 sus-

353 2891 356 2894 ’
462 2878 737 2968 ρρηείυα,
781 2892 922 2955 quae
967 2876 1203 2955 pendet
1243 2875 1322 2937 ab
1367 2874 1578 2954 aliquo
1625 2874 1840 2937 futuro
1884 2874 1983 2936 vel
2031 2878 2270 2952 ignoto,
2303 2891 2362 2936 v,
2419 2893 2498 2955 g.,
2528 2876 2693 2940 dabo
2743 2877 2858 2939 tibi
2903 2877 3055 2954 100,

466 2975 518 3017 si
566 2957 710 3020 talis
753 2972 942 3035 opera
999 2971 1185 3020 suum
1250 2954 1549 3018 habuerit
1611 2955 2170 3034 complementum.
2215 2954 2283 3016 Si
2334 2966 2483 3017 ante
2540 2956 3058 3024 verificationem

466 3054 658 3129 opera
707 3038 973 3115 perierit
1014 3038 1252 3115 absque
1295 3034 1477 3114 culpa
1523 3035 1872 3110 (130110τί3,
1915 3033 2224 3115 obligatio
2269 3037 2552 3099 extincta
2598 3046 2738 3111 est3
2791 3040 2846 3101 si
2904 3054 3055 3101 cum

454 3133 605 3197 ejus
647 3118 850 3196 culpa,
890 3117 1099 3180 adhuc
1127 3116 1418 3179 subsistit
1446 3113 1779 3193 obligatio:
1832 3130 1976 3178 nam
2027 3132 2137 3179 sua
2170 3115 2344 3179 fraus
2377 3118 2624 3180 nemini
2657 3121 3055 3196 patrocinari

473 3197 685 3259 debet.
723 3233 800 3243 —
825 3197 962 3260 Alia
1000 3198 1366 3273 resolution,
1411 3212 1552 3276 quae
1597 3195 1708 3258 ubi
1749 3211 1877 3258 non
1904 3194 2263 3274 impleatur,
2291 3205 2687 3260 contractum
2723 3200 2831 3277 qui
2877 3198 3055 3261 illico

456 3278 759 3342 effectum
803 3294 985 3340 suum
1032 3277 1441 3358 produxerat,
1473 3277 1697 3339 solvit:
1730 3293 1783 3342 V.
1818 3292 1898 3354 g.,
1929 3275 2043 3338 tibi
2085 3275 2293 3338 vendo
2333 3275 2593 3340 domum
2631 3294 3058 3354 meam3ven·

462 3356 625 3418 ditio
670 3356 841 3420 nulla
886 3358 1030 3432 erit,
1073 3359 1123 3419 si
1172 3374 1299 3419 nou
1346 3365 1611 3436 potuero
1657 3372 1875 3418 emere
1918 3356 2178 3420 domum
2221 3356 2401 3430 Titii,
2436 3357 2516 3420 de
2547 3374 2667 3438 qua
2704 3368 3054 3422 tractatum

465 3436 688 3501 habeo.
734 3437 880 3499 Haec
923 3436 1206 3499 conditio
1251 3453 1501 3515 semper
1547 3437 1937 3515 intelligitur
1973 3436 2198 3499 adesse
2231 3439 2300 3498 in
2333 3446 2669 3502 contractu
2698 3438 3048 3516 bilaterali‚

467 3528 534 3581 ut
576 3518 746 3581 inter
785 3516 1189 3579 venditorem
1231 3527 1297 3580 et
1338 3527 1731 3595 emptorem3
1768 3523 1833 3580 et
1874 3532 2020 3597 pars
2065 3533 2205 3597 quae
2237 3533 2416 3579 suam
2461 3535 2590 3581 non
2624 3519 2849 3598 implet
2882 3519 3048 3583 ohli-

463 3600 785 3676 gationem
829 3596 1125 3675 compelli
1174 3606 1381 3675 potest
1423 3597 1523 3659 vel
1568 3597 1648 3658 ad
1694 3613 1833 3659 eam
1878 3597 2341 3676 exequendam,
2387 3598 2489 3660 vel
2535 3598 2615 3661 ad
2661 3599 3055 3664 solvendum

463 3681 669 3757 ipsum
712 3686 1129 3752 contractum,
1172 3686 1406 3756 praeter
1449 3676 1865 3755 damna-quat
1903 3679 2217 3740 resarcire
2262 3687 2520 3742 tenetur
2562 3681 2860 3743 Attamen
2946 3698 3050 3745 so·

468 3759 631 3823 tutio
680 3759 746 3822 in
784 3757 1030 3837 jndicio
1078 3756 1350 3836 petenda
1393 3768 1523 3830 est;
1569 3766 1633 3823 et
1671 3757 1873 3837 Judex
1917 3767 2125 3837 potest
2166 3773 2410 3821 moram
2473 3760 2836 3824 concedere
2909 3778 3051 3839 reo,

456 3840 637 3919 Juxta
683 3838 1194 3916 circumstantias
1236 3837 1396 3918 (art.
1437 3836 1589 3900 1157
1614 3846 1676 3900 et
1695 3854 1855 3918 seqq.
1857 3838 1912 3917 ).
1949 3871 2020 3884 —
2051 3837 2187 3901 Alia
2220 3845 2317 3903 est
2345 3855 2644 3919 expressa
2672 3840 2774 3904 vel
2805 3842 3012 3906 tacita
3024 3863 3055 3915 ;

461 3935 760 4000 expressa
802 3934 944 3997 quae
989 3918 1223 3980 dicitur
1259 3919 1454 3980 etiam
1509 3918 1783 3980 conditio
1824 3918 2008 3998 facti,
2067 3934 2141 3982 ea
2209 3927 2308 3981 est
2370 3935 2514 4011 quae
2583 3921 2650 3983 10
2706 3929 3054 3988 contractu

459 4000 676 4063 verbis
710 4002 1102 4063 enuntiatur.
1134 3998 1373 4074 Tacita,
1404 4013 1546 4078 quat
1580 3998 1817 4061 dicitur
1846 3997 2043 4062 etiam
2071 3998 2345 4062 conditio
2364 4001 2568 4078 juris,
2595 4008 2694 4065 est
2729 4017 2876 4081 quae
2917 4018 3054 4066 non

460 4085 840 4144 enunciatur
884 4080 1180 4157 quidem,
1225 4078 1336 4142 sed
1379 4079 1603 4143 adesse
1647 4080 2059 4158 praesumitur
2103 4077 2204 4141 vel
2249 4096 2329 4141 ex
2375 4080 2798 4159 dispositione
2856 4081 3047 4163 legis,

460 4159 559 4223 vel
606 4177 685 4222 ex
729 4168 954 4223 natura
1001 4165 1393 4234 contractus,
1440 4158 1541 4224 vel
1578 4175 1660 4220 31(
1696 4168 2080 4239 praesumpta
2117 4161 2646 4232 contrahentium
2677 4162 3044 4228 voluntate.

538 4239 820 4303 Tandem
851 4240 1134 4305 conditio
1178 4239 1302 4303 alia
1346 4246 1444 4303 est
1480 4237 1837 4319 possibilis,
1878 4240 2003 4302 alia
2035 4240 2120 4302 im
2162 4238 2438 4305 ossibilis
2472 4243 2738 4323 physice
2773 4242 3057 4306 velmo-

461 4317 704 4384 raliter.
748 4319 1076 4385 Possibitt's
1117 4336 1261 4401 quae
1305 4319 1514 4383 locum
1558 4320 1795 4383 habere
1825 4328 2070 4399 potest;
2158 4336 2193 4382 e
2257 4323 2374 4385 hac
2438 4321 2615 4385 nulla
2675 4321 3049 4403 difficultas,

460 4408 670 4481 potest
709 4401 885 4462 enim
925 4400 1196 4481 quilibet
1237 4416 1307 4462 se
1349 4398 1637 4480 obligare
1680 4399 1869 4466 modo
1912 4417 2037 4482 quo
2101 4400 2259 4465 vult.
2301 4399 2737 4482 Impossibilis,
2781 4412 2848 4467 et
2891 4406 3050 4485 qui-

460 4480 607 4545 dem
653 4481 910 4560 physice
951 4482 1005 4542 si
1041 4478 1330 4544 absolute
1372 4481 1752 4562 contingere
1799 4490 2101 4562 nequeat3
2162 4482 2533 4559 moraliter,
2573 4485 2629 4546 si
2673 4485 2759 4546 sit
2801 4493 3034 4548 contra

460 4560 664 4623 bonos
704 4575 938 4633 mores,
979 4561 1080 4622 vel
1125 4570 1348 4623 contra
1394 4560 1618 4638 legem.
1664 4561 1862 4625 Porro
1907 4561 2266 4642 generatim
2313 4571 2680 4630 contractus
2722 4563 2875 4630 initi
2918 4566 3042 4636 sub

452 4641 833 4705 conditione
877 4640 1135 4720 physice
1177 4637 1554 4719 impossibili
1579 4687 1598 4718 ,
1638 4656 1698 4734 y.
1743 4658 1824 4721 g.,
1866 4641 1919 4703 si
1983 4639 2216 4706 coelum
2257 4656 2454 4708 manu
2497 4647 2814 4725 tetigero,
2868 4645 3046 4711 nulli
