3292 5167
1051 261 1130 308 nr.
1175 257 1532 307 vlnTuTans
1578 256 2012 309 exsoluamus
2688 242 2818 311 553

218 363 307 426 sti
331 380 352 439 3
392 362 461 448 3)
502 360 805 438 audacia,
835 376 962 424 seu
1005 360 1478 425 inconsiderata
1526 360 1959 440 periculorum
2006 363 2344 443 susceptio.
2387 362 2607 439 Quoad
2685 365 2817 445 pri-

216 457 390 506 mam
439 451 657 524 peccat
701 441 810 522 qui
854 458 964 504 eos
1009 443 1197 506 unice
1242 442 1426 504 timet
1466 443 1572 520 qui
1621 440 1927 503 occidunt
1968 457 2200 521 corpus
2224 462 2247 520 3
2315 444 2520 526 quoad
2594 460 2817 508 secun·

219 523 372 586 dam
419 525 525 603 qui
570 538 717 585 eum
763 535 890 584 non
937 522 1141 597 timet,
1182 523 1290 601 qui
1336 522 1614 584 animam
1673 523 1932 584 mittere
1997 530 2208 600 potest
2272 526 2340 587 iu
2403 526 2811 604 gebennam:

222 603 437 683 quoad
485 605 739 666 tertiam
786 611 1004 681 peccat
1045 603 1152 682 qui
1198 613 1442 664 temere
1487 601 1846 680 periculum
1889 603 2160 680 quaerit„

302 682 511 745 τοῦ.
554 683 621 757 Q.
662 682 721 745 6.
775 680 936 756 Quid
976 690 1071 745 est
1111 683 1547 762 temperantia,
1587 688 1652 743 et
1690 698 1824 762 quw
1864 683 2002 762 ejus
2043 685 2319 761 partes?

304 762 377 826 R.
423 763 511 824 Ad
562 764 636 826 t:
679 762 1126 842 Temperantia
1173 763 1404 826 scricte
1449 770 1696 841 sumpta
1741 761 2084 825 definitur:
2128 762 2336 825 virtus
2366 763 2651 842 moralis,
2681 781 2818 845 quae

222 844 564 907 secundum
604 850 843 907 rectam
885 843 1193 905 rationem
1234 851 1295 905 et
1336 843 1524 923 leqem
1565 842 1845 905 divinam
1888 843 2249 905 moderatur
2286 845 2644 921 ‚appetitum
2668 890 2686 918 ,
2755 853 2821 907 et

218 942 410 988 usum
451 940 671 987 earum
711 941 943 1000 rerum,
985 940 1118 1003 quoe
1146 940 1440 987 sensuum
1474 923 1912 985 delectationes
1941 923 2230 1002 pariunt,
2265 924 2367 985 uti
2391 931 2641 1003 pastus,
2675 925 2814 987 odo-

221 1014 409 1069 ratus
454 1010 516 1067 et
559 1010 790 1068 tactus.
837 1003 965 1066 Hoc
1008 1019 1200 1066 sensu
1243 1011 1341 1066 est
1383 1002 1678 1082 specialis
1722 1010 1946 1079 virtus,
2004 1005 2150 1084 quia
2210 1003 2404 1066 habet
2471 1003 2818 1083 specialem

221 1085 585 1163 materiam,
629 1100 859 1163 nempe
904 1092 1219 1164 quatenus
1263 1082 1569 1145 reiraenat
1612 1085 1965 1162 appetitum
2012 1083 2214 1146 ab-iis
2241 1131 2257 1157 ,
2326 1098 2469 1165 quae
2538 1085 2817 1148 maxime

223 1164 543 1229 alliciunt.
587 1164 650 1228 Si
718 1172 931 1228 autem
998 1164 1417 1243 temperantia
1483 1170 1773 1226 sumatur
1840 1181 1953 1243 pro
2016 1179 2396 1242 quacunque
2463 1167 2823 1243 temperie,

225 1254 382 1312 tunc
425 1250 562 1324 ipsa
603 1247 729 1308 erit
774 1247 980 1309 virtus
1024 1244 1365 1323 generalis.
1410 1242 1618 1317 Dives,
1663 1245 1771 1324 qui
1819 1247 1887 1307 iu
1933 1244 2135 1305 bonos
2193 1243 2376 1309 ducit
2439 1244 2578 1306 dies
2642 1259 2817 1321 suos,

223 1324 514 1407 quotidie
577 1324 915 1404 splendide
980 1324 1342 1404 epulando,
1409 1324 1622 1386 mollia
1693 1324 2060 1400 induendo,
2108 1323 2363 1387 deliciis
2409 1323 2707 1388 omnibus
2750 1342 2820 1389 se

222 1405 603 1480 recreand0,
655 1414 871 1485 peccat
914 1413 1132 1467 contra
1183 1405 1694 1483 temperantiam,
1744 1413 1810 1467 et
1853 1422 1920 1467 se
1965 1405 2233 1483 exponit
2281 1403 2466 1467 malis
2511 1407 2809 1485 concupi·

222 1488 494 1550 scentiis
536 1495 601 1547 et
644 1486 1159 1564 intemperantiae
1204 1486 1275 1547 flt
1317 1501 1485 1559 reus,
1529 1501 1671 1564 quae
1715 1494 1813 1547 est
1855 1483 2306 1564 exprobrabile
2350 1486 2599 1560 vitium,
2674 1500 2818 1549 cum

221 1568 507 1629 maxime
551 1577 871 1646 repugnet
914 1566 1196 1628 hominis
1238 1564 1642 1628 excellentiae
1688 1564 1869 1628 illum
1929 1565 2356 1642 comparando
2409 1565 2720 1643 J‘umentis
2767 1565 2820 1608 ¹·

312 1646 380 1708 R.
426 1646 518 1708 Ad
561 1646 600 1708 2
636 1665 652 1707 ε
697 1646 920 1710 Partes
965 1644 1312 1725 integrales
1359 1646 1803 1724 temperantiae
1848 1655 1998 1708 sunt
2041 1643 2105 1705 ²:
2151 1646 2215 1724 l)
2270 1646 2649 1709 verecundia
2706 1663 2823 1711 seu

223 1726 422 1791 timor
454 1726 907 1869 (turpitudinis,
974 1727 1080 1806 qui
1126 1725 1385 1807 quidem
1438 1735 1650 1789 custos
1695 1734 1790 1789 est
1832 1725 2199 1800 modestiae3
2239 1725 2307 1806 2)
2352 1724 2663 1800 honestas,
2708 1743 2822 1791 seu

223 1822 409 1871 amor
499 1823 726 1870 ecoris.

317 1886 537 1950 Partes
580 1887 952 1966 subiectivae
995 1894 1182 1949 sunt:
1229 1886 1292 1966 1)
1336 1883 1730 1950 abstinentia
1772 1901 1913 1965 quae
1958 1885 2253 1947 consistit
2297 1885 2361 1946 in
2409 1886 2549 1947 cibo
2595 1888 2810 1950 mode·

233 1967 484 2042 raudo;
544 1968 626 2047 2)
688 1964 996 2031 sobrietas
1063 1969 1184 2029 sita
1250 1966 1315 2027 in
1377 1965 1773 2029 moderando
1835 1973 1985 2045 potu
2052 1964 2125 2042 ³3
2182 1964 2248 2043 3)
2309 1969 2616 2043 castitas,
2679 1983 2821 2046 quae

240 2050 444 2130 ipsam
491 2047 982 2110 delectationem
1028 2061 1370 2109 veneream
1411 2054 1763 2126 temperat3
1805 2047 1842 2109 4
1909 2045 2243 2126 pudicitia,
2300 2062 2440 2126 qnae
2505 2045 2584 2110 ab
2645 2049 2823 2112 omni

238 2137 502 2208 aspectu
547 2137 612 2190 et
656 2135 828 2190 tactu
876 2128 1222 2190 inhonesto
1267 2126 1617 2189 abhorrere
1663 2143 1778 2189 nos
1868 2135 2054 2189 ocet:
2103 2129 2237 2188 sive
2284 2128 2494 2205 potius
2522 2135 2820 2191 versatur

231 2211 407 2272 circa
462 2209 785 2271 exteriora
848 2209 1031 2288 signa
1078 2207 1157 2270 ad
1201 2222 1504 2269 venerem
1554 2210 1913 2282 incitantia,
1957 2222 2101 2287 quae
2143 2207 2421 2269 cohibet.

308 2288 534 2356 Partes
574 2289 959 2368 potentiales
1001 2298 1192 2351 sunt:
1240 2289 1302 2369 l)
1356 2288 1707 2363 clementia,
1754 2291 1981 2364 virtus,
2022 2302 2165 2368 quae
2201 2302 2283 2349 ex
2311 2287 2513 2349 animi
2554 2286 2819 2350 lenitate

230 2384 458 2450 poenas
500 2368 892 2443 moderatur,
935 2377 1125 2449 prout
1175 2367 1426 2446 justitia
1491 2369 1775 2449 patitur3
1830 2367 1897 2448 2)
1959 2366 2391 2442 mansuetudo,
2450 2382 2592 2446 quse
2653 2367 2822 2431 iram

226 2458 544 2529 temperat
584 2448 935 2513 secundum
983 2458 1223 2511 rectam
1269 2449 1621 2523 rationem;
1652 2449 1719 2529 3)
1755 2448 2170 2523 continentia,
2214 2452 2421 2510 virtus
2466 2446 2578 2510 illa
2625 2463 2822 2526 gene·

227 2530 406 2608 ralis,
442 2546 563 2610 qua
615 2532 977 2592 resistimus
1038 2529 1527 2609 quibuscunque
1580 2532 1795 2609 pravis
1845 2528 2123 2592 motibus
2161 2529 2226 2590 in
2279 2542 2683 2607 quacumque
2722 2530 2817 2589 vi·

229 2611 392 2674 tiosa
435 2611 724 2673 materia.
749 2609 910 2673 Item
952 2610 1269 2684 modestia,
1297 2609 1646 2687 humilitas,
1688 2609 2085 2684 studiositas,
2120 2609 2514 2688 eutrapelia‚
2557 2616 2826 2672 ornatus

228 2697 295 2754 et
334 2690 767 2770 simplicitas.-
810 2706 951 2770 quae
986 2692 1262 2752 virtutes
1308 2689 1476 2752 haud
1523 2697 1674 2753 sunt
1717 2687 2233 2764 contemnendas,
2278 2687 2430 2751 licet
2474 2705 2686 2769 parvae
2731 2692 2824 2751 vi·

228 2770 542 2846 deantur;
589 2771 743 2850 ipsoe
786 2773 960 2834 enim
1010 2787 1126 2833 nos
1170 2772 1559 2833 comitantur
1622 2771 1901 2850 ubique,
1945 2785 2017 2832 ac
2082 2785 2197 2850 per
2260 2785 2368 2831 eas
2435 2768 2512 2831 ad
2580 2769 2825 2847 majora

228 2850 633 2928 devenimus,
677 2867 827 2914 nam
871 2853 941 2913 in
987 2851 1160 2913 omni
1208 2867 1278 2912 re
1322 2868 1356 2913 a
1401 2852 1673 2913 minimo
1716 2850 2161 2931 incipiendum
2205 2859 2305 2912 est
2347 2848 2396 2911 ⁴.

636 3059 672 3142 ἓ
720 3079 934 3126 unicos
978 3092 1070 3105 —-
1111 3061 1204 3125 De
1246 3056 1564 3139 modestia,
1612 3058 1978 3137 humilitate,
2025 3025 2428 3136 studiositate‚

505 3164 851 3251 eutrapelia
875 3217 892 3247 ,
962 3176 1214 3247 ornatu,
1276 3164 1674 3251 simplicitate
1697 3218 1715 3248 ,
1762 3176 1819 3230 et
1887 3164 2168 3230 castitate
2212 3163 2531 3249 conjuqali
2556 3215 2572 3243 ‚

1167 3271 1412 3339 viduali
1458 3285 1512 3337 et
1557 3272 1882 3357 virqinali.

309 3467 538 3529 801).
582 3465 649 3541 Q.
695 3469 750 3531 1.
796 3466 959 3542 Quid
999 3473 1094 3531 est
1132 3467 1434 3530 modestia
1475 3473 1536 3528 et
1581 3464 1844 3531 ubinam
1884 3465 2296 3529 collocanda?

309 3548 386 3620 R.
421 3547 528 3624 Ad,
562 3549 629 3611 l:
672 3547 976 3611 Modestia
1015 3555 1125 3611 est·
1146 3547 1374 3623 virtus,
1419 3564 1554 3628 quai
1588 3549 1932 3610 exteriores
1976 3546 2244 3610 bominis
2274 3545 2553 3608 actiones
2599 3549 2661 3605 et
2702 3559 2832 3605 cor·

223 3630 404 3711 poris
446 3635 743 3692 ornatum
784 3628 879 3690 ita
920 3628 1303 3703 moderatur,
1345 3635 1420 3691 ut
1459 3628 1705 3691 nullius
1733 3627 2011 3709 offendat
2049 3632 2390 3706 aspectum.
2422 3625 2661 3687 Verum
2694 3638 2827 3684 mo·

290 3841 318 3882 ²
349 3841 534 3891 Partes
565 3850 630 3891 cu
656 3789 1411 3891 usli⁸l3et'cardqnalis’virtutis
1442 3842 1570 3890 sunt
1601 3839 1823 3903 triplicis
1911 3839 2103 3892 eueris.
2149 3838 2276 3890 Aliae
2327 3838 2607 3900 inteprales
2627 3850 2651 3895 ;
2708 3834 2834 3887 sunt

307 3903 478 3955 aedam
512 3914 615 3955 con
654 3904 846 3954 itiones
879 3901 1152 3965 requisitae
1185 3900 1252 3952 ad
1286 3902 1467 3953 actum
1500 3904 1678 3965 ipsum
1711 3904 1855 3956 virtu
1899 3914 1926 3953 s
1959 3902 2093 3956 bene
2125 3902 2179 3952 et
2206 3901 2411 3963 integre
2461 3895 2834 3951 exercendum.

298 3968 361 4017 iae
390 3965 712 4028 suffetium,-
743 3966 871 4016 suut
902 3963 1107 4027 species
1139 3963 1364 4014 diversas
1397 3962 1628 4024 virtutis,
1663 3976 1783 4028 qun
1816 3964 1979 4015 variae
2006 3963 2134 4015 sunt
2169 3972 2264 4025 pro
2315 3961 2572 4014 varietate
2622 3958 2691 4009 ob
2713 3957 2834 4017 ectl,

227 4027 377 4092 quod
411 4027 626 4090 respicit
657 4026 830 4078 virtus
864 4026 971 4078 illa.
1008 4027 1139 4078 Aliae
1167 4027 1518 4087 potentialem
1552 4031 1680 4077 sunt
1729 4027 1952 4078 virtutes
2003 4024 2357 4085 secundariae,
2412 4033 2532 4088 quae
2591 4033 2680 4071 mo
2722 4031 2832 4079 um,

228 4081 2688 4214 widi&‘5333slfffflzssli‘isslihsffl‘ffnbittit&wltqssffiusmffislfiffisseffl⁰⁰m
2743 4080 2833 4132 ‘’¹'‘

299 4213 323 4253 ⁸
365 4214 420 4263 V.
456 4163 690 4274 Lessffus,
725 4214 796 4263 De
826 4213 1118 4265 valetudine
1150 4215 1234 4263 tue
1347 4248 1359 4261 .
1392 4235 1457 4247 —
1490 4186 1857 4272 Castelv’etere,
1896 4211 2206 4270 Direttorio,
2242 4221 2290 4273 p.
2342 4210 2417 4270 ν,
2468 4220 2515 4258 c.
2571 4217 2723 4257 xxm.
2773 4229 2838 4278 ,—

229 4274 529 4339 Debreyne,
564 4275 715 4326 Essai
744 4287 839 4326 sur
871 4275 926 4326 la
964 4273 1145 4326 Theolo
1181 4274 1226 4324 ie
1257 4273 1457 4324 Morale
1489 4275 1779 4325 considet-ee
1802 4274 1938 4324 dans
1969 4283 2047 4323 ses
2074 4274 2320 4335 rapport:
2365 4282 2485 4323 avec
2535 4270 2591 4321 la
2635 4267 2835 4332 physio·

232 4339 365 4403 loaie
399 4342 450 4390 et
483 4338 537 4387 la
567 4337 830 4389 medicine.
863 4362 927 4374 —
961 4336 1148 4390 martin
1176 4372 1189 4395 ‚
1224 4336 1490 4387 Elementa
1520 4336 1790 4387 medicinoe
1818 4335 2055 4399 forensis.
2798 4391 2810 4403 ·

358 4399 454 4450 Hic
486 4399 760 4451 innuenda
790 4399 1011 4451 celebris
1043 4398 1264 4450 Societas
1297 4399 1647 4460 temperantia·
1680 4409 1798 4462 quse
1834 4398 1957 4450 1838
1990 4405 2153 4459 opera
2201 4392 2366 4457 patris
2414 4393 2641 4447 Mathew
2688 4391 2836 4443 iusti·

237 4461 359 4515 tuta
390 4463 474 4514 est
503 4461 561 4512 in
597 4461 863 4512 Hibernia.
900 4463 1011 4513 Miri
1042 4462 1169 4512 sunt
1201 4460 1343 4511 illius
1375 4459 1595 4511 effectus
1623 4459 1690 4511 ad
1727 4460 1972 4511 nomines
2004 4454 2375 4509 continendos.
2414 4483 2479 4494 —
2520 4457 2574 4507 V.
2609 4455 2836 4517 Bergier,

229 4524 562 4583 Dizionario,·
594 4523 653 4574 V.
689 4525 1071 4588 Temperanza;
1103 4548 1167 4560 —
1199 4523 1436 4574 L’Amico
1470 4521 1739 4585 Gattolieo,
1765 4522 1995 4586 passlm3
2030 4518 2257 4581 Milan03
2290 4544 2354 4556 —
2385 4517 2644 4584 Margum,
2677 4518 2839 4567 Roma
2912 4543 2926 4556 -

229 4596 263 4638 θ
295 4586 867 4709 for'ftrffi’nffionffixj‘ll
900 4649 1155 4699 Direttore
1186 4658 1292 4699 ecc.
1323 4672 1387 4684 —
1419 4645 1676 4703 Tassoui,
1706 4647 1782 4697 La
1815 4645 2072 4708 Relipione
2101 4643 2433 4706 dimostrata,
2463 4643 2503 4696 t.
2534 4656 2613 4696 m.
2645 4667 2710 4681 -
2742 4639 2847 4694 Ro*

229 4710 391 4773 herti,
430 4709 737 4762 Traltalello
764 4711 897 4763 salle
927 4709 1067 4763 virtu
1090 4710 1284 4773 piccole
1296 4722 1326 4770 ,·
1355 4734 1422 4747 —
1452 4709 1737 4773 Pertusatl,
1773 4709 1911 4761 Sulle
1936 4708 2133 4771 piccole
2160 4706 2449 4771 differenze.
