3292 5167
1252 278 1705 327 annorntomns
2645 266 2772 332 129

241 391 326 456 qna
357 375 638 453 afficitur,
699 377 1118 443 voluntatem.
1163 380 1387 444 Utrum
1451 392 1664 445 autem
1710 385 1842 445 haec
1885 384 2093 446 oratio
2137 391 2203 447 et
2264 385 2395 463 ipsa
2443 396 2771 464 peccatum

247 459 315 519 sit
345 456 589 532 affirma,
641 459 696 520 si
744 475 872 521 non
918 469 1057 523 oret
1100 477 1288 540 quem
1321 462 1511 524 debet
1554 479 1764 535 orare,
1814 462 1912 526 vel
1960 480 2087 525 non
2133 472 2273 527 oret
2305 464 2521 528 debito
2554 469 2773 544 mod03

243 552 329 616 quo
360 551 539 600 sensu
584 539 902 619 accipitur
947 549 1077 604 tum
1125 542 1282 604 illud
1330 541 1563 605 Psalmi
1605 559 1791 605 cviii:
1838 552 1901 605 et
1940 545 2145 606 oratio
2187 548 2326 623 ejas
2366 545 2486 624 fiat
2526 549 2593 608 in
2635 563 2769 626 pec·

238 624 411 691 catam,
451 631 521 682 ut
565 619 849 697 explicat
906 621 1370 697 Bellarminus;
1416 633 1550 687 tum
1596 622 1753 685 illud
1803 621 1983 686 Prov.
2030 640 2280 687 xxviii:
2343 625 2453 705 qni
2498 627 2776 691 declinat

233 713 371 759 mes
408 714 581 774 snas,
623 716 703 763 ne
746 701 971 764 audiat
1013 702 1219 781 leqem,
1262 703 1467 766 oratio
1508 704 1647 780 ejns
1689 704 1814 765 erit
1853 704 2251 768 eaeecrabilis.
2296 705 2615 783 Ceterum,
2683 710 2773 771 ait

233 794 265 838 s
297 777 640 856 Alphonsus
681 779 891 859 (Opas
937 782 1110 856 Mor„
1157 783 1195 843 l.
1235 800 1317 857 w,
1362 801 1423 845 n.
1471 785 1632 857 ¹78),
1697 800 1822 844 non
1863 785 2165 847 auderem
2212 785 2291 847 de
2337 797 2593 865 peccato
2643 789 2772 851 ullo

234 856 488 921 damnare
535 877 618 922 ex
663 861 1005 924 devotione
1048 872 1361 939 orantem,
1411 866 1515 942 qui
1583 864 1901 926 actualem
1959 864 2352 928 voluntatem
2400 870 2637 944 peccati
2672 871 2772 931 ha-

232 938 398 1012 heret;
437 939 603 1003 alias
652 951 1019 1005 teneremur
1066 945 1176 1005 hos
1222 946 1488 1019 hortari,
1532 953 1603 1007 ut
1645 945 1724 1006 ab
1768 947 1943 1006 omni
2000 949 2292 1008 oratione
2351 948 2766 1011 abstinerent.

227 1018 309 1079 llic
345 1030 635 1085 notamus
677 1024 845 1102 quod
891 1039 927 1086 a
989 1022 1314 1087 Clemente
1375 1024 1458 1087 XI
1523 1034 1743 1087 contra
1811 1024 2227 1097 Quesnellum
2293 1025 2768 1091 Constitutione

228 1096 556 1179 Uniqenitus
602 1103 765 1164 diris
810 1103 1054 1165 devotae
1098 1103 1362 1167 fuerunt
1418 1105 1782 1184 perfidiosae
1828 1107 1969 1167 istae
2034 1107 2268 1168 theses.
2333 1105 2461 1169 Sub
2530 1124 2588 1168 n.
2652 1110 2770 1172 50:

220 1178 431 1255 frustra
473 1183 825 1245 clamamus
868 1184 1203 1260 adDenm,
1248 1185 1432 1248 Pater
1473 1186 1585 1253 mi.
1638 1187 1696 1246 si
1757 1186 2024 1273 spiritns
2087 1185 2427 1249 charitatis
2491 1204 2613 1251 non
2676 1197 2774 1251 est

221 1258 318 1331 ille,
347 1263 447 1338 qui
495 1264 755 1326 clamat.
800 1264 930 1326 Sub
976 1281 1035 1327 n.
1080 1267 1149 1327 1:
1214 1266 1363 1345 qaid
1404 1266 1582 1327 aliud
1623 1274 1904 1328 remanet
1932 1268 2156 1329 animoe
2187 1284 2323 1346 quae
2354 1267 2557 1353 Deum‘
2581 1276 2773 1348 atque

218 1340 380 1417 ipsias
417 1345 706 1422 qratiam
743 1345 983 1420 amisit,
1026 1345 1156 1407 nisi
1194 1354 1517 1425 peccatum
1557 1354 1620 1408 et
1675 1348 1917 1425 peccati
1975 1349 2434 1411 consecutiones
2500 1348 2770 1427 superba

214 1432 521 1499 paupertas
551 1432 617 1486 et
636 1427 846 1504 scynis
890 1426 1286 1506 indigentia,-
1311 1427 1423 1487 ltoc
1446 1433 1544 1487 est
1580 1428 1898 1506 qeneralis
1943 1427 2308 1507 impotentia
2347 1429 2430 1489 ad
2465 1426 2759 1506 laborem,

215 1501 279 1561 ad
313 1506 650 1566 orationem
691 1512 754 1567 et
793 1506 874 1569 ad
916 1522 1087 1568 omne
1128 1523 1279 1585 opas
1325 1505 1599 1570 bonnm?
1663 1505 1793 1569 Sub
1840 1524 1899 1569 n.
1942 1509 2014 1571 2:
2057 1508 2207 1570 Jesn
2252 1507 2494 1570 Christi
2554 1512 2770 1588 qratia

214 1582 391 1658 princi
435 1585 567 1646 ium
610 1586 829 1663 efficaae
874 1584 1016 1650 boni
1055 1588 1502 1664 cujuscumque
1556 1589 1803 1667 qeneris
1873 1590 2230 1651 necessaria
2298 1596 2394 1651 est
2457 1589 2538 1649 ad
2599 1607 2771 1653 omne

216 1677 336 1740 opus
415 1682 645 1727 onum:
689 1664 924 1745 absque
966 1667 1084 1730 illa
1126 1684 1250 1729 non
1291 1668 1493 1729 solum
1535 1666 1699 1729 nihil
1737 1666 1829 1747 fit,
1872 1670 1977 1730 sed
2019 1684 2128 1730 nec
2167 1669 2310 1748 fieri
2346 1676 2610 1749 potest...

279 1741 445 1806 ns.
489 1745 566 1819 Q.
611 1747 668 1809 8.
715 1745 864 1820 Quis
904 1748 1051 1810 ordo
1092 1749 1437 1811 servandas
1478 1754 1577 1809 est
1613 1749 1684 1809 in
1724 1750 2055 1812 oratione?

277 1822 335 1884 R.
381 1825 445 1885 1:
494 1826 661 1889 Ordo
737 1829 898 1889 aoad
941 1826 1099 1891 bona
1145 1829 1250 1890 hic
1293 1838 1410 1903 est,
1453 1838 1523 1891 ut
1586 1831 1762 1906 prius
1828 1828 1991 1891 bona
2060 1830 2294 1891 animae
2356 1828 2773 1907 postulemus,

218 1914 400 1980 postea
445 1916 660 1969 cetera
749 1923 891 1969 ona.
947 1932 968 1963 ι
1000 1908 1305 1971 Nonnulli
1350 1909 1466 1985 (ait
1507 1906 1711 1989 Stapt,
1752 1909 1784 1989 g
1829 1909 1975 1988 206)
2004 1911 2171 1988 piam
2200 1908 2488 1971 fidelium
2521 1910 2773 1988 plebem

219 1986 532 2060 peracerbe
576 1997 870 2065 carpunt,
913 1996 1130 2067 utpote
1173 2005 1335 2068 quae,
1382 1997 1450 2051 ut
1493 1990 1814 2067 inquiunt,
1860 2006 2109 2068 semper
2182 1991 2441 2051 nonnisi
2514 1999 2772 2054 terrena

223 2067 372 2140 petit,
412 2077 605 2146 atque
653 2069 829 2130 hisce
874 2068 1169 2147 precibus
1211 2071 1448 2132 omissa
1488 2071 1659 2149 justa
1707 2071 2145 2147 resignatione
2210 2071 2629 2149 pertinaciter
2672 2073 2766 2132 in·

227 2144 381 2207 sistit
422 2148 501 2209 Et
544 2164 704 2211 sane
749 2148 854 2227 ubi
906 2149 1028 2211 tale
1070 2148 1226 2229 quid
1270 2150 1611 2229 contingit,
1664 2149 1930 2228 populus
1975 2149 2055 2212 de
2099 2166 2291 2212 sensu
2333 2166 2446 2212 suo
2484 2152 2773 2214 terrestri

232 2224 488 2306 redargui
532 2238 857 2303 meretur3
900 2238 965 2293 at
1007 2234 1114 2308 qui
1161 2230 1463 2310 populum
1499 2229 2201 2305 ‚christianum,saltem
2248 2231 2488 2292 nostris
2533 2233 2597 2292 in
2630 2247 2772 2311 par·

231 2303 367 2368 tibus
409 2312 694 2385 penitius
739 2311 918 2372 novit
961 2309 1150 2373 facile
1193 2310 1523 2384 concedet,
1559 2312 1917 2388 generatim
1966 2326 2185 2374 verum
2232 2327 2358 2372 non
2404 2327 2543 2373 esse
2581 2312 2777 2374 bomi-

227 2399 319 2446 nes
359 2388 641 2468 plebeios
687 2390 943 2452 nonnisi
989 2388 1152 2453 bona
1203 2390 1575 2469 temporalia
1641 2406 1675 2453 a
1742 2390 1870 2452 Deo
1933 2399 2168 2469 petere.
2234 2389 2597 2453 Praesertim
2664 2392 2772 2454 ubi

225 2461 446 2531 terrens
488 2475 851 2532 animarum
898 2470 1116 2533 Pastor
1161 2471 1568 2549 frequentem
1603 2486 1788 2533 usum
1845 2469 2406 2534 Sacramentorum
2452 2480 2516 2533 et
2557 2474 2771 2534 vivum

223 2542 546 2625 Religionis
588 2566 846 2613 sensum
893 2551 1112 2615 fovere
1157 2551 1392 2627 studet,
1436 2552 1819 2613 charismata
1866 2551 2131 2614 meliora
2165 2551 2533 2615 nullatenus
2567 2552 2770 2630 negli-

221 2636 446 2702 guntur.
492 2629 1266 2710 Deinde-perseverantia
1313 2648 1434 2709 qua
1480 2630 1644 2693 bona
1694 2632 1884 2709 hujus
1948 2635 2252 2710 temporis
2316 2630 2771 2709 efflagitantur,

220 2720 329 2767 non
370 2726 616 2788 semper
663 2711 983 2774 deiectum
1025 2719 1215 2790 Justae
1273 2712 1729 2790 resignationis
1795 2713 2184 2788 manifestat,
2246 2710 2357 2773 sed
2423 2714 2774 2790 saepissime

221 2799 339 2848 cum
381 2793 534 2853 mira
582 2793 786 2853 animi
831 2792 1258 2855 submissione
1301 2797 1535 2871 conjnn
1588 2794 1736 2854 itur.
1802 2792 1879 2854 Et
1942 2794 2085 2872 quis
2150 2792 2311 2855 adeo
2382 2792 2773 2856 inhumanus

219 2868 343 2942 erit,
382 2879 446 2932 ut
489 2870 678 2933 bonis
723 2872 1028 2936 ruriculis
1072 2872 1354 2935 studium
1400 2875 1524 2935 istu
1578 2920 1594 2946 ,
1641 2888 1767 2951 quo
1812 2874 1982 2934 arvis
2025 2881 2090 2934 et
2134 2871 2471 2951 pecoribus
2508 2875 2640 2934 suis
2678 2873 2772 2934 di-

220 2945 408 3011 vinam
450 2950 973 3015 benedictionem
1019 2952 1387 3031 implorant,
1456 2954 1613 3015 vitio
1662 2953 1913 3015 vertat?
1979 2952 2241 3015 Scilicet
2305 2952 2599 3014 homiues
2664 2969 2772 3032 qui

222 3038 397 3091 sertas
433 3048 579 3094 suas
623 3041 690 3095 et
732 3048 979 3096 annuas
1023 3034 1364 3112 pensiones
1409 3033 1668 3107 babent,
1714 3034 1933 3112 utique
1978 3035 2147 3094 aeris
2195 3033 2645 3110 intemperiem
2679 3042 2776 3095 sat

222 3110 405 3184 quiete
444 3120 734 3190 spectare
775 3123 1079 3192 possunt3
1123 3113 1273 3192 quid
1321 3128 1474 3175 vero
1540 3112 1829 3177 misellus
1897 3113 2355 3189 paterfamilias
2384 3160 2400 3186 ,
2470 3115 2575 3190 qui
2641 3128 2771 3175 non

223 3195 435 3253 tantum
477 3193 598 3255 sibi
646 3194 907 3272 suisque
951 3196 1383 3256 necessarium
1429 3194 1666 3256 victum
1714 3209 1960 3271 parare,
2008 3193 2122 3256 sed
2169 3193 2433 3270 insuper
2466 3194 2771 3271 importu-

222 3272 305 3331 nis
343 3272 763 3336 creditoribus
809 3275 1177 3336 satisfacere
1217 3283 1284 3336 et
1329 3274 1565 3335 tributa
1615 3273 1894 3351 pendere
1941 3275 2214 3352 cogitur,
2271 3273 2446 3352 quid,
2490 3274 2772 3352 inquam,

223 3350 342 3412 talis
378 3354 609 3415 sentiet
654 3354 763 3416 ubi
809 3352 909 3417 vel
953 3353 1090 3417 lues
1133 3352 1343 3433 aliqua
1391 3352 1492 3415 v'el
1536 3369 1705 3415 saeva
1752 3361 2095 3434 tempestas
2142 3369 2397 3415 omnem
2441 3355 2580 3431 ejus
2625 3354 2769 3417 sub-

221 3432 485 3495 stantiam
531 3434 912 3497 subvertere
955 3450 1084 3497 uno
1127 3443 1363 3514 puncto
1407 3433 1790 3496 minitatur?
1832 3457 1855 3487 ι

279 3511 478 3592 Neque
526 3514 671 3576 ideo
715 3521 866 3577 sunt
907 3516 1213 3593 carpendi
1261 3514 1582 3589 ruricolae,
1625 3516 1771 3592 quia
1820 3513 1929 3577 illa
1972 3513 2140 3575 bona
2178 3528 2305 3575 non
2352 3522 2578 3591 petunt
2621 3530 2768 3576 con·

219 3588 534 3668 ditionate3
576 3595 865 3656 conditio
908 3597 1080 3657 enim
1127 3595 1235 3657 illa
1281 3598 1348 3658 in
1391 3604 1699 3674 quantum
1748 3594 1895 3657 talia
1942 3593 2105 3657 bona
2151 3593 2375 3673 gloriae
2419 3594 2530 3656 Dei
2566 3604 2632 3656 et
2660 3611 2770 3655 no·

218 3678 344 3733 strae
383 3675 612 3737 animae
655 3674 845 3737 saluti
889 3676 1261 3754 expediunt,
1304 3674 1846 3754 subintelligitur:
1874 3678 1960 3737 ita
1992 3676 2184 3737 etiam
2229 3674 2511 3737 Ecclesia
2567 3676 2634 3737 in
2670 3673 2768 3736 Li-

221 3754 398 3815 taniis‘
423 3756 586 3833 petit
628 3756 774 3817 sine
814 3756 1183 3835 conditione
1228 3755 1626 3836 temporalia,
1673 3766 1740 3817 ut
1783 3755 2030 3818 tructus
2063 3764 2274 3830 terrae,
2312 3764 2432 3817 etc.
2468 3753 2769 3817 Ceterum

220 3841 515 3897 nonrecte
538 3837 683 3914 quis
708 3851 741 3897 a
760 3835 889 3898 Deo
914 3837 1075 3915 petit
1096 3835 1337 3916 aliquid
1366 3835 1482 3899 sub
1501 3838 1619 3898 hac
1644 3836 2036 3911 conditione,
2059 3844 2133 3898 ut
2155 3838 2206 3898 si
2233 3834 2393 3897 illud
2419 3836 2583 3926 quod
2614 3836 2775 3925 petit

219 3924 325 3974 non
365 3913 477 3977 sibi
523 3915 807 3978 salutare
845 3916 1007 3980 Deu‘s
1052 3917 1336 3980 salutare
1367 3915 1586 3991 faciat3
1620 3917 1768 3994 quia
1811 3918 2124 3996 pervertit
2146 3915 2440 3978 ordinem
2481 3921 2774 3990 virtutis3

219 3990 332 4054 vult
368 3996 533 4057 enim
578 3994 967 4059 voluntatem
1018 3996 1125 4059 Dei
1174 3996 1562 4058 conformari
1607 3996 1926 4059 voluntati
1976 3996 2308 4069 hominis3
2356 4009 2496 4056 cum
2543 4002 2768 4058 contra

221 4070 478 4137 voluntas
521 4075 805 4138 hominis
847 4076 1075 4139 debeat
1118 4075 1503 4139 conformari
1553 4076 1814 4139 divinae.
1878 4078 1958 4139 At
2027 4076 2311 4139 advertit
2375 4073 2435 4134 d.
2500 4073 2775 4139 Thomas

220 4149 298 4227 (in
335 4155 386 4229 lt,
425 4155 482 4216 d.
529 4157 623 4231 15,
667 4173 721 4217 a.
768 4158 824 4230 l,
866 4174 922 4235 q.
967 4156 1033 4235 3)
1081 4156 1238 4218 Dens
1281 4159 1625 4219 orationem
1668 4163 1962 4236 acceptat
2006 4156 2330 4219 interdum
2392 4155 2464 4217 de
2506 4171 2572 4216 eo
2615 4158 2776 4236 qaod

223 4230 346 4293 dore
382 4252 500 4298 non
539 4236 727 4308 vnlt;
808 4238 916 4299 aia
957 4237 1086 4317 ipse
1126 4237 1266 4300 vult
1305 4255 1416 4301 nos
1502 4239 1557 4299 ie
1598 4237 1773 4312 velle,
1817 4237 1979 4316 qnod
2027 4237 2157 4316 ipse
2212 4236 2392 4312 juste
2435 4234 2589 4297 dare
2651 4255 2775 4303 non

223 4312 454 4453 nagalta
484 4315 737 4457 utli'litor
815 4317 996 4381 aulus
1027 4317 1371 4397 postulavit
1397 4318 1440 4380 li
1491 4320 1659 4381 erari
1688 4333 1720 4379 a
1757 4318 2131 4394 tentatione,
2161 4317 2312 4379 licet
2341 4314 2503 4378 Deus
2535 4318 2596 4380 id
2633 4334 2779 4391 conf

227 4404 282 4453 ce
323 4411 419 4458 ere
459 4413 541 4458 no
597 4404 683 4460 et.
888 4422 896 4429 ·

289 4472 348 4534 R.
384 4476 447 4538 2:
494 4475 659 4540 Ordo
704 4478 904 4557 quoad
940 4494 1240 4557 personas
1287 4477 1398 4540 ille
1437 4479 1500 4538 in
1549 4478 1845 4539 oratione
1916 4487 2131 4538 nostra
2197 4475 2436 4537 servari
2504 4485 2774 4557 oportet,

224 4555 313 4629 qui
355 4557 411 4617 in
453 4558 770 4620 charitate
816 4558 1290 4636 praescribitur;
1336 4559 1423 4620 ita
1471 4565 1540 4619 ut
1588 4558 1828 4618 nostris
1893 4557 1957 4619 in
2025 4554 2323 4636 precibus
2386 4558 2774 4635 peculiarem

225 4627 400 4697 locum
440 4637 561 4700 sibi
608 4638 889 4700 babeant
929 4641 1035 4717 qui
1086 4639 1270 4701 nobis
1316 4638 1901 4717 consanguinitate,
1946 4639 2247 4712 amicitia,
2293 4636 2645 4712 beneficiiS,
2676 4655 2773 4701 re·-

228 4707 450 4794 ligione,
492 4719 558 4780 in
604 4720 913 4782 societate
956 4720 1159 4798 magis
1204 4719 1532 4798 conjuncti
1575 4726 1760 4793 sunt3
1807 4719 1912 4782 ubi
1958 4721 2130 4782 enim
2179 4718 2408 4780 fortius
2474 4726 2574 4778 est
2638 4720 2772 4780 vin-
