3292 5167
442 176 569 242 324
1105 197 1221 243 un.
1268 193 1335 240 ιι.
1385 195 1596 242 τιιΑοτ.
1644 191 1731 242 vr.
1781 189 1931 243 mss,
1978 195 2058 242 ιν.
2108 195 2240 243 car.
2289 191 2383 241 ιιι.

449 300 594 368 sine
641 297 1002 367 violatione
1043 299 1215 386 J’nris
1263 299 1545 366 aliorum
1598 303 1665 381 ¹3
1715 298 1785 385 2)
1835 299 2118 373 societas
2169 297 2559 368 universalis
2613 297 2865 386 absque
2909 297 3052 366 ulla

447 408 577 474 alia
628 406 1075 475 declaratione
1126 405 1284 474 inita
1335 425 1465 475 non
1518 407 1790 491 inducit,
1826 408 1952 477 nisi
1987 407 2375 477 societatem
2407 406 2845 477 universalem
2883 424 3051 493 que-

443 518 696 595 stuum3
741 515 811 601 3)
863 514 1143 599 quilibet
1196 515 1558 596 sociorum,
1608 516 1862 602 absque
1909 516 2195 584 aliorum
2243 533 2596 597 consensu,
2646 521 2868 600 potest
2915 513 3051 584 sibi

442 620 802 706 adjungere
850 622 1053 688 alium
1103 620 1324 706 quoad
1369 612 1557 689 suam
1606 623 2010 709 portionem,
2062 641 2196 690 non
2244 630 2463 689 tamen
2531 622 2597 689 in
2641 620 3052 690 ‘societatem

441 728 820 796 admittere:
879 728 1031 796 hinc
1080 727 1241 795 illud
1288 731 1491 821 socius
1538 729 1661 796 mei
1726 728 1881 797 socii
1939 750 2114 796 meus
2160 729 2364 797 socius
2408 749 2536 796 non
2581 741 2715 808 esu
2757 729 2825 815 4)
2876 725 3048 797 socii

444 854 573 902 non
613 843 925 904 tenentur
950 837 1013 903 in
1043 835 1329 903 solidum
1361 837 1444 905 ob
1482 836 1703 904 debita
1731 837 2070 905 societatis
2101 855 2231 905 non
2270 836 2785 905 commercialis:
2822 853 3047 922 neque

443 960 616 1011 unus
668 941 874 1011 alium
923 950 1142 1029 potest
1193 942 1487 1027 obligare
1522 943 1666 1013 sine
1700 943 2008 1013 facultate
2042 962 2355 1030 expressa
2390 947 2541 1027 (art.
2581 945 2773 1025 1703,
2814 945 3045 1028 1725).

531 1052 737 1151 ‘¹2¹²'
786 1053 885 1117 An
928 1062 1282 1117 contractus
1327 1052 1635 1118 societatis
1690 1053 1766 1119 sit
1815 1052 2067 1118 licitus?

534 1160 609 1225 R.
663 1159 1056 1226 Contractus
1106 1158 1443 1227 societatis
1495 1166 1596 1226 est
1645 1160 1877 1244 utique
1926 1159 2145 1228 licitus
2196 1158 2458 1246 quando
2510 1157 2851 1244 requisitis
2884 1175 3050 1226 con-

447 1258 808 1332 ditionibus
858 1262 1200 1346 fulciatur3
1258 1266 1406 1350 quia
1460 1264 1623 1333 nihil
1677 1275 1830 1335 tunc
1880 1264 2094 1335 eidem
2128 1266 2424 1335 ‘deesset
2473 1284 2551 1334 ex
2602 1265 2702 1343 iis,
2752 1282 2902 1351 quae
2974 1265 3048 1331 in

442 1372 589 1457 jure
641 1371 1162 1456 praecipiuntur3
1212 1372 1389 1439 illam
1439 1372 1612 1458 apud
1665 1390 1896 1443 omnes
1947 1381 2175 1459 gentes
2225 1391 2372 1441 esse
2421 1372 2485 1439 in
2537 1391 2684 1453 usu,
2733 1390 2807 1440 ac
2855 1369 3050 1438 valde

448 1478 528 1546 ad
577 1480 1048 1548 commercium
1098 1481 1421 1563 conferre,
1475 1488 1709 1549 notum
1758 1489 1880 1550 est.
1929 1484 2137 1550 Porro
2186 1479 2479 1550 conditio
2536 1480 2870 1566 praecipua
2919 1487 3049 1560 est,

448 1596 520 1653 ut
571 1591 852 1656 societas
900 1585 1011 1654 fiat
1058 1586 1123 1655 in
1177 1589 1998 1679 negotiationehonesta3
2051 1606 2200 1656 nam
2232 1589 2593 1656 delictorum
2626 1587 2829 1675 turpis
2859 1599 3052 1672 atque

444 1692 610 1779 foeda
655 1696 1006 1760 communio
1054 1705 1139 1761 est
1192 1698 1241 1763 ².

479 1870 489 1880 ‚
534 1802 738 1868 443.
788 1803 884 1868 Ex
932 1801 1076 1887 lege
1124 1811 1343 1870 autem
1415 1803 1613 1884 civili,
1665 1803 1807 1889 ipsa
1879 1802 2137 1871 ratione
2207 1802 2517 1885 dictante,
2568 1803 2710 1870 baec
2758 1801 3052 1869 maxime

447 1916 603 1974 sunt
652 1906 1061 1977 observanda
1113 1910 1176 1975 in
1230 1910 1355 1977 hoc
1403 1917 1796 1979 contractu:
2223 1910 2232 1921 ’

640 2018 693 2078 1.
747 2013 984 2081 Socius
1035 2017 1145 2098 qui
1182 2024 1284 2083 est
1324 2017 1388 2082 in
1426 2033 1608 2082 mora
1648 2015 1726 2082 ad
1764 2014 2287 2084 conservandum
2324 2014 2506 2101 quod
2537 2012 2858 2099 promisit,
2891 2011 3049 2099 ipso

444 2116 593 2203 jure
641 2127 905 2188 tenetur
953 2121 1033 2188 ad
1084 2138 1317 2188 usuras
1368 2121 1715 2190 solvendas
1766 2122 1988 2208 (vulgo
2037 2122 2373 2205 interesse),
2427 2129 2627 2206 atque
2675 2119 2755 2187 ad
2804 2120 3050 2188 damna

451 2226 959 2312 compensanda.
1011 2230 1077 2295 Si
1128 2248 1301 2297 unus
1352 2230 1692 2296 sociorum
1741 2230 2024 2315 accipiat
2072 2246 2106 2295 a
2154 2246 2278 2296 suo
2323 2228 2699 2314 particulari
2738 2227 3048 2296 debitore

448 2332 587 2420 (qui
641 2334 836 2402 etiam
887 2334 1149 2405 debitor
1197 2338 1282 2403 sit
1332 2355 1482 2421 erga
1534 2337 1952 2422 societatem)
2001 2336 2185 2423 quod
2232 2336 2357 2422 ipsi
2411 2336 2711 2419 debetur,
2773 2344 3050 2403 tenetur

444 2442 791 2526 imputare,
841 2444 1062 2535 habita
1111 2444 1489 2512 debitorum
1539 2445 1992 2531 proportione,
2047 2450 2304 2530 partem
2352 2443 2591 2513 solutae
2630 2442 2926 2529 pecuniae
2969 2444 3044 2513 in

444 2547 782 2617 societatis
832 2548 1120 2619 savorem
1173 2556 1219 2618 δ.
1268 2553 1434 2618 Item
1483 2551 1536 2619 si
1590 2551 1825 2637 recipit
1874 2558 2085 2619 totam
2150 2568 2336 2619 suam
2393 2552 2771 2637 porti-onem
2806 2550 3046 2620 crediti

446 2655 709 2723 socialis
759 2676 793 2723 a
843 2656 1144 2725 debitore
1195 2659 1304 2742 qui
1358 2665 1586 2742 postea
1638 2658 1911 2742 incapax
1960 2657 2191 2727 evadat
2260 2657 2478 2742 quoad
2555 2658 2724 2725 alios
2795 2657 3046 2749 socios,

446 2763 667 2847 portio
719 2764 825 2830 illa
877 2763 1424 2851 conferendaest
1471 2768 1536 2831 in
1588 2767 1909 2832 societate
1954 2767 2008 2832 ⁴.

630 2875 691 2939 2.
743 2872 807 2939 Si
859 2888 965 2940 res
1016 2890 1165 2967 quae
1215 2878 1316 2939 est
1365 2872 1744 2959 subjectum
1793 2872 2155 2955 societatiS,
2214 2890 2337 2940 usu
2388 2872 2891 2953 consummitur,
2940 2871 3050 2940 vel

445 2979 772 3049 servando
813 2980 1055 3047 servari
1107 2998 1237 3046 uon
1290 2986 1532 3065 potest,
1575 2981 1672 3047 vel
1723 2978 2118 3048 decernatur
2165 2979 2546 3061 vendenda,
2599 2980 2698 3048 vel
2740 2979 2826 3047 sit
2866 2978 3053 3046 aesti·

444 3096 637 3169 mata,
697 3086 751 3154 si
802 3103 958 3154 casu
1011 3086 1200 3171 perit,
1257 3087 1426 3171 perit
1473 3087 1597 3170 ipsi
1647 3086 1986 3171 societati;
2036 3086 2206 3171 perit
2254 3093 2477 3155 autem
2523 3085 2792 3155 domino
2829 3086 2884 3177 si
2931 3102 3088 3167 ree,

434 3196 680 3280 ,collata
729 3201 902 3263 certa
952 3213 1026 3262 ac
1075 3194 1511 3261 determinata
1561 3195 1667 3277 sit,
1710 3212 1860 3280 quae
1899 3212 2028 3262 non
2065 3196 2552 3264 consummitur
2588 3213 2735 3263 usu.
2772 3194 2939 3261 Hinc
2972 3195 3044 3261 in

444 3320 593 3369 vera
640 3286 968 3371 sententia
1017 3301 1201 3369 finita
1251 3300 1590 3383 societate,
1644 3302 1829 3388 prius
1879 3301 2212 3370 reddenda
2263 3309 2364 3370 est
2415 3321 2562 3370 sors
2610 3300 2880 3370 domino
2921 3319 3048 3386 pe-

444 3408 656 3477 cuniae
708 3415 771 3476 et
820 3414 1051 3493 postea
1101 3407 1377 3491 lucrum,
1428 3408 1485 3475 si
1537 3406 1718 3493 quod
1765 3417 2084 3491 remanet,
2126 3408 2301 3476 inter
2332 3408 2554 3477 socios
2595 3406 3048 3476 dividendum.

443 3520 523 3585 Et
576 3516 701 3585 hoc
749 3516 1049 3584 firmatur
1097 3533 1130 3582 a
1182 3517 1368 3584 Sixto
1420 3517 1472 3586 V
1519 3517 1707 3584 Bulla
1755 3506 2180 3584 Detestabilis.-
2230 3526 2435 3602 quare
2481 3516 2537 3584 si
2589 3515 2737 3601 quis
2785 3514 2867 3581 ad
2915 3532 3041 3582 ne-

501 3769 524 3811 1
563 3791 587 3812 ι
660 3770 738 3820 osi
767 3771 849 3820 tra
881 3768 1045 3833 padre
1077 3781 1106 3821 e
1137 3781 1211 3820 un
1246 3768 1388 3832 figllo
1422 3781 1531 3820 non
1566 3770 1819 3834 potrebbe
1854 3783 1982 3821 aver
2011 3771 2170 3836 luogo
2209 3771 2310 3823 tale
2345 3771 2564 3833 societa,
2597 3770 2788 3835 perche
2832 3769 2868 3820 il
2900 3767 3051 3833 flgllo

441 3833 493 3884 di
526 3832 631 3907 lam
657 3833 759 3894 glla
793 3843 901 3882 non
936 3832 1044 3895 puo
1077 3833 1486 3905 avvantaggiare
1521 3843 1551 3882 a
1588 3834 1911 3913 pregiudtzlo
1946 3833 2030 3907 dei
2062 3834 2179 3885 suoi
2215 3833 2423 3885 fratelli.
2461 3854 2478 3886 .-

500 3895 525 4000 ἓ
559 3896 1003 4019 Pati-etate?-
1035 3895 1920 4009 ‘123'3053'1505‘3'13diffodiat&
1954 3896 2683 4018 ktffsltfliiil‘3-t21000,¹·e¹lt
2705 3897 3052 4017 &effingi

440 4022 470 4072 e
502 4032 630 4084 pure
667 4022 720 4069 in
754 4020 952 4071 credito
984 4031 1140 4071 verso
1174 4020 1328 4071 Carlo
1362 4020 1413 4069 di
1449 4019 1542 4070 llre
1574 4021 1722 4077 2,000
1753 4032 1846 4083 per
1879 4031 1951 4070 un
1974 4020 2138 4071 affare
2162 4032 2263 4072 suo
2290 4022 2535 4084 speciale.
2571 4022 2676 4071 Ora
2707 4019 2868 4070 carlo
2907 4019 3050 4082 pago

438 4095 470 4133 a
505 4084 649 4144 Luigi
685 4081 781 4133 lire
816 4083 961 4142 1,500
996 4082 1047 4132 iu
1083 4084 1307 4133 acconto
1341 4081 1421 4132 del
1457 4093 1558 4131 suo
1592 4081 1800 4141 debito;
1848 4083 1990 4143 Luigl
2027 4081 2192 4134 dovra
2214 4094 2427 4145 passure
2463 4085 2557 4133 lire
2584 4085 2684 4134 900
2716 4082 2821 4131 alla
2845 4080 3054 4132 sociem

435 4162 465 4197 e
498 4158 605 4197 non
641 4145 795 4206 petra
828 4146 1052 4196 ritenere
1107 4145 1204 4194 che
1258 4144 1354 4194 lire
1405 4142 1501 4194 000
1554 4145 1607 4194 in
1661 4147 1879 4195 aeconio
1912 4143 1994 4194 del
2027 4157 2128 4197 suo
2161 4144 2362 4196 credito
2399 4145 2732 4208 particolare,
2770 4142 3049 4194 ancorche

436 4209 575 4257 colla
606 4206 858 4269 quitanza
896 4217 1081 4258 avesse
1114 4204 1243 4257 latta
1292 4205 1909 4267 1'5ntera,imputazione
1944 4207 1991 4256 al
2039 4219 2140 4257 suo
2174 4207 2375 4259 credito
2413 4207 2752 4267 particulare.
2787 4206 2885 4256 Per
2916 4215 3054 4255 con·

438 4269 601 4320 trario
633 4279 690 4318 se
725 4272 793 4319 lia
832 4268 1128 4319 dichiaralo
1164 4268 1301 4318 nella
1335 4269 1587 4331 quitanza
1618 4269 1715 4319 che
1748 4269 2146 4332 l’imputazione
2173 4270 2201 4319 e
2227 4269 2355 4319 latta
2385 4269 2733 4320 interamente
2765 4269 2814 4318 al
2838 4267 3049 4318 credito

436 4332 572 4383 della
601 4330 813 4381 societa.
847 4332 1035 4394 questa
1066 4330 1455 4379 dictitat-azioni}
1492 4332 1559 4380 ba
1594 4331 1627 4381 il
1663 4343 1761 4381 suo
1798 4332 1952 4393 pleno
1985 4330 2157 4381 effetto
2194 4333 2307 4387 (art
2363 4332 2523 4388 1712).
2566 4350 2584 4372 ι

501 4394 523 4433 ⁴
564 4414 580 4434 «
622 4396 722 4443 l’er
752 4396 1005 4455 esempio:
1044 4393 1192 4441 Tizio
1241 4392 1373 4445 deve
1427 4392 1493 4441 ad
1530 4404 1638 4444 una
1673 4394 1868 4443 sociata
1903 4395 2180 4455 composta
2231 4392 2284 4443 di
2320 4396 2397 4444 tre
2442 4403 2665 4456 persone
2710 4394 2806 4444 lire
2845 4394 3052 4449 l2‚000.

435 4456 603 4513 Lutati,
640 4465 748 4506 uno
781 4454 862 4504 dei
896 4454 1028 4513 soci,
1064 4456 1108 4504 sl
1163 4455 1213 4504 la
1258 4464 1451 4516 pagare
1485 4455 1535 4503 la
1569 4466 1669 4505 sua
1692 4457 1856 4517 quota
1888 4454 1939 4504 di
1976 4456 2068 4505 lire
2101 4455 2265 4515 4‚000,
2299 4454 2360 4505 ed
2397 4455 2507 4506 indi
2545 4456 2692 4505 Tizio
2724 4454 2942 4505 diventa
2969 4457 3052 4505 in-

434 4517 696 4577 solvibile,
726 4528 820 4574 per
853 4517 935 4588 cul
972 4516 1119 4567 nulla
1188 4528 1385 4566 ossono
1414 4518 1727 4578 conseguire
1759 4518 1825 4578 gli
1861 4516 1976 4566 altri
2012 4515 2115 4568 due
2171 4516 2300 4567 soci.
2341 4516 2486 4580 Luigi
2537 4521 2589 4567 in
2625 4518 2692 4568 tal
2742 4528 2867 4566 caso
2912 4516 3060 4567 deve

433 4594 654 4634 versare
687 4578 794 4628 alla
825 4579 1023 4628 secreta
1067 4578 1115 4627 le
1153 4530 1252 4630 Yire
1295 4579 1460 4639 4,ooo,
1498 4581 1847 4643 quantunque
1881 4577 2039 4629 abbia
2081 4578 2350 4630 rilasciata
2401 4580 2451 4629 la
2493 4582 2742 4643 quitanza
2792 4590 2824 4628 a,
2856 4579 3064 4647 sconti)=

435 4646 578 4704 della
613 4654 712 4692 sua
750 4640 1000 4702 porzlone
1034 4642 1158 4701 (art.
1201 4640 1362 4693 1713).
1401 4660 1418 4684 ι
2213 4666 2241 4675 --
