3292 5167
1332 212 1410 258 na
1458 208 1596 259 rins
2612 188 2617 193 ’
2639 192 2767 257 629

182 310 345 373 rium
392 310 799 375 collationem
845 313 911 373 in
977 327 1334 390 commune,
1395 314 1498 376 vel
1563 315 1819 394 signum
1864 322 1976 376 aut
2038 322 2342 377 tesseram
2387 313 2766 389 militarem,

180 407 299 471 qua
346 392 765 455 veri·milites
828 392 906 454 ab
948 392 1094 455 aliis
1156 407 1602 459 secernuntur.
1666 392 1849 473 Apud
1907 395 2301 458 christianos¹
2344 396 2461 456 boc
2529 410 2768 457 nomen

180 472 453 534 sumitur
497 488 609 552 pro
675 472 895 552 regula
963 473 1133 551 fidei,
1197 476 1330 538 sive
1398 492 1510 554 pro
1575 473 1750 539 brevi
1790 474 2172 553 confessione
2212 475 2358 555 fidei
2413 474 2762 550 catholica,

171 553 518 632 praecipuos
562 552 754 631 liujus
796 554 1099 616 articulos
1142 556 1507 618 continenti.
1552 555 1683 618 Hoc
1742 553 2075 625 inductum
2120 565 2247 618 est:
2296 557 2353 629 1)
2401 566 2469 619 ut
2514 555 2762 618 unifor-

178 632 300 694 mis
343 634 579 712 ubique
621 636 704 695 sit
767 633 1052 696 fidelium
1118 635 1464 709 institutio;
1510 636 1577 715 2)
1625 646 1693 697 ut
1736 633 1989 697 facilius
2049 640 2376 699 memorias
2436 652 2763 699 commen·

178 712 447 787 dentur;
488 714 556 793 3)
584 722 654 777 ut
687 713 940 776 facilius
971 716 1105 776 veri
1138 715 1360 778 fideles
1404 716 1938 779 discriminentur
1981 717 2060 778 ab
2106 716 2494 779 infidelibus.

258 792 555 873 Symbola
605 794 960 858 illustriora
1000 805 1196 857 sunt:
1230 795 1688 875 Apostolicum‚
1746 795 2097 871 Nicaenum,
2142 795 2758 875 Costantinopolita-

178 890 353 950 num,
396 875 939 939 Athanasianum:
985 892 1138 955 quoe,
1187 877 1279 938 ait
1324 876 1687 955 AngelicuS‚
1718 876 1806 953 ,in
1848 877 2023 939 nullo
2085 877 2213 940 alio
2252 877 2575 957 differunt,
2635 877 2768 940 nisi

176 955 338 1033 quod
380 956 449 1019 in
490 972 613 1016 uno
655 955 903 1035 plenius
946 973 1025 1017 ecc
1073 956 1358 1019 licuntur
1401 974 1535 1035 quoe
1575 958 1642 1019 in
1687 957 1813 1019 alio
1855 959 2261 1021 continentur
2303 958 2625 1036 implicite,
2666 974 2750 1021 se·

174 1036 446 1098 cundum
490 1037 650 1115 quod
690 1034 980 1116 emiqebat
1062 1037 1454 1099 oereticorum
1497 1037 1816 1100 instantia
1859 1036 1908 1099 ¹.

339 1117 412 1195 a)
456 1115 815 1194 Symbolum
857 1117 1283 1194 Apostolicum
1329 1119 1636 1181 recitatur
1680 1134 1711 1180 a
1764 1118 2060 1181 fidelibus
2105 1118 2170 1180 in
2219 1117 2513 1196 precibus
2555 1123 2760 1198 quoti·

176 1195 390 1263 dianis
435 1207 500 1259 et
543 1199 607 1259 in
653 1195 871 1260 Officio
916 1197 1170 1258 divino:
1215 1199 1282 1258 in
1327 1197 1664 1261 duodecim
1709 1197 1908 1262 veluti
1956 1199 2160 1279 capita
2207 1198 2563 1275 dividitur,
2620 1214 2763 1277 quae

175 1277 478 1339 dicuntur
525 1277 809 1340 articuli.
847 1276 1153 1340 Fatentur
1198 1278 1317 1355 ipsi
1363 1278 1654 1341 baeretici
1722 1278 1868 1357 jure
1913 1279 2037 1343 dici
2106 1280 2547 1358 Apostolicum‚
2611 1281 2759 1357 quia

174 1359 468 1420 continet
510 1358 865 1421 doctrinam
904 1357 1201 1419 traditam
1244 1357 1323 1419 ab
1367 1357 1719 1438 Apostolis3
1751 1369 1989 1437 negant
2025 1370 2237 1423 tamen
2271 1359 2455 1422 multi
2505 1377 2584 1422 ex
2614 1376 2757 1436 pro-

176 1440 565 1501 testantibus
606 1439 764 1517 (imo
807 1439 1063 1517 quidam
1106 1454 1185 1501 ex
1232 1437 1383 1517 ipsis
1419 1438 1782 1516 catholicis)
1818 1438 1978 1502 illud
2025 1456 2167 1502 esse
2214 1443 2566 1518 genuinum
2597 1438 2752 1517 Apo-

172 1518 484 1582 stolorum
531 1536 705 1598 opuS.
748 1518 870 1581 Sed
919 1517 1107 1592 falso;
1151 1518 1291 1595 eJus
1335 1520 1506 1582 enim
1549 1528 1843 1582 auctores
1924 1520 2123 1583 fuisse
2187 1520 2539 1599 Apostolos,
2600 1536 2756 1581 non·

171 1598 376 1662 nullis
419 1601 706 1662 articulis
749 1601 1056 1677 exceptis,
1100 1598 1351 1674 probat:
1399 1599 1463 1677 1)
1509 1615 1661 1667 usus
1691 1599 1978 1676 ejusdem
2043 1602 2107 1662 in
2139 1600 2419 1663 Ecclesia
2468 1600 2758 1663 vetustis·

169 1681 397 1754 simus,
440 1696 629 1760 quem
661 1679 876 1743 nullus
911 1689 1061 1741 ante
1097 1678 1427 1741 Erasmum
1464 1687 1529 1741 et
1565 1678 1895 1743 Calvinum
1936 1682 2212 1759 negavit.
2244 1683 2325 1745 At
2357 1690 2516 1744 teste
2548 1680 2605 1741 d.
2644 1678 2760 1745 Au·

169 1762 436 1840 gustino
460 1808 476 1834 ,
519 1760 676 1840 quod
715 1761 1013 1822 universa
1059 1765 1224 1821 tenet
1250 1757 1555 1834 Ecclesia,
1584 1777 1694 1821 nec
1728 1758 2025 1823 conciliis
2055 1763 2441 1836 institutum,
2474 1760 2581 1822 sed
2614 1777 2761 1821 sem·

167 1857 287 1920 per
330 1848 641 1903 retentum
681 1846 815 1913 est,
863 1838 1117 1901 nonnisi
1159 1839 1558 1919 Auctoritate
1617 1840 1977 1918 Apostolica
2050 1842 2356 1905 traditum
2410 1840 2760 1903 rectissime
2834 1872 2839 1887 ·

169 1921 500 1990 credite1r,·
545 1922 612 1999 2)
672 1920 733 1981 id
780 1921 1136 1983 docuerunt
1177 1935 1478 1997 expresse
1525 1920 1892 1982 traditionis
1936 1921 2388 1985 ecclesiasticae
2425 1930 2619 1984 testes
2665 1917 2756 1980 lo-

169 2002 619 2081 cupietissimi,
661 2001 946 2063 Ruffinus
993 1998 1044 2072 ²,
1087 2016 1134 2061 s.
1158 2000 1528 2063 Ambrosius
1558 1998 1607 2075 ⁸,
1632 2017 1679 2061 s.
1718 2001 2142 2082 Hieronymus
2179 2001 2228 2078 ⁴,
2263 2003 2382 2065 Leo
2411 2002 2674 2081 Magnus
2704 1999 2757 2071 ⁵,

169 2081 515 2146 Cassianus
559 2079 587 2124 ⁶
633 2092 695 2144 et
739 2082 848 2144 alii
894 2081 1096 2142 terme
1145 2082 1510 2142 innumeri:
1556 2081 1682 2142 imo
1730 2099 1777 2142 S.
1826 2083 1946 2144 Leo
1992 2083 2228 2162 aliique
2293 2093 2580 2158 censent,
2623 2099 2760 2143 sin-

166 2164 361 2239 gulos
403 2162 734 2240 Apostolos
762 2160 1094 2223 articulum
1126 2159 1402 2222 edidisse
1433 2177 1635 2223 suum.
1665 2194 1744 2206 —
1788 2162 2104 2225 Diximus:
2152 2163 2472 2227 nonnullis
2517 2164 2755 2225 articu-

167 2243 249 2305 lis
302 2244 617 2320 eoeceptis;
665 2243 810 2321 quia
856 2256 984 2302 non
1030 2250 1128 2302 est
1175 2226 1538 2319 negandum
1582 2239 1884 2320 Symbolo
1934 2244 2186 2307 additas
2236 2244 2440 2307 fuisse
2510 2245 2759 2321 aliquas

165 2338 366 2385 voces
409 2323 483 2384 ad
531 2332 785 2385 exortas
830 2322 1108 2384 haereses
1150 2321 1379 2382 melius
1445 2323 1905 2399 profligandas:
1951 2334 2020 2387 ut
2082 2335 2427 2388 creatorem
2493 2324 2633 2386 coeli
2697 2330 2761 2384 et

167 2414 397 2467 terrie:
439 2420 685 2480 passus,
728 2410 1029 2471 mortuus,
1072 2401 1392 2463 descendit
1432 2402 1515 2464 ad
1557 2402 1829 2482 inferos:
1893 2406 2411 2484 omnipotentem:
2478 2404 2745 2467 catholi-

165 2502 364 2548 cam:
414 2481 788 2546 Sanctorum
828 2482 1350 2544 communionem.-
1396 2482 1593 2544 vitam
1634 2491 1931 2547 aeternam
1962 2482 2025 2546 ·⁷.

342 2560 405 2643 b)
452 2562 805 2642 Symbolum
858 2562 1182 2625 Nicaenum
1236 2560 1566 2626 conditum
1623 2573 1720 2625 est
1767 2565 2081 2644 in·primo
2125 2565 2411 2643 generali
2469 2563 2755 2626 Concilio

160 2643 403 2708 Nioaeae
453 2646 516 2706 in
563 2645 811 2723 Bytinia
855 2642 1050 2723 (circa
1095 2658 1334 2705 annum
1379 2642 1524 2724 325)
1568 2644 1889 2708 celebrato
1933 2656 2156 2709 contra
2202 2645 2515 2726 perfidum
2560 2646 2762 2705 haere-

57 2762 63 2769 -
166 2725 499 2787 siai-cham
543 2726 786 2799 Arium,
834 2725 941 2803 qui
987 2723 1468 2801 blasphemabat
1529 2723 1639 2787 Dei
1691 2723 1967 2788 Verbum
2017 2742 2143 2788 non
2188 2743 2327 2789 esse
2370 2725 2593 2797 Deum,
2644 2722 2750 2785 sed

165 2820 419 2868 meram
463 2816 821 2869 creaturam
866 2821 945 2866 ex
990 2804 1216 2878 nihilo,
1262 2802 1410 2874 licet
1458 2814 1607 2866 ante
1672 2817 1916 2868 ceteras
1962 2819 2261 2870 creatam.
2320 2805 2501 2868 Unde
2544 2804 2751 2866 decla·

171 2896 389 2949 ratum
434 2884 574 2959 fuit,
617 2885 936 2949 Christum
979 2901 1120 2946 esse
1165 2882 1332 2946 Patri
1379 2882 1980 2948 consubstantialem
2025 2885 2072 2950 8.

337 2965 402 3106 c?
451 2964 1211 3044 Constantinopolitanum
1241 2962 1570 3028 conditum
1614 2976 1711 3029 est
1754 2967 1819 3027 in
1853 2967 2134 3031 Concilio
2170 2963 2753 3042 Constantinopoli-

169 3056 326 3110 tano
403 3095 419 3119 ‚
465 3045 632 3125 quod
677 3055 774 3108 est
814 3044 1117 3125 generale
1160 3043 1210 3105 11
1256 3044 1650 3109 celebratum
1681 3047 1879 3125 (anno
1923 3048 2068 3124 381)
2107 3058 2238 3111 tum
2284 3056 2504 3110 contra
2555 3045 2751 3106 baere-

171 3129 339 3190 ticos
383 3127 815 3189 Eunomianos
878 3123 1339 3187 contendentes
1403 3124 1710 3205 Spiritum
1775 3125 2076 3191 Sanctum
2142 3144 2269 3190 non
2329 3116 2676 3207 procedere
2721 3139 2755 3187 a

170 3206 388 3279 Patre,
433 3217 653 3269 contra
699 3223 856 3286 quos
903 3206 1166 3274 definita
1197 3213 1294 3267 est
1338 3208 1655 3283 processio
1699 3205 1973 3285 Spiritus
2016 3206 2229 3270 Sancti
2276 3223 2306 3268 a
2355 3206 2541 3268 Patre
2558 3225 2577 3279 3
2621 3213 2757 3267 tum

170 3297 402 3350 contra
455 3286 954 3350 Macedonianos
1011 3294 1316 3365 negantes
1380 3284 1656 3366 Spiritus
1705 3286 1992 3365 eiusdem
2039 3289 2461 3362 divinitatem,
2531 3295 2755 3348 contra

170 3385 336 3448 quos
382 3368 581 3447 posita
626 3377 775 3430 sunt
820 3369 954 3428 baec
997 3367 1120 3430 alia
1166 3366 1505 3429 vocabula:
1548 3368 1823 3445 quicum
1866 3369 2059 3432 Patre
2086 3378 2148 3431 et
2186 3368 2351 3431 Filio
2385 3367 2575 3430 simul
2616 3365 2759 3428 ado-

166 3457 369 3512 ratur
411 3455 474 3510 et
511 3446 1040 3529 conolorificatur,
1084 3448 1194 3526 qui
1258 3448 1500 3509 locutus
1543 3454 1640 3510 est
1733 3465 1801 3509 er
1846 3448 2210 3529 Prophetas.
2272 3448 2411 3512 Non
2455 3448 2675 3510 diflert
2717 3462 2754 3510 a

167 3528 459 3605 Nicaeno,
501 3530 622 3590 nisi
667 3545 702 3592 a
766 3528 1153 3590 distinctiori
1199 3527 1442 3606 aliquot
1483 3530 1687 3591 articu
1717 3545 1897 3591 orum
1953 3530 2399 3607 explicatione.
2446 3528 2606 3592 Huic
2651 3543 2758 3589 au-

173 3622 307 3672 tem
352 3607 651 3687 Symbolo
709 3608 1015 3670 nonnulla
1075 3608 1326 3670 addidit
1384 3608 1763 3688 explicando
1809 3608 2165 3673 Concilium
2232 3609 2755 3673 Chalcedonense

168 3690 481 3770 generale
527 3688 605 3752 lv
647 3704 816 3751 anno
880 3688 1011 3749 451.
1061 3687 1362 3763 ,Tandem
1407 3694 1695 3768 apposito
1763 3691 1955 3757 verbo
2017 3690 2303 3769 Filioque
2347 3690 2407 3767 (a
2464 3688 2756 3769 pluribus

167 3775 456 3851 primum
499 3768 994 3848 particularibus
1039 3766 1359 3842 Conciliis,
1448 3770 1564 3831 uod
1631 3771 2098 3834 confirmarunt
2140 3771 2422 3833 Concilia
2478 3783 2752 3831 oecume

168 3852 321 3912 nica
368 3850 697 3912 Leonense
741 3848 790 3909 ll
855 3863 1025 3911 anno
1071 3848 1246 3922 1274,
1308 3858 1371 3911 et
1486 3850 1875 3929 lorentinum
1920 3867 2090 3913 anno
2158 3851 2361 3931 1439),
2425 3846 2582 3912 illud
2640 3856 2757 3924 est,

168 3930 346 4011 quod
395 3931 583 3993 bodie
628 3931 693 3991 in
736 3928 920 3991 Missa
966 3927 1245 3991 Ecclesia
1292 3927 1489 3992 latina
1536 3933 1763 3993 recitat
1804 3929 1853 3991 ⁹.

229 4168 252 4208 ¹
289 4173 341 4228 2,
376 4172 425 4230 2,
458 4181 506 4233 q.
542 4170 588 4227 1,
623 4179 671 4217 a.
697 4171 730 4218 1
1694 4167 1718 4205 ⁹
1751 4170 1812 4219 In
1850 4167 2043 4229 Expos.
2079 4168 2241 4229 symb.

229 4232 253 4270 ⁸
290 4232 478 4282 Sermo
512 4232 604 4282 ult.
637 4231 697 4281 de
738 4231 888 4294 ’ejun.
1691 4228 1713 4269 ί
1746 4232 1913 4294 Epist.
1953 4230 2021 4279 ad
2051 4230 2354 4280 Pammach.

229 4292 255 4333 ⁸
293 4295 458 4355 Epist.
491 4295 558 4344 ad
591 4295 712 4344 Pulc
748 4307 818 4343 er.
1689 4293 1711 4330 ὃ
1751 4295 1802 4341 l..
1840 4303 1891 4341 vt
1925 4294 1985 4341 de
2023 4293 2289 4341 Incurnut.

227 4355 252 4395 ⁷
300 4357 357 4406 V.
398 4356 656 4416 Usserius,
690 4358 751 4407 In
783 4354 1008 4406 diatriba
1039 4356 1098 4406 de
1130 4355 1373 4404 Romanae
1402 4353 1639 4404 Ecclesiae
1669 4354 1909 4415 Symbolo
1943 4355 2217 4413 ‹.tpostulico
2246 4356 2416 4405 vetere
2454 4376 2515 4388 —
2561 4352 2756 4403 Natalis

160 4418 494 4478 Alexander,
527 4420 596 4469 De
631 4420 768 4482 Sym.
799 4419 933 4481 Mei.
966 4442 1030 4454 —
1061 4418 1119 4468 P.
1157 4417 1400 4477 LazaruS,
1437 4417 1753 4467 Exercitatio
1783 4418 1844 4466 de
1876 4417 2105 4478 antiquis
2134 4416 2377 4478 formulis
2407 4415 2542 4478 fidei.

224 4481 250 4520 8
299 4480 356 4530 V.
389 4481 512 4532 Cbr.
548 4482 746 4545 Lupus,
782 4480 833 4532 in
869 4480 1070 4542 synodo
1106 4478 1333 4530 Nicaena.
1367 4503 1429 4515 —
1465 4479 1636 4537 iinon,
1670 4480 1838 4530 Instit.
1880 4479 2134 4542 Theoloq„
2170 4480 2274 4545 yol.
2308 4490 2342 4538 1,
2377 4477 2665 4528 Introduct.

225 4544 252 4582 ⁰
285 4542 407 4594 Etsi
440 4545 602 4594 Graeci
637 4544 916 4597 teneantur
944 4542 1162 4593 credere
1192 4541 1351 4592 etiam
1386 4551 1418 4591 a
1452 4541 1583 4592 Filio
1615 4541 1869 4604 Spiritum
1905 4540 2159 4592 Sanctum
2193 4539 2494 4604 procedere,
2530 4551 2640 4590 non
2675 4543 2749 4591 ta-

155 4618 290 4658 men
330 4603 436 4656 hoc
469 4608 710 4657 tenentur
749 4607 801 4655 in
828 4604 1079 4668 Symbola
1115 4603 1475 4667 pronuntiare.
1512 4605 1578 4655 At
1610 4603 2065 4667 pronuntiandum
2101 4602 2190 4653 ubi
2224 4603 2275 4653 id
2327 4604 2488 4665 viget;
2552 4603 2660 4651 imo
2713 4601 2759 4651 si

153 4675 573 4720 commorentur
605 4668 657 4718 in
692 4668 855 4729 ltalia,
895 4667 1190 4730 insulisque
1222 4665 1602 4727 adjacentibus,
1638 4666 1683 4717 si
1718 4666 1784 4717 ab
1819 4665 2116 4718 ordinariis
2132 4667 2375 4719 locorum
2398 4671 2479 4715 vel
2501 4664 2568 4714 ob
2592 4673 2744 4714 scan-

304 4748 584 4831 Scsvlm,
639 4750 965 4835 Theoloyia
1010 4742 1254 4816 etc.‘'l'.
1302 4750 1381 4817 ΙΙ.
2020 4814 2027 4823 ,
2496 4748 2584 4813 40
