<?xml version="1.0" encoding="UTF-8"?>
<!DOCTYPE html PUBLIC "-//W3C//DTD XHTML 1.0 Transitional//EN"
    "http://www.w3.org/TR/xhtml1/DTD/xhtml1-transitional.dtd">
<html xmlns="http://www.w3.org/1999/xhtml" xml:lang="en" lang="en">
 <head>
  <title>
</title>
<meta http-equiv="Content-Type" content="text/html;charset=utf-8" />
  <meta name='ocr-system' content='tesseract 3.04.00' />
  <meta name='ocr-capabilities' content='ocr_page ocr_carea ocr_par ocr_line ocrx_word'/>
</head>
<body>
  <div class='ocr_page' id='page_1' title='image "./theologiamorali04scavgoog_0107.png"; bbox 0 0 3292 5167; ppageno 0'>
   <div class='ocr_carea' id='block_1_1' title="bbox 952 279 2748 345">
    <p class='ocr_par' dir='ltr' id='par_1_1' title="bbox 952 279 2748 345">
     <span class='ocr_line' id='line_1_1' title="bbox 952 279 2748 345; baseline 0.005 -9"><span class='ocrx_word' id='word_1_1' title='bbox 952 290 1028 338; x_wconf 70' lang='lat' dir='ltr'>nr:</span> <span class='ocrx_word' id='word_1_2' title='bbox 1073 292 1251 338; x_wconf 74' lang='lat' dir='ltr'>virus</span> <span class='ocrx_word' id='word_1_3' title='bbox 1300 293 1598 341; x_wconf 66' lang='lat' dir='ltr'>nannetem</span> <span class='ocrx_word' id='word_1_4' title='bbox 1647 295 1954 345; x_wconf 77' lang='lat' dir='ltr'>orrosirrs</span> <span class='ocrx_word' id='word_1_5' title='bbox 2653 279 2748 345; x_wconf 82' lang='lat'>97</span> 
     </span>
    </p>
   </div>
   <div class='ocr_carea' id='block_1_2' title="bbox 209 389 2745 639">
    <p class='ocr_par' dir='ltr' id='par_1_2' title="bbox 209 389 2745 639">
     <span class='ocr_line' id='line_1_2' title="bbox 271 389 2737 482; baseline 0.006 -31"><span class='ocrx_word' id='word_1_6' title='bbox 271 389 321 451; x_wconf 85' lang='lat' dir='ltr'>R.</span> <span class='ocrx_word' id='word_1_7' title='bbox 357 389 441 451; x_wconf 84' lang='lat' dir='ltr'>Ad</span> <span class='ocrx_word' id='word_1_8' title='bbox 488 390 553 453; x_wconf 81' lang='lat'>3:</span> <span class='ocrx_word' id='word_1_9' title='bbox 599 390 982 457; x_wconf 78' lang='lat' dir='ltr'>Maledicere</span> <span class='ocrx_word' id='word_1_10' title='bbox 1023 394 1270 459; x_wconf 71' lang='lat' dir='ltr'>diabolo</span> <span class='ocrx_word' id='word_1_11' title='bbox 1316 412 1461 459; x_wconf 87' lang='lat' dir='ltr'>raro</span> <span class='ocrx_word' id='word_1_12' title='bbox 1504 407 1602 460; x_wconf 86' lang='lat' dir='ltr'>est</span> <span class='ocrx_word' id='word_1_13' title='bbox 1645 399 1950 475; x_wconf 83' lang='lat' dir='ltr'>mortale3</span> <span class='ocrx_word' id='word_1_14' title='bbox 1992 402 2136 481; x_wconf 89' lang='lat' dir='ltr'>quia</span> <span class='ocrx_word' id='word_1_15' title='bbox 2198 402 2332 482; x_wconf 87' lang='lat' dir='ltr'>ipse</span> <span class='ocrx_word' id='word_1_16' title='bbox 2389 401 2526 465; x_wconf 81' lang='lat' dir='ltr'>fere</span> <span class='ocrx_word' id='word_1_17' title='bbox 2570 419 2737 465; x_wconf 91' lang='lat' dir='ltr'>sem·</span> 
     </span>
     <span class='ocr_line' id='line_1_3' title="bbox 213 469 2745 563; baseline 0.005 -31"><span class='ocrx_word' id='word_1_18' title='bbox 213 487 295 550; x_wconf 82' lang='lat' dir='ltr'>per</span> <span class='ocrx_word' id='word_1_19' title='bbox 326 469 476 533; x_wconf 90' lang='lat' dir='ltr'>solet</span> <span class='ocrx_word' id='word_1_20' title='bbox 518 470 857 549; x_wconf 89' lang='lat' dir='ltr'>maledici,</span> <span class='ocrx_word' id='word_1_21' title='bbox 900 476 988 538; x_wconf 89' lang='lat' dir='ltr'>uti</span> <span class='ocrx_word' id='word_1_22' title='bbox 1037 490 1260 553; x_wconf 82' lang='lat' dir='ltr'>auctor</span> <span class='ocrx_word' id='word_1_23' title='bbox 1302 477 1616 541; x_wconf 88' lang='lat' dir='ltr'>malorum</span> <span class='ocrx_word' id='word_1_24' title='bbox 1645 480 1761 543; x_wconf 71' lang='lat' dir='ltr'>,vel</span> <span class='ocrx_word' id='word_1_25' title='bbox 1810 480 1918 542; x_wconf 91' lang='lat' dir='ltr'>Dei</span> <span class='ocrx_word' id='word_1_26' title='bbox 1969 482 2300 547; x_wconf 89' lang='lat' dir='ltr'>inimicus:</span> <span class='ocrx_word' id='word_1_27' title='bbox 2345 499 2468 563; x_wconf 91' lang='lat' dir='ltr'>quo</span> <span class='ocrx_word' id='word_1_28' title='bbox 2513 499 2745 554; x_wconf 80' lang='lat' dir='ltr'>sensu,</span> 
     </span>
     <span class='ocr_line' id='line_1_4' title="bbox 209 550 2146 639; baseline 0.005 -26"><span class='ocrx_word' id='word_1_29' title='bbox 209 550 579 613; x_wconf 75' lang='lat' dir='ltr'><strong>abstrahendo</strong></span> <span class='ocrx_word' id='word_1_30' title='bbox 624 553 703 614; x_wconf 91' lang='lat' dir='ltr'>ab</span> <span class='ocrx_word' id='word_1_31' title='bbox 749 554 1167 634; x_wconf 66' lang='lat' dir='ltr'>impatientiae</span> <span class='ocrx_word' id='word_1_32' title='bbox 1211 567 1375 633; x_wconf 88' lang='lat' dir='ltr'>actu,</span> <span class='ocrx_word' id='word_1_33' title='bbox 1420 574 1627 639; x_wconf 88' lang='lat' dir='ltr'>neque</span> <span class='ocrx_word' id='word_1_34' title='bbox 1674 560 1926 623; x_wconf 87' lang='lat' dir='ltr'>veniale</span> <span class='ocrx_word' id='word_1_35' title='bbox 1970 571 2067 624; x_wconf 89' lang='lat' dir='ltr'>est</span> <span class='ocrx_word' id='word_1_36' title='bbox 2099 561 2146 622; x_wconf 84' lang='lat'>¹.</span> 
     </span>
    </p>
   </div>
   <div class='ocr_carea' id='block_1_3' title="bbox 192 687 2753 4324">
    <p class='ocr_par' dir='ltr' id='par_1_3' title="bbox 269 687 1673 781">
     <span class='ocr_line' id='line_1_5' title="bbox 269 687 1673 781; baseline 0.009 -30"><span class='ocrx_word' id='word_1_37' title='bbox 269 687 436 751; x_wconf 73' lang='lat'>133.</span> <span class='ocrx_word' id='word_1_38' title='bbox 489 689 560 769; x_wconf 84' lang='lat' dir='ltr'>Q.</span> <span class='ocrx_word' id='word_1_39' title='bbox 609 692 671 756; x_wconf 78' lang='lat'>5.</span> <span class='ocrx_word' id='word_1_40' title='bbox 723 692 1072 778; x_wconf 77' lang='lat' dir='ltr'>Quotupleoe</span> <span class='ocrx_word' id='word_1_41' title='bbox 1110 706 1198 760; x_wconf 80' lang='lat' dir='ltr'>est</span> <span class='ocrx_word' id='word_1_42' title='bbox 1245 695 1673 781; x_wconf 78' lang='lat' dir='ltr'>blasphemia?</span> 
     </span>
    </p>

    <p class='ocr_par' dir='ltr' id='par_1_4' title="bbox 201 797 2749 1105">
     <span class='ocr_line' id='line_1_6' title="bbox 266 797 2749 897; baseline 0.004 -33"><span class='ocrx_word' id='word_1_43' title='bbox 266 798 320 864; x_wconf 87' lang='lat' dir='ltr'>R.</span> <span class='ocrx_word' id='word_1_44' title='bbox 363 797 774 883; x_wconf 90' lang='lat' dir='ltr'>Blasphemia</span> <span class='ocrx_word' id='word_1_45' title='bbox 823 809 1044 888; x_wconf 89' lang='lat' dir='ltr'>potest</span> <span class='ocrx_word' id='word_1_46' title='bbox 1094 803 1525 872; x_wconf 88' lang='lat' dir='ltr'>considerari:</span> <span class='ocrx_word' id='word_1_47' title='bbox 1581 805 1841 897; x_wconf 79' lang='lat' dir='ltr'>ratione</span> <span class='ocrx_word' id='word_1_48' title='bbox 1887 805 1987 874; x_wconf 87' lang='lat' dir='ltr'>vel</span> <span class='ocrx_word' id='word_1_49' title='bbox 2037 804 2447 889; x_wconf 87' lang='lat' dir='ltr'>intentionis,</span> <span class='ocrx_word' id='word_1_50' title='bbox 2497 824 2625 892; x_wconf 85' lang='lat' dir='ltr'>qua</span> <span class='ocrx_word' id='word_1_51' title='bbox 2674 805 2749 874; x_wconf 80' lang='lat' dir='ltr'>in</span> 
     </span>
     <span class='ocr_line' id='line_1_7' title="bbox 201 902 2729 997; baseline 0.005 -29"><span class='ocrx_word' id='word_1_52' title='bbox 201 902 362 989; x_wconf 86' lang='lat' dir='ltr'>ipsam</span> <span class='ocrx_word' id='word_1_53' title='bbox 407 906 808 991; x_wconf 78' lang='lat' dir='ltr'>erumpitur3</span> <span class='ocrx_word' id='word_1_54' title='bbox 880 909 976 976; x_wconf 87' lang='lat' dir='ltr'>vel</span> <span class='ocrx_word' id='word_1_55' title='bbox 1032 909 1271 993; x_wconf 74' lang='lat' dir='ltr'>modi,</span> <span class='ocrx_word' id='word_1_56' title='bbox 1322 929 1454 997; x_wconf 89' lang='lat' dir='ltr'>quo</span> <span class='ocrx_word' id='word_1_57' title='bbox 1524 930 1599 980; x_wconf 91' lang='lat' dir='ltr'>ea</span> <span class='ocrx_word' id='word_1_58' title='bbox 1670 911 2142 993; x_wconf 83' lang='lat' dir='ltr'>committitur3</span> <span class='ocrx_word' id='word_1_59' title='bbox 2195 912 2291 979; x_wconf 89' lang='lat' dir='ltr'>vel</span> <span class='ocrx_word' id='word_1_60' title='bbox 2341 914 2729 994; x_wconf 87' lang='lat' dir='ltr'>verborum,</span> 
     </span>
     <span class='ocr_line' id='line_1_8' title="bbox 201 1010 1946 1105; baseline 0.005 -30"><span class='ocrx_word' id='word_1_61' title='bbox 201 1010 393 1094; x_wconf 84' lang='lat' dir='ltr'>quibus</span> <span class='ocrx_word' id='word_1_62' title='bbox 438 1013 864 1097; x_wconf 81' lang='lat' dir='ltr'>exprimitur3</span> <span class='ocrx_word' id='word_1_63' title='bbox 913 1016 1012 1083; x_wconf 91' lang='lat' dir='ltr'>vel</span> <span class='ocrx_word' id='word_1_64' title='bbox 1060 1016 1323 1102; x_wconf 87' lang='lat' dir='ltr'>objecti,</span> <span class='ocrx_word' id='word_1_65' title='bbox 1375 1018 1438 1085; x_wconf 89' lang='lat' dir='ltr'>in</span> <span class='ocrx_word' id='word_1_66' title='bbox 1491 1018 1671 1105; x_wconf 89' lang='lat' dir='ltr'>quod</span> <span class='ocrx_word' id='word_1_67' title='bbox 1720 1018 1946 1087; x_wconf 85' lang='lat' dir='ltr'>fertur.</span> 
     </span>
    </p>

    <p class='ocr_par' dir='ltr' id='par_1_5' title="bbox 194 1120 2747 1750">
     <span class='ocr_line' id='line_1_9' title="bbox 341 1120 2745 1212; baseline 0.006 -29"><span class='ocrx_word' id='word_1_68' title='bbox 341 1120 389 1183; x_wconf 90' lang='lat' dir='ltr'>l.</span> <span class='ocrx_word' id='word_1_69' title='bbox 425 1120 696 1189; x_wconf 75' lang='lat' dir='ltr'>Ratione</span> <span class='ocrx_word' id='word_1_70' title='bbox 744 1123 1123 1206; x_wconf 51' lang='lat' dir='ltr'>intentioni&amp;</span> <span class='ocrx_word' id='word_1_71' title='bbox 1177 1124 1300 1191; x_wconf 90' lang='lat' dir='ltr'>alia</span> <span class='ocrx_word' id='word_1_72' title='bbox 1349 1133 1451 1193; x_wconf 92' lang='lat' dir='ltr'>est</span> <span class='ocrx_word' id='word_1_73' title='bbox 1496 1126 1751 1209; x_wconf 81' lang='lat' dir='ltr'>directa,</span> <span class='ocrx_word' id='word_1_74' title='bbox 1796 1144 1943 1211; x_wconf 85' lang='lat' dir='ltr'>quae</span> <span class='ocrx_word' id='word_1_75' title='bbox 1981 1128 2191 1194; x_wconf 92' lang='lat' dir='ltr'>Deum</span> <span class='ocrx_word' id='word_1_76' title='bbox 2226 1124 2476 1195; x_wconf 81' lang='lat' dir='ltr'>directe</span> <span class='ocrx_word' id='word_1_77' title='bbox 2510 1145 2745 1212; x_wconf 79' lang='lat' dir='ltr'>aggre-</span> 
     </span>
     <span class='ocr_line' id='line_1_10' title="bbox 196 1223 2747 1317; baseline 0.004 -26"><span class='ocrx_word' id='word_1_78' title='bbox 196 1223 338 1291; x_wconf 84' lang='lat' dir='ltr'>ditur</span> <span class='ocrx_word' id='word_1_79' title='bbox 377 1244 449 1293; x_wconf 81' lang='lat' dir='ltr'>ex</span> <span class='ocrx_word' id='word_1_80' title='bbox 499 1228 866 1299; x_wconf 90' lang='lat' dir='ltr'>intentione</span> <span class='ocrx_word' id='word_1_81' title='bbox 910 1232 1128 1317; x_wconf 88' lang='lat' dir='ltr'>ipsum</span> <span class='ocrx_word' id='word_1_82' title='bbox 1178 1233 1639 1316; x_wconf 89' lang='lat' dir='ltr'>inhonorandi,</span> <span class='ocrx_word' id='word_1_83' title='bbox 1692 1241 1756 1302; x_wconf 89' lang='lat' dir='ltr'>et</span> <span class='ocrx_word' id='word_1_84' title='bbox 1804 1234 2047 1303; x_wconf 84' lang='lat' dir='ltr'>dicitur</span> <span class='ocrx_word' id='word_1_85' title='bbox 2094 1233 2420 1302; x_wconf 81' lang='lat' dir='ltr'>diabolica.</span> <span class='ocrx_word' id='word_1_86' title='bbox 2452 1234 2594 1303; x_wconf 87' lang='lat' dir='ltr'>Alia</span> <span class='ocrx_word' id='word_1_87' title='bbox 2640 1236 2747 1302; x_wconf 84' lang='lat' dir='ltr'>in—</span> 
     </span>
     <span class='ocr_line' id='line_1_11' title="bbox 195 1330 2734 1429; baseline 0.006 -34"><span class='ocrx_word' id='word_1_88' title='bbox 195 1330 403 1414; x_wconf 77' lang='lat' dir='ltr'>directa,</span> <span class='ocrx_word' id='word_1_89' title='bbox 455 1341 515 1401; x_wconf 92' lang='lat' dir='ltr'>et</span> <span class='ocrx_word' id='word_1_90' title='bbox 563 1343 666 1404; x_wconf 89' lang='lat' dir='ltr'>est</span> <span class='ocrx_word' id='word_1_91' title='bbox 700 1356 849 1407; x_wconf 84' lang='lat' dir='ltr'>cum</span> <span class='ocrx_word' id='word_1_92' title='bbox 898 1339 1046 1425; x_wconf 84' lang='lat' dir='ltr'>quis</span> <span class='ocrx_word' id='word_1_93' title='bbox 1090 1340 1512 1410; x_wconf 88' lang='lat' dir='ltr'>advertenter</span> <span class='ocrx_word' id='word_1_94' title='bbox 1558 1341 1827 1428; x_wconf 80' lang='lat' dir='ltr'>quidem</span> <span class='ocrx_word' id='word_1_95' title='bbox 1881 1342 2128 1427; x_wconf 84' lang='lat' dir='ltr'>profert</span> <span class='ocrx_word' id='word_1_96' title='bbox 2179 1342 2371 1411; x_wconf 91' lang='lat' dir='ltr'>verba</span> <span class='ocrx_word' id='word_1_97' title='bbox 2423 1342 2734 1429; x_wconf 85' lang='lat' dir='ltr'>blasphe-</span> 
     </span>
     <span class='ocr_line' id='line_1_12' title="bbox 195 1438 2747 1533; baseline 0.005 -28"><span class='ocrx_word' id='word_1_98' title='bbox 195 1438 350 1521; x_wconf 81' lang='lat' dir='ltr'>miae;</span> <span class='ocrx_word' id='word_1_99' title='bbox 396 1443 508 1509; x_wconf 91' lang='lat' dir='ltr'>sed</span> <span class='ocrx_word' id='word_1_100' title='bbox 557 1446 810 1531; x_wconf 81' lang='lat' dir='ltr'>absque</span> <span class='ocrx_word' id='word_1_101' title='bbox 858 1447 1105 1516; x_wconf 88' lang='lat' dir='ltr'>directa</span> <span class='ocrx_word' id='word_1_102' title='bbox 1157 1448 1523 1519; x_wconf 87' lang='lat' dir='ltr'>intentione</span> <span class='ocrx_word' id='word_1_103' title='bbox 1571 1452 1783 1530; x_wconf 81' lang='lat' dir='ltr'>Deum</span> <span class='ocrx_word' id='word_1_104' title='bbox 1834 1448 2319 1533; x_wconf 88' lang='lat' dir='ltr'>inhonorandi,</span> <span class='ocrx_word' id='word_1_105' title='bbox 2370 1440 2440 1517; x_wconf 81' lang='lat' dir='ltr'>ut</span> <span class='ocrx_word' id='word_1_106' title='bbox 2492 1450 2543 1519; x_wconf 94' lang='lat' dir='ltr'>si</span> <span class='ocrx_word' id='word_1_107' title='bbox 2600 1451 2747 1518; x_wconf 77' lang='lat' dir='ltr'>irri-</span> 
     </span>
     <span class='ocr_line' id='line_1_13' title="bbox 194 1546 2747 1642; baseline 0.005 -31"><span class='ocrx_word' id='word_1_108' title='bbox 194 1546 336 1614; x_wconf 87' lang='lat' dir='ltr'>sorie</span> <span class='ocrx_word' id='word_1_109' title='bbox 378 1555 438 1615; x_wconf 90' lang='lat' dir='ltr'>et</span> <span class='ocrx_word' id='word_1_110' title='bbox 484 1549 872 1621; x_wconf 86' lang='lat' dir='ltr'>detestative</span> <span class='ocrx_word' id='word_1_111' title='bbox 921 1555 1018 1623; x_wconf 85' lang='lat' dir='ltr'>vel</span> <span class='ocrx_word' id='word_1_112' title='bbox 1069 1574 1148 1623; x_wconf 83' lang='lat' dir='ltr'>ex</span> <span class='ocrx_word' id='word_1_113' title='bbox 1196 1556 1292 1632; x_wconf 84' lang='lat' dir='ltr'>ira</span> <span class='ocrx_word' id='word_1_114' title='bbox 1341 1555 1652 1642; x_wconf 88' lang='lat' dir='ltr'>loquatur</span> <span class='ocrx_word' id='word_1_115' title='bbox 1688 1563 1916 1624; x_wconf 90' lang='lat' dir='ltr'>contra</span> <span class='ocrx_word' id='word_1_116' title='bbox 1967 1556 2288 1638; x_wconf 83' lang='lat' dir='ltr'>Sanctos,</span> <span class='ocrx_word' id='word_1_117' title='bbox 2339 1562 2452 1622; x_wconf 91' lang='lat' dir='ltr'>aut</span> <span class='ocrx_word' id='word_1_118' title='bbox 2490 1557 2747 1625; x_wconf 83' lang='lat' dir='ltr'>cultum</span> 
     </span>
     <span class='ocr_line' id='line_1_14' title="bbox 195 1653 2473 1750; baseline 0.004 -30"><span class='ocrx_word' id='word_1_119' title='bbox 195 1653 285 1722; x_wconf 86' lang='lat' dir='ltr'>Dei</span> <span class='ocrx_word' id='word_1_120' title='bbox 326 1656 474 1723; x_wconf 87' lang='lat' dir='ltr'>satis</span> <span class='ocrx_word' id='word_1_121' title='bbox 520 1658 866 1730; x_wconf 81' lang='lat' dir='ltr'>advertens</span> <span class='ocrx_word' id='word_1_122' title='bbox 916 1663 996 1730; x_wconf 87' lang='lat' dir='ltr'>ad</span> <span class='ocrx_word' id='word_1_123' title='bbox 1045 1664 1309 1747; x_wconf 87' lang='lat' dir='ltr'>malum,</span> <span class='ocrx_word' id='word_1_124' title='bbox 1360 1663 1539 1750; x_wconf 88' lang='lat' dir='ltr'>quod</span> <span class='ocrx_word' id='word_1_125' title='bbox 1589 1664 1802 1732; x_wconf 88' lang='lat' dir='ltr'>verbis</span> <span class='ocrx_word' id='word_1_126' title='bbox 1847 1663 1975 1732; x_wconf 88' lang='lat' dir='ltr'>illis</span> <span class='ocrx_word' id='word_1_127' title='bbox 2040 1662 2473 1748; x_wconf 81' lang='lat' dir='ltr'>significatur.</span> 
     </span>
    </p>

    <p class='ocr_par' dir='ltr' id='par_1_6' title="bbox 192 1764 2749 2392">
     <span class='ocr_line' id='line_1_15' title="bbox 334 1764 2749 1855; baseline 0.003 -26"><span class='ocrx_word' id='word_1_128' title='bbox 334 1764 388 1829; x_wconf 77' lang='lat'>2.</span> <span class='ocrx_word' id='word_1_129' title='bbox 439 1766 710 1836; x_wconf 81' lang='lat' dir='ltr'>Ratione</span> <span class='ocrx_word' id='word_1_130' title='bbox 756 1769 946 1852; x_wconf 79' lang='lat' dir='ltr'>modi,</span> <span class='ocrx_word' id='word_1_131' title='bbox 996 1770 1402 1855; x_wconf 90' lang='lat' dir='ltr'>blasphemia</span> <span class='ocrx_word' id='word_1_132' title='bbox 1454 1771 1573 1838; x_wconf 90' lang='lat' dir='ltr'>alia</span> <span class='ocrx_word' id='word_1_133' title='bbox 1625 1779 1726 1838; x_wconf 89' lang='lat' dir='ltr'>est</span> <span class='ocrx_word' id='word_1_134' title='bbox 1774 1770 2051 1853; x_wconf 86' lang='lat' dir='ltr'>interna,</span> <span class='ocrx_word' id='word_1_135' title='bbox 2102 1787 2250 1855; x_wconf 84' lang='lat' dir='ltr'>quae</span> <span class='ocrx_word' id='word_1_136' title='bbox 2301 1768 2543 1838; x_wconf 88' lang='lat' dir='ltr'>dicitur</span> <span class='ocrx_word' id='word_1_137' title='bbox 2607 1770 2749 1837; x_wconf 81' lang='lat' dir='ltr'>bla-</span> 
     </span>
     <span class='ocr_line' id='line_1_16' title="bbox 192 1867 2740 1963; baseline 0.003 -29"><span class='ocrx_word' id='word_1_138' title='bbox 192 1867 425 1952; x_wconf 71' lang='lat' dir='ltr'>sphemia</span> <span class='ocrx_word' id='word_1_139' title='bbox 471 1875 673 1942; x_wconf 79' lang='lat' dir='ltr'>cordis</span> <span class='ocrx_word' id='word_1_140' title='bbox 686 1901 714 1954; x_wconf 91' lang='lat'><em>;</em></span> <span class='ocrx_word' id='word_1_141' title='bbox 760 1876 885 1942; x_wconf 91' lang='lat' dir='ltr'>alia</span> <span class='ocrx_word' id='word_1_142' title='bbox 933 1884 1223 1961; x_wconf 81' lang='lat' dir='ltr'>externa,</span> <span class='ocrx_word' id='word_1_143' title='bbox 1277 1896 1428 1963; x_wconf 72' lang='lat' dir='ltr'>quaa</span> <span class='ocrx_word' id='word_1_144' title='bbox 1477 1876 1720 1946; x_wconf 88' lang='lat' dir='ltr'>dicitur</span> <span class='ocrx_word' id='word_1_145' title='bbox 1766 1877 2145 1963; x_wconf 78' lang='lat' dir='ltr'>blasphemia</span> <span class='ocrx_word' id='word_1_146' title='bbox 2194 1877 2325 1943; x_wconf 80' lang='lat' dir='ltr'>oris</span> <span class='ocrx_word' id='word_1_147' title='bbox 2370 1875 2470 1944; x_wconf 85' lang='lat' dir='ltr'>vel</span> <span class='ocrx_word' id='word_1_148' title='bbox 2519 1876 2740 1963; x_wconf 79' lang='lat' dir='ltr'>operis.</span> 
     </span>
     <span class='ocr_line' id='line_1_17' title="bbox 194 1974 2747 2070; baseline 0.005 -32"><span class='ocrx_word' id='word_1_149' title='bbox 194 1974 368 2042; x_wconf 89' lang='lat' dir='ltr'>Prima</span> <span class='ocrx_word' id='word_1_150' title='bbox 416 1983 548 2047; x_wconf 87' lang='lat' dir='ltr'>tota</span> <span class='ocrx_word' id='word_1_151' title='bbox 595 1981 662 2049; x_wconf 93' lang='lat' dir='ltr'>in</span> <span class='ocrx_word' id='word_1_152' title='bbox 737 1985 956 2059; x_wconf 86' lang='lat' dir='ltr'>animo</span> <span class='ocrx_word' id='word_1_153' title='bbox 1008 1992 1533 2067; x_wconf 89' lang='lat' dir='ltr'>consummatur,</span> <span class='ocrx_word' id='word_1_154' title='bbox 1586 1984 1743 2070; x_wconf 88' lang='lat' dir='ltr'>quin</span> <span class='ocrx_word' id='word_1_155' title='bbox 1798 1982 2071 2069; x_wconf 77' lang='lat' dir='ltr'>prodeat</span> <span class='ocrx_word' id='word_1_156' title='bbox 2143 1982 2467 2051; x_wconf 81' lang='lat' dir='ltr'>exterius:</span> <span class='ocrx_word' id='word_1_157' title='bbox 2540 1982 2747 2050; x_wconf 78' lang='lat' dir='ltr'>altera</span> 
     </span>
     <span class='ocr_line' id='line_1_18' title="bbox 195 2080 2741 2176; baseline 0.006 -34"><span class='ocrx_word' id='word_1_158' title='bbox 195 2080 373 2150; x_wconf 78' lang='lat' dir='ltr'>verbis</span> <span class='ocrx_word' id='word_1_159' title='bbox 419 2087 515 2153; x_wconf 86' lang='lat' dir='ltr'>vel</span> <span class='ocrx_word' id='word_1_160' title='bbox 563 2087 753 2156; x_wconf 86' lang='lat' dir='ltr'>factis</span> <span class='ocrx_word' id='word_1_161' title='bbox 801 2090 1093 2159; x_wconf 80' lang='lat' dir='ltr'>exterius</span> <span class='ocrx_word' id='word_1_162' title='bbox 1138 2092 1624 2173; x_wconf 71' lang='lat' dir='ltr'>manifestatur,</span> <span class='ocrx_word' id='word_1_163' title='bbox 1675 2091 1867 2159; x_wconf 89' lang='lat' dir='ltr'>sicuti</span> <span class='ocrx_word' id='word_1_164' title='bbox 1906 2090 2079 2158; x_wconf 92' lang='lat' dir='ltr'>enim</span> <span class='ocrx_word' id='word_1_165' title='bbox 2106 2091 2285 2157; x_wconf 87' lang='lat' dir='ltr'>Deus</span> <span class='ocrx_word' id='word_1_166' title='bbox 2332 2088 2580 2157; x_wconf 89' lang='lat' dir='ltr'>laudari</span> <span class='ocrx_word' id='word_1_167' title='bbox 2618 2107 2741 2176; x_wconf 89' lang='lat' dir='ltr'>po-</span> 
     </span>
     <span class='ocr_line' id='line_1_19' title="bbox 199 2191 2748 2282; baseline 0.004 -28"><span class='ocrx_word' id='word_1_168' title='bbox 199 2191 301 2254; x_wconf 82' lang='lat' dir='ltr'>test</span> <span class='ocrx_word' id='word_1_169' title='bbox 347 2192 554 2277; x_wconf 90' lang='lat' dir='ltr'>corde,</span> <span class='ocrx_word' id='word_1_170' title='bbox 605 2214 721 2263; x_wconf 91' lang='lat' dir='ltr'>ore</span> <span class='ocrx_word' id='word_1_171' title='bbox 769 2204 834 2263; x_wconf 92' lang='lat' dir='ltr'>et</span> <span class='ocrx_word' id='word_1_172' title='bbox 884 2215 1118 2282; x_wconf 81' lang='lat' dir='ltr'>opere3</span> <span class='ocrx_word' id='word_1_173' title='bbox 1169 2197 1257 2264; x_wconf 89' lang='lat' dir='ltr'>ita</span> <span class='ocrx_word' id='word_1_174' title='bbox 1306 2197 1524 2280; x_wconf 88' lang='lat' dir='ltr'>corde,</span> <span class='ocrx_word' id='word_1_175' title='bbox 1575 2216 1692 2267; x_wconf 90' lang='lat' dir='ltr'>ore</span> <span class='ocrx_word' id='word_1_176' title='bbox 1724 2204 1789 2265; x_wconf 92' lang='lat' dir='ltr'>et</span> <span class='ocrx_word' id='word_1_177' title='bbox 1847 2216 2046 2282; x_wconf 86' lang='lat' dir='ltr'>opere</span> <span class='ocrx_word' id='word_1_178' title='bbox 2102 2195 2507 2265; x_wconf 86' lang='lat' dir='ltr'>inhonorari.</span> <span class='ocrx_word' id='word_1_179' title='bbox 2558 2197 2748 2264; x_wconf 83' lang='lat' dir='ltr'>Atta—</span> 
     </span>
     <span class='ocr_line' id='line_1_20' title="bbox 198 2300 2743 2392; baseline 0.001 -24"><span class='ocrx_word' id='word_1_180' title='bbox 198 2316 312 2368; x_wconf 88' lang='lat' dir='ltr'>men</span> <span class='ocrx_word' id='word_1_181' title='bbox 362 2300 408 2367; x_wconf 89' lang='lat' dir='ltr'>si</span> <span class='ocrx_word' id='word_1_182' title='bbox 455 2301 518 2369; x_wconf 91' lang='lat' dir='ltr'>in</span> <span class='ocrx_word' id='word_1_183' title='bbox 569 2303 732 2372; x_wconf 91' lang='lat' dir='ltr'>solis</span> <span class='ocrx_word' id='word_1_184' title='bbox 780 2304 966 2373; x_wconf 79' lang='lat' dir='ltr'>sactis</span> <span class='ocrx_word' id='word_1_185' title='bbox 1001 2305 1305 2373; x_wconf 83' lang='lat' dir='ltr'>consistit</span> <span class='ocrx_word' id='word_1_186' title='bbox 1353 2305 1787 2391; x_wconf 88' lang='lat' dir='ltr'>blasphemia,</span> <span class='ocrx_word' id='word_1_187' title='bbox 1821 2305 2167 2392; x_wconf 81' lang='lat' dir='ltr'>impropria</span> <span class='ocrx_word' id='word_1_188' title='bbox 2213 2303 2338 2372; x_wconf 89' lang='lat' dir='ltr'>dici</span> <span class='ocrx_word' id='word_1_189' title='bbox 2380 2303 2743 2373; x_wconf 75' lang='lat' dir='ltr'>consuevit.</span> 
     </span>
    </p>

    <p class='ocr_par' dir='ltr' id='par_1_7' title="bbox 198 2410 2753 4024">
     <span class='ocr_line' id='line_1_21' title="bbox 346 2410 2747 2498; baseline 0.001 -22"><span class='ocrx_word' id='word_1_190' title='bbox 346 2410 398 2476; x_wconf 85' lang='lat'>3.</span> <span class='ocrx_word' id='word_1_191' title='bbox 444 2410 716 2479; x_wconf 76' lang='lat' dir='ltr'>Ratione</span> <span class='ocrx_word' id='word_1_192' title='bbox 763 2413 1106 2493; x_wconf 80' lang='lat' dir='ltr'>verborum,</span> <span class='ocrx_word' id='word_1_193' title='bbox 1153 2413 1560 2498; x_wconf 87' lang='lat' dir='ltr'>blasphemia</span> <span class='ocrx_word' id='word_1_194' title='bbox 1610 2412 1735 2480; x_wconf 89' lang='lat' dir='ltr'>alia</span> <span class='ocrx_word' id='word_1_195' title='bbox 1786 2419 1885 2479; x_wconf 90' lang='lat' dir='ltr'>est</span> <span class='ocrx_word' id='word_1_196' title='bbox 1958 2410 2257 2497; x_wconf 83' lang='lat' dir='ltr'>simplex,</span> <span class='ocrx_word' id='word_1_197' title='bbox 2331 2411 2451 2478; x_wconf 88' lang='lat' dir='ltr'>alia</span> <span class='ocrx_word' id='word_1_198' title='bbox 2524 2411 2747 2479; x_wconf 83' lang='lat' dir='ltr'>haere-</span> 
     </span>
     <span class='ocr_line' id='line_1_22' title="bbox 204 2514 2749 2607; baseline 0.001 -25"><span class='ocrx_word' id='word_1_199' title='bbox 204 2514 316 2601; x_wconf 80' lang='lat' dir='ltr'>tica,</span> <span class='ocrx_word' id='word_1_200' title='bbox 360 2519 472 2586; x_wconf 90' lang='lat' dir='ltr'>alia</span> <span class='ocrx_word' id='word_1_201' title='bbox 521 2518 937 2605; x_wconf 87' lang='lat' dir='ltr'>haereticalis,</span> <span class='ocrx_word' id='word_1_202' title='bbox 988 2521 1111 2587; x_wconf 89' lang='lat' dir='ltr'>alia</span> <span class='ocrx_word' id='word_1_203' title='bbox 1154 2521 1595 2607; x_wconf 67' lang='lat' dir='ltr'>imprecative,</span> <span class='ocrx_word' id='word_1_204' title='bbox 1660 2520 1783 2589; x_wconf 89' lang='lat' dir='ltr'>alia</span> <span class='ocrx_word' id='word_1_205' title='bbox 1854 2519 2372 2589; x_wconf 87' lang='lat' dir='ltr'>dehonestativa.</span> <span class='ocrx_word' id='word_1_206' title='bbox 2442 2521 2749 2606; x_wconf 71' lang='lat' dir='ltr'>Simplex,</span> 
     </span>
     <span class='ocr_line' id='line_1_23' title="bbox 198 2624 2737 2713; baseline 0.002 -25"><span class='ocrx_word' id='word_1_207' title='bbox 198 2639 288 2689; x_wconf 88' lang='lat' dir='ltr'>seu</span> <span class='ocrx_word' id='word_1_208' title='bbox 333 2625 510 2707; x_wconf 90' lang='lat' dir='ltr'>nuda,</span> <span class='ocrx_word' id='word_1_209' title='bbox 556 2633 657 2694; x_wconf 88' lang='lat' dir='ltr'>est</span> <span class='ocrx_word' id='word_1_210' title='bbox 706 2627 954 2695; x_wconf 90' lang='lat' dir='ltr'>locutio</span> <span class='ocrx_word' id='word_1_211' title='bbox 1005 2628 1069 2695; x_wconf 90' lang='lat' dir='ltr'>in</span> <span class='ocrx_word' id='word_1_212' title='bbox 1119 2630 1329 2695; x_wconf 91' lang='lat' dir='ltr'>Deum</span> <span class='ocrx_word' id='word_1_213' title='bbox 1377 2628 1880 2709; x_wconf 85' lang='lat' dir='ltr'>contumeliosa,</span> <span class='ocrx_word' id='word_1_214' title='bbox 1935 2627 2092 2713; x_wconf 87' lang='lat' dir='ltr'>quin</span> <span class='ocrx_word' id='word_1_215' title='bbox 2163 2626 2355 2693; x_wconf 88' lang='lat' dir='ltr'>aliam</span> <span class='ocrx_word' id='word_1_216' title='bbox 2421 2624 2737 2693; x_wconf 89' lang='lat' dir='ltr'>malitiam</span> 
     </span>
     <span class='ocr_line' id='line_1_24' title="bbox 199 2728 2747 2821; baseline 0.002 -27"><span class='ocrx_word' id='word_1_217' title='bbox 199 2728 465 2800; x_wconf 85' lang='lat' dir='ltr'>includat.</span> <span class='ocrx_word' id='word_1_218' title='bbox 513 2735 824 2802; x_wconf 82' lang='lat' dir='ltr'>Haeretica</span> <span class='ocrx_word' id='word_1_219' title='bbox 873 2741 977 2804; x_wconf 90' lang='lat' dir='ltr'>est</span> <span class='ocrx_word' id='word_1_220' title='bbox 1025 2754 1174 2821; x_wconf 85' lang='lat' dir='ltr'>quae</span> <span class='ocrx_word' id='word_1_221' title='bbox 1226 2735 1520 2805; x_wconf 85' lang='lat' dir='ltr'>continet</span> <span class='ocrx_word' id='word_1_222' title='bbox 1570 2736 1765 2804; x_wconf 92' lang='lat' dir='ltr'>etiam</span> <span class='ocrx_word' id='word_1_223' title='bbox 1811 2735 2150 2817; x_wconf 74' lang='lat' dir='ltr'>haeresim,</span> <span class='ocrx_word' id='word_1_224' title='bbox 2186 2751 2335 2819; x_wconf 71' lang='lat' dir='ltr'>quae</span> <span class='ocrx_word' id='word_1_225' title='bbox 2374 2751 2609 2819; x_wconf 90' lang='lat' dir='ltr'>nempe</span> <span class='ocrx_word' id='word_1_226' title='bbox 2643 2732 2747 2800; x_wconf 82' lang='lat' dir='ltr'>vel</span> 
     </span>
     <span class='ocr_line' id='line_1_25' title="bbox 199 2838 2753 2928; baseline 0.001 -25"><span class='ocrx_word' id='word_1_227' title='bbox 199 2848 351 2922; x_wconf 85' lang='lat' dir='ltr'>negat</span> <span class='ocrx_word' id='word_1_228' title='bbox 395 2843 530 2909; x_wconf 92' lang='lat' dir='ltr'>Deo</span> <span class='ocrx_word' id='word_1_229' title='bbox 581 2842 762 2928; x_wconf 91' lang='lat' dir='ltr'>quod</span> <span class='ocrx_word' id='word_1_230' title='bbox 811 2843 976 2913; x_wconf 85' lang='lat' dir='ltr'>fides</span> <span class='ocrx_word' id='word_1_231' title='bbox 1025 2843 1218 2913; x_wconf 89' lang='lat' dir='ltr'>docet</span> <span class='ocrx_word' id='word_1_232' title='bbox 1269 2843 1360 2910; x_wconf 91' lang='lat' dir='ltr'>illi</span> <span class='ocrx_word' id='word_1_233' title='bbox 1412 2838 1785 2927; x_wconf 86' lang='lat' dir='ltr'>convenire,</span> <span class='ocrx_word' id='word_1_234' title='bbox 1827 2862 1882 2910; x_wconf 76' lang='grc' dir='ltr'>ν.</span> <span class='ocrx_word' id='word_1_235' title='bbox 1921 2861 2002 2927; x_wconf 86' lang='lat' dir='ltr'>g.,</span> <span class='ocrx_word' id='word_1_236' title='bbox 2045 2842 2097 2910; x_wconf 89' lang='lat' dir='ltr'>si</span> <span class='ocrx_word' id='word_1_237' title='bbox 2135 2842 2282 2928; x_wconf 88' lang='lat' dir='ltr'>quis</span> <span class='ocrx_word' id='word_1_238' title='bbox 2318 2839 2510 2923; x_wconf 88' lang='lat' dir='ltr'>dicat,</span> <span class='ocrx_word' id='word_1_239' title='bbox 2548 2843 2753 2907; x_wconf 80' lang='lat' dir='ltr'>Deum.</span> 
     </span>
     <span class='ocr_line' id='line_1_26' title="bbox 199 2945 2751 3035; baseline 0.001 -25"><span class='ocrx_word' id='word_1_240' title='bbox 199 2962 293 3011; x_wconf 79' lang='lat' dir='ltr'>uon</span> <span class='ocrx_word' id='word_1_241' title='bbox 330 2968 445 3015; x_wconf 76' lang='lat' dir='ltr'>esse</span> <span class='ocrx_word' id='word_1_242' title='bbox 477 2951 745 3035; x_wconf 80' lang='lat' dir='ltr'>justum,</span> <span class='ocrx_word' id='word_1_243' title='bbox 787 2971 901 3018; x_wconf 83' lang='lat' dir='ltr'>nec</span> <span class='ocrx_word' id='word_1_244' title='bbox 944 2963 1271 3031; x_wconf 77' lang='lat' dir='ltr'>sanctum;</span> <span class='ocrx_word' id='word_1_245' title='bbox 1318 2950 1416 3019; x_wconf 90' lang='lat' dir='ltr'>vel</span> <span class='ocrx_word' id='word_1_246' title='bbox 1482 2949 1697 3019; x_wconf 87' lang='lat' dir='ltr'>eidem</span> <span class='ocrx_word' id='word_1_247' title='bbox 1762 2949 2059 3019; x_wconf 82' lang='lat' dir='ltr'>attribuit</span> <span class='ocrx_word' id='word_1_248' title='bbox 2118 2947 2299 3035; x_wconf 88' lang='lat' dir='ltr'>quod</span> <span class='ocrx_word' id='word_1_249' title='bbox 2368 2947 2531 3014; x_wconf 87' lang='lat' dir='ltr'>fides</span> <span class='ocrx_word' id='word_1_250' title='bbox 2591 2945 2751 3013; x_wconf 84' lang='lat' dir='ltr'>infi-</span> 
     </span>
     <span class='ocr_line' id='line_1_27' title="bbox 202 3051 2751 3144; baseline 0.002 -28"><span class='ocrx_word' id='word_1_251' title='bbox 202 3051 381 3136; x_wconf 79' lang='lat' dir='ltr'>ciatur,</span> <span class='ocrx_word' id='word_1_252' title='bbox 427 3074 481 3122; x_wconf 81' lang='lat' dir='ltr'>v,</span> <span class='ocrx_word' id='word_1_253' title='bbox 531 3075 613 3142; x_wconf 86' lang='lat' dir='ltr'>g.,</span> <span class='ocrx_word' id='word_1_254' title='bbox 664 3059 719 3126; x_wconf 89' lang='lat' dir='ltr'>si</span> <span class='ocrx_word' id='word_1_255' title='bbox 771 3059 918 3143; x_wconf 85' lang='lat' dir='ltr'>quis</span> <span class='ocrx_word' id='word_1_256' title='bbox 968 3058 1164 3126; x_wconf 86' lang='lat' dir='ltr'>dicat·</span> <span class='ocrx_word' id='word_1_257' title='bbox 1188 3063 1386 3126; x_wconf 81' lang='lat' dir='ltr'>Deum</span> <span class='ocrx_word' id='word_1_258' title='bbox 1432 3079 1557 3125; x_wconf 79' lang='lat' dir='ltr'>esse</span> <span class='ocrx_word' id='word_1_259' title='bbox 1587 3071 1901 3125; x_wconf 81' lang='lat' dir='ltr'>auctorem</span> <span class='ocrx_word' id='word_1_260' title='bbox 1925 3057 2182 3144; x_wconf 82' lang='lat' dir='ltr'>peccati.</span> <span class='ocrx_word' id='word_1_261' title='bbox 2222 3054 2395 3124; x_wconf 90' lang='lat' dir='ltr'>Talis</span> <span class='ocrx_word' id='word_1_262' title='bbox 2438 3053 2751 3139; x_wconf 82' lang='lat' dir='ltr'>blasphe-</span> 
     </span>
     <span class='ocr_line' id='line_1_28' title="bbox 202 3158 2745 3252; baseline 0.001 -28"><span class='ocrx_word' id='word_1_263' title='bbox 202 3158 294 3225; x_wconf 87' lang='lat' dir='ltr'>mia</span> <span class='ocrx_word' id='word_1_264' title='bbox 337 3171 428 3230; x_wconf 89' lang='lat' dir='ltr'>est</span> <span class='ocrx_word' id='word_1_265' title='bbox 481 3174 807 3249; x_wconf 79' lang='lat' dir='ltr'>reservata</span> <span class='ocrx_word' id='word_1_266' title='bbox 860 3165 924 3233; x_wconf 89' lang='lat' dir='ltr'>in</span> <span class='ocrx_word' id='word_1_267' title='bbox 972 3166 1159 3234; x_wconf 89' lang='lat' dir='ltr'>Bulla</span> <span class='ocrx_word' id='word_1_268' title='bbox 1211 3169 1427 3249; x_wconf 81' lang='lat' dir='ltr'>Coenoe,</span> <span class='ocrx_word' id='word_1_269' title='bbox 1484 3165 1747 3252; x_wconf 85' lang='lat' dir='ltr'>quando</span> <span class='ocrx_word' id='word_1_270' title='bbox 1820 3164 1930 3250; x_wconf 85' lang='lat' dir='ltr'>qui</span> <span class='ocrx_word' id='word_1_271' title='bbox 1983 3182 2126 3232; x_wconf 88' lang='lat' dir='ltr'>eam</span> <span class='ocrx_word' id='word_1_272' title='bbox 2202 3162 2473 3249; x_wconf 78' lang='lat' dir='ltr'>profert,</span> <span class='ocrx_word' id='word_1_273' title='bbox 2523 3160 2745 3228; x_wconf 88' lang='lat' dir='ltr'>animo</span> 
     </span>
     <span class='ocr_line' id='line_1_29' title="bbox 203 3266 2751 3361; baseline 0.002 -31"><span class='ocrx_word' id='word_1_274' title='bbox 203 3266 353 3335; x_wconf 83' lang='lat' dir='ltr'>etiam</span> <span class='ocrx_word' id='word_1_275' title='bbox 399 3272 624 3340; x_wconf 88' lang='lat' dir='ltr'>credit.</span> <span class='ocrx_word' id='word_1_276' title='bbox 678 3272 866 3353; x_wconf 89' lang='lat' dir='ltr'>Quod</span> <span class='ocrx_word' id='word_1_277' title='bbox 916 3274 970 3342; x_wconf 90' lang='lat' dir='ltr'>si</span> <span class='ocrx_word' id='word_1_278' title='bbox 1020 3274 1164 3342; x_wconf 74' lang='lat' dir='ltr'>haec</span> <span class='ocrx_word' id='word_1_279' title='bbox 1236 3274 1579 3361; x_wconf 85' lang='lat' dir='ltr'>proferens</span> <span class='ocrx_word' id='word_1_280' title='bbox 1656 3291 1789 3355; x_wconf 88' lang='lat' dir='ltr'>ore,</span> <span class='ocrx_word' id='word_1_281' title='bbox 1862 3291 1991 3339; x_wconf 87' lang='lat' dir='ltr'>non</span> <span class='ocrx_word' id='word_1_282' title='bbox 2044 3268 2264 3339; x_wconf 90' lang='lat' dir='ltr'>credat</span> <span class='ocrx_word' id='word_1_283' title='bbox 2312 3266 2532 3351; x_wconf 88' lang='lat' dir='ltr'>corde,</span> <span class='ocrx_word' id='word_1_284' title='bbox 2586 3274 2751 3336; x_wconf 85' lang='lat' dir='ltr'>tunc</span> 
     </span>
     <span class='ocr_line' id='line_1_30' title="bbox 202 3371 2744 3468; baseline 0.001 -31"><span class='ocrx_word' id='word_1_285' title='bbox 202 3371 433 3444; x_wconf 83' lang='lat' dir='ltr'>habetur</span> <span class='ocrx_word' id='word_1_286' title='bbox 475 3381 848 3447; x_wconf 76' lang='lat' dir='ltr'>haereticalis</span> <span class='ocrx_word' id='word_1_287' title='bbox 885 3381 1314 3467; x_wconf 89' lang='lat' dir='ltr'>blasphemia.</span> <span class='ocrx_word' id='word_1_288' title='bbox 1387 3380 1803 3468; x_wconf 82' lang='lat' dir='ltr'>Imprecaciva</span> <span class='ocrx_word' id='word_1_289' title='bbox 1874 3385 1975 3447; x_wconf 90' lang='lat' dir='ltr'>est</span> <span class='ocrx_word' id='word_1_290' title='bbox 2024 3396 2172 3446; x_wconf 87' lang='lat' dir='ltr'>cum</span> <span class='ocrx_word' id='word_1_291' title='bbox 2224 3377 2372 3463; x_wconf 84' lang='lat' dir='ltr'>quis</span> <span class='ocrx_word' id='word_1_292' title='bbox 2422 3379 2559 3445; x_wconf 93' lang='lat' dir='ltr'>Deo</span> <span class='ocrx_word' id='word_1_293' title='bbox 2610 3393 2744 3441; x_wconf 91' lang='lat' dir='ltr'>ma-</span> 
     </span>
     <span class='ocr_line' id='line_1_31' title="bbox 201 3478 2749 3576; baseline 0.002 -31"><span class='ocrx_word' id='word_1_294' title='bbox 201 3478 306 3549; x_wconf 90' lang='lat' dir='ltr'>lum</span> <span class='ocrx_word' id='word_1_295' title='bbox 343 3486 755 3574; x_wconf 84' lang='lat' dir='ltr'>imprecatur,</span> <span class='ocrx_word' id='word_1_296' title='bbox 801 3509 855 3555; x_wconf 81' lang='lat' dir='ltr'>v,</span> <span class='ocrx_word' id='word_1_297' title='bbox 900 3508 986 3574; x_wconf 84' lang='lat' dir='ltr'>g.,</span> <span class='ocrx_word' id='word_1_298' title='bbox 1037 3489 1090 3557; x_wconf 86' lang='lat' dir='ltr'>si</span> <span class='ocrx_word' id='word_1_299' title='bbox 1141 3487 1350 3556; x_wconf 86' lang='lat' dir='ltr'>dicat:</span> <span class='ocrx_word' id='word_1_300' title='bbox 1394 3500 1608 3576; x_wconf 78' lang='lat' dir='ltr'>pareat</span> <span class='ocrx_word' id='word_1_301' title='bbox 1678 3491 1865 3555; x_wconf 80' lang='lat' dir='ltr'>Deus.</span> <span class='ocrx_word' id='word_1_302' title='bbox 1911 3485 2199 3555; x_wconf 82' lang='lat' dir='ltr'>Tandem</span> <span class='ocrx_word' id='word_1_303' title='bbox 2261 3484 2749 3565; x_wconf 79' lang='lat' dir='ltr'>dehonestativa,</span> 
     </span>
     <span class='ocr_line' id='line_1_32' title="bbox 202 3594 2741 3682; baseline 0.001 -28"><span class='ocrx_word' id='word_1_304' title='bbox 202 3605 316 3657; x_wconf 69' lang='lat' dir='ltr'>vera</span> <span class='ocrx_word' id='word_1_305' title='bbox 355 3594 610 3678; x_wconf 87' lang='lat' dir='ltr'>quidem</span> <span class='ocrx_word' id='word_1_306' title='bbox 661 3594 742 3663; x_wconf 91' lang='lat' dir='ltr'>de</span> <span class='ocrx_word' id='word_1_307' title='bbox 789 3598 928 3664; x_wconf 93' lang='lat' dir='ltr'>Deo</span> <span class='ocrx_word' id='word_1_308' title='bbox 980 3596 1378 3682; x_wconf 86' lang='lat' dir='ltr'>pronuntiat,</span> <span class='ocrx_word' id='word_1_309' title='bbox 1432 3595 1548 3663; x_wconf 82' lang='lat' dir='ltr'>sed</span> <span class='ocrx_word' id='word_1_310' title='bbox 1595 3594 2056 3675; x_wconf 87' lang='lat' dir='ltr'>irreverenter,</span> <span class='ocrx_word' id='word_1_311' title='bbox 2111 3612 2228 3678; x_wconf 91' lang='lat' dir='ltr'>per</span> <span class='ocrx_word' id='word_1_312' title='bbox 2264 3596 2741 3676; x_wconf 84' lang='lat' dir='ltr'>contemptum,</span> 
     </span>
     <span class='ocr_line' id='line_1_33' title="bbox 204 3698 2739 3789; baseline 0 -28"><span class='ocrx_word' id='word_1_313' title='bbox 204 3711 262 3763; x_wconf 82' lang='lat' dir='ltr'>ex</span> <span class='ocrx_word' id='word_1_314' title='bbox 301 3698 378 3765; x_wconf 90' lang='lat' dir='ltr'>ira</span> <span class='ocrx_word' id='word_1_315' title='bbox 422 3712 484 3769; x_wconf 93' lang='lat' dir='ltr'>et</span> <span class='ocrx_word' id='word_1_316' title='bbox 533 3703 705 3771; x_wconf 87' lang='lat' dir='ltr'>malo</span> <span class='ocrx_word' id='word_1_317' title='bbox 741 3704 959 3772; x_wconf 85' lang='lat' dir='ltr'>animo</span> <span class='ocrx_word' id='word_1_318' title='bbox 1011 3722 1162 3789; x_wconf 86' lang='lat' dir='ltr'>erga</span> <span class='ocrx_word' id='word_1_319' title='bbox 1210 3707 1453 3772; x_wconf 88' lang='lat' dir='ltr'>Deum:</span> <span class='ocrx_word' id='word_1_320' title='bbox 1505 3702 1705 3770; x_wconf 88' lang='lat' dir='ltr'>talem</span> <span class='ocrx_word' id='word_1_321' title='bbox 1757 3701 2031 3788; x_wconf 89' lang='lat' dir='ltr'>protulit</span> <span class='ocrx_word' id='word_1_322' title='bbox 2103 3698 2579 3786; x_wconf 76' lang='lat' dir='ltr'>blasphemiam</span> <span class='ocrx_word' id='word_1_323' title='bbox 2625 3699 2739 3763; x_wconf 85' lang='lat' dir='ltr'>Ju-</span> 
     </span>
     <span class='ocr_line' id='line_1_34' title="bbox 203 3798 2752 3897; baseline 0.001 -32"><span class='ocrx_word' id='word_1_324' title='bbox 203 3798 370 3873; x_wconf 86' lang='lat' dir='ltr'>lianus</span> <span class='ocrx_word' id='word_1_325' title='bbox 413 3812 747 3895; x_wconf 74' lang='lat' dir='ltr'>Apostata,</span> <span class='ocrx_word' id='word_1_326' title='bbox 798 3828 947 3879; x_wconf 89' lang='lat' dir='ltr'>cum</span> <span class='ocrx_word' id='word_1_327' title='bbox 998 3810 1195 3878; x_wconf 88' lang='lat' dir='ltr'>morti</span> <span class='ocrx_word' id='word_1_328' title='bbox 1253 3810 1595 3897; x_wconf 82' lang='lat' dir='ltr'>proximus</span> <span class='ocrx_word' id='word_1_329' title='bbox 1650 3810 1741 3876; x_wconf 85' lang='lat' dir='ltr'>ira</span> <span class='ocrx_word' id='word_1_330' title='bbox 1778 3810 1840 3877; x_wconf 91' lang='lat' dir='ltr'>in</span> <span class='ocrx_word' id='word_1_331' title='bbox 1884 3808 2220 3877; x_wconf 85' lang='lat' dir='ltr'>Christum</span> <span class='ocrx_word' id='word_1_332' title='bbox 2257 3803 2752 3874; x_wconf 80' lang='lat' dir='ltr'>excandescens</span> 
     </span>
     <span class='ocr_line' id='line_1_35' title="bbox 205 3907 2633 4024; baseline 0.003 -48"><span class='ocrx_word' id='word_1_333' title='bbox 205 3907 358 3997; x_wconf 88' lang='lat' dir='ltr'>impie</span> <span class='ocrx_word' id='word_1_334' title='bbox 400 3917 812 3985; x_wconf 83' lang='lat' dir='ltr'>exclamavit:</span> <span class='ocrx_word' id='word_1_335' title='bbox 873 3918 1100 4001; x_wconf 78' lang='lat' dir='ltr'>Vicisti,</span> <span class='ocrx_word' id='word_1_336' title='bbox 1142 3917 1416 3998; x_wconf 82' lang='lat' dir='ltr'>Galiloee,</span> <span class='ocrx_word' id='word_1_337' title='bbox 1466 3916 1667 3983; x_wconf 78' lang='lat' dir='ltr'>vicis-ti</span> <span class='ocrx_word' id='word_1_338' title='bbox 1700 3910 1774 3982; x_wconf 87' lang='lat'>²!</span> <span class='ocrx_word' id='word_1_339' title='bbox 2622 4012 2633 4024; x_wconf 93' lang='lat'><strong>.</strong></span> 
     </span>
    </p>

    <p class='ocr_par' dir='ltr' id='par_1_8' title="bbox 209 4010 2751 4324">
     <span class='ocr_line' id='line_1_36' title="bbox 339 4010 2751 4110; baseline -0.003 -23"><span class='ocrx_word' id='word_1_340' title='bbox 339 4010 391 4087; x_wconf 77' lang='lat'>4.</span> <span class='ocrx_word' id='word_1_341' title='bbox 439 4024 711 4091; x_wconf 61' lang='lat' dir='ltr'>Ratione</span> <span class='ocrx_word' id='word_1_342' title='bbox 759 4025 974 4110; x_wconf 80' lang='lat' dir='ltr'>objecti</span> <span class='ocrx_word' id='word_1_343' title='bbox 1021 4022 1333 4091; x_wconf 83' lang='lat' dir='ltr'>dividitur</span> <span class='ocrx_word' id='word_1_344' title='bbox 1379 4022 1787 4108; x_wconf 89' lang='lat' dir='ltr'>blasphemia</span> <span class='ocrx_word' id='word_1_345' title='bbox 1837 4022 1901 4089; x_wconf 92' lang='lat' dir='ltr'>in</span> <span class='ocrx_word' id='word_1_346' title='bbox 1953 4038 2122 4103; x_wconf 92' lang='lat' dir='ltr'>eam,</span> <span class='ocrx_word' id='word_1_347' title='bbox 2164 4035 2311 4103; x_wconf 86' lang='lat' dir='ltr'>quae</span> <span class='ocrx_word' id='word_1_348' title='bbox 2362 4015 2571 4084; x_wconf 86' lang='lat' dir='ltr'>fertur</span> <span class='ocrx_word' id='word_1_349' title='bbox 2619 4030 2751 4080; x_wconf 79' lang='lat' dir='ltr'>lm-</span> 
     </span>
     <span class='ocr_line' id='line_1_37' title="bbox 209 4125 2747 4216; baseline -0 -24"><span class='ocrx_word' id='word_1_350' title='bbox 209 4127 433 4198; x_wconf 87' lang='lat' dir='ltr'>mediate</span> <span class='ocrx_word' id='word_1_351' title='bbox 480 4131 578 4200; x_wconf 78' lang='lat' dir='ltr'>vel</span> <span class='ocrx_word' id='word_1_352' title='bbox 631 4132 695 4199; x_wconf 91' lang='lat' dir='ltr'>in</span> <span class='ocrx_word' id='word_1_353' title='bbox 746 4134 957 4200; x_wconf 90' lang='lat' dir='ltr'>Deum</span> <span class='ocrx_word' id='word_1_354' title='bbox 1007 4132 1105 4201; x_wconf 83' lang='lat' dir='ltr'>vel</span> <span class='ocrx_word' id='word_1_355' title='bbox 1151 4132 1212 4199; x_wconf 89' lang='lat' dir='ltr'>in</span> <span class='ocrx_word' id='word_1_356' title='bbox 1262 4133 1525 4199; x_wconf 87' lang='lat' dir='ltr'>Beatam</span> <span class='ocrx_word' id='word_1_357' title='bbox 1577 4130 1911 4216; x_wconf 83' lang='lat' dir='ltr'>Virginem</span> <span class='ocrx_word' id='word_1_358' title='bbox 1961 4129 2062 4197; x_wconf 86' lang='lat' dir='ltr'>vel</span> <span class='ocrx_word' id='word_1_359' title='bbox 2112 4127 2177 4195; x_wconf 90' lang='lat' dir='ltr'>in</span> <span class='ocrx_word' id='word_1_360' title='bbox 2227 4127 2528 4193; x_wconf 88' lang='lat' dir='ltr'>Sanctos.</span> <span class='ocrx_word' id='word_1_361' title='bbox 2582 4125 2747 4204; x_wconf 84' lang='lat' dir='ltr'>Quae</span> 
     </span>
     <span class='ocr_line' id='line_1_38' title="bbox 209 4228 2743 4324; baseline -0 -27"><span class='ocrx_word' id='word_1_362' title='bbox 209 4228 387 4303; x_wconf 83' lang='lat' dir='ltr'>divisio</span> <span class='ocrx_word' id='word_1_363' title='bbox 435 4239 721 4323; x_wconf 86' lang='lat' dir='ltr'>ponitur,</span> <span class='ocrx_word' id='word_1_364' title='bbox 763 4239 914 4324; x_wconf 89' lang='lat' dir='ltr'>quia</span> <span class='ocrx_word' id='word_1_365' title='bbox 962 4238 1025 4307; x_wconf 91' lang='lat' dir='ltr'>in</span> <span class='ocrx_word' id='word_1_366' title='bbox 1077 4237 1411 4306; x_wconf 89' lang='lat' dir='ltr'>nonnullis</span> <span class='ocrx_word' id='word_1_367' title='bbox 1461 4237 1742 4324; x_wconf 88' lang='lat' dir='ltr'>Synodis</span> <span class='ocrx_word' id='word_1_368' title='bbox 1811 4237 2138 4305; x_wconf 89' lang='lat' dir='ltr'>habentur</span> <span class='ocrx_word' id='word_1_369' title='bbox 2203 4237 2552 4301; x_wconf 84' lang='lat' dir='ltr'>reservatae</span> <span class='ocrx_word' id='word_1_370' title='bbox 2602 4228 2743 4298; x_wconf 86' lang='lat' dir='ltr'>bla&#39;-</span> 
     </span>
    </p>
   </div>
   <div class='ocr_carea' id='block_1_4' title="bbox 208 4478 2759 4851">
    <p class='ocr_par' dir='ltr' id='par_1_9' title="bbox 208 4478 2759 4744">
     <span class='ocr_line' id='line_1_39' title="bbox 249 4478 2755 4562; baseline -0.003 -30"><span class='ocrx_word' id='word_1_371' title='bbox 249 4478 439 4537; x_wconf 86' lang='lat' dir='ltr'>¹1nira</span> <span class='ocrx_word' id='word_1_372' title='bbox 468 4498 732 4551; x_wconf 82' lang='lat' dir='ltr'>usurpare</span> <span class='ocrx_word' id='word_1_373' title='bbox 764 4485 1060 4537; x_wconf 81' lang='lat' dir='ltr'>daemonem</span> <span class='ocrx_word' id='word_1_374' title='bbox 1094 4485 1209 4538; x_wconf 86' lang='lat' dir='ltr'>sine</span> <span class='ocrx_word' id='word_1_375' title='bbox 1245 4485 1625 4549; x_wconf 80' lang='lat' dir='ltr'>imprecatione</span> <span class='ocrx_word' id='word_1_376' title='bbox 1660 4492 1769 4534; x_wconf 89' lang='lat' dir='ltr'>non</span> <span class='ocrx_word' id='word_1_377' title='bbox 1804 4483 1882 4533; x_wconf 89' lang='lat' dir='ltr'>est</span> <span class='ocrx_word' id='word_1_378' title='bbox 1943 4493 2007 4554; x_wconf 42' lang='lat' dir='ltr'>,er</span> <span class='ocrx_word' id='word_1_379' title='bbox 2039 4492 2094 4532; x_wconf 87' lang='lat' dir='ltr'>se</span> <span class='ocrx_word' id='word_1_380' title='bbox 2145 4479 2453 4543; x_wconf 87' lang='lat' dir='ltr'>peccatum:</span> <span class='ocrx_word' id='word_1_381' title='bbox 2506 4479 2588 4562; x_wconf 63' lang='lat' dir='ltr'>at⁴</span> <span class='ocrx_word' id='word_1_382' title='bbox 2618 4487 2755 4547; x_wconf 55' lang='lat' dir='ltr'>asse</span> 
     </span>
     <span class='ocr_line' id='line_1_40' title="bbox 209 4538 2751 4617; baseline -0.004 -23"><span class='ocrx_word' id='word_1_383' title='bbox 209 4540 287 4594; x_wconf 81' lang='lat' dir='ltr'>dua</span> <span class='ocrx_word' id='word_1_384' title='bbox 311 4548 584 4601; x_wconf 85' lang='lat' dir='ltr'>nominatio</span> <span class='ocrx_word' id='word_1_385' title='bbox 618 4560 728 4600; x_wconf 91' lang='lat' dir='ltr'>non</span> <span class='ocrx_word' id='word_1_386' title='bbox 775 4548 925 4602; x_wconf 88' lang='lat' dir='ltr'>decet</span> <span class='ocrx_word' id='word_1_387' title='bbox 969 4548 1340 4609; x_wconf 81' lang='lat' dir='ltr'>christianum,</span> <span class='ocrx_word' id='word_1_388' title='bbox 1391 4548 1443 4599; x_wconf 93' lang='lat' dir='ltr'>et</span> <span class='ocrx_word' id='word_1_389' title='bbox 1475 4548 1684 4598; x_wconf 83' lang='lat' dir='ltr'>ratione</span> <span class='ocrx_word' id='word_1_390' title='bbox 1717 4544 1954 4595; x_wconf 78' lang='lat' dir='ltr'>scandat</span> <span class='ocrx_word' id='word_1_391' title='bbox 2007 4543 2180 4617; x_wconf 76' lang='lat' dir='ltr'>potest</span> <span class='ocrx_word' id='word_1_392' title='bbox 2227 4553 2369 4594; x_wconf 84' lang='lat' dir='ltr'>esse·</span> <span class='ocrx_word' id='word_1_393' title='bbox 2394 4552 2588 4615; x_wconf 38' lang='lat' dir='ltr'>grave..</span> <span class='ocrx_word' id='word_1_394' title='bbox 2622 4538 2751 4589; x_wconf 75' lang='lat' dir='ltr'>hine</span> 
     </span>
     <span class='ocr_line' id='line_1_41' title="bbox 208 4601 2759 4668; baseline -0.004 -7"><span class='ocrx_word' id='word_1_395' title='bbox 208 4603 484 4668; x_wconf 78' lang='lat' dir='ltr'>improbandi</span> <span class='ocrx_word' id='word_1_396' title='bbox 555 4612 608 4663; x_wconf 85' lang='lat' dir='ltr'>ui</span> <span class='ocrx_word' id='word_1_397' title='bbox 642 4611 711 4661; x_wconf 83' lang='lat' dir='ltr'>ad</span> <span class='ocrx_word' id='word_1_398' title='bbox 745 4611 1044 4663; x_wconf 83' lang='lat' dir='ltr'>omne·tere</span> <span class='ocrx_word' id='word_1_399' title='bbox 1067 4610 1292 4665; x_wconf 78' lang='lat' dir='ltr'>verbum</span> <span class='ocrx_word' id='word_1_400' title='bbox 1327 4610 1514 4664; x_wconf 86' lang='lat' dir='ltr'>dicunt</span> <span class='ocrx_word' id='word_1_401' title='bbox 1545 4608 1610 4659; x_wconf 77' lang='lat' dir='ltr'>oh</span> <span class='ocrx_word' id='word_1_402' title='bbox 1651 4608 1898 4659; x_wconf 80' lang='lat' dir='ltr'>diavolo!</span> <span class='ocrx_word' id='word_1_403' title='bbox 1948 4616 2179 4659; x_wconf 78' lang='lat' dir='ltr'>maxime</span> <span class='ocrx_word' id='word_1_404' title='bbox 2210 4607 2255 4658; x_wconf 86' lang='lat' dir='ltr'>si</span> <span class='ocrx_word' id='word_1_405' title='bbox 2288 4601 2651 4658; x_wconf 73' lang='lat' dir='ltr'>ecclesiastici.</span> <span class='ocrx_word' id='word_1_406' title='bbox 2685 4622 2759 4634; x_wconf 81' lang='lat'>——</span> 
     </span>
     <span class='ocr_line' id='line_1_42' title="bbox 218 4666 1356 4744; baseline 0.004 -25"><span class='ocrx_word' id='word_1_407' title='bbox 218 4666 256 4715; x_wconf 78' lang='lat' dir='ltr'>V.</span> <span class='ocrx_word' id='word_1_408' title='bbox 281 4670 479 4733; x_wconf 76' lang='lat' dir='ltr'>Lignori,</span> <span class='ocrx_word' id='word_1_409' title='bbox 546 4687 603 4737; x_wconf 81' lang='lat' dir='ltr'>p.</span> <span class='ocrx_word' id='word_1_410' title='bbox 644 4673 798 4735; x_wconf 60' lang='lat' dir='ltr'>Mor„</span> <span class='ocrx_word' id='word_1_411' title='bbox 834 4672 869 4724; x_wconf 89' lang='lat' dir='ltr'>l.</span> <span class='ocrx_word' id='word_1_412' title='bbox 906 4684 984 4735; x_wconf 87' lang='lat'>111,</span> <span class='ocrx_word' id='word_1_413' title='bbox 1018 4685 1070 4724; x_wconf 91' lang='lat' dir='ltr'>n.</span> <span class='ocrx_word' id='word_1_414' title='bbox 1111 4675 1216 4725; x_wconf 73' lang='lat'>131.</span> <span class='ocrx_word' id='word_1_415' title='bbox 1347 4735 1356 4744; x_wconf 41' lang='lat'><strong>·</strong></span> 
     </span>
    </p>

    <p class='ocr_par' dir='ltr' id='par_1_10' title="bbox 253 4729 2135 4851">
     <span class='ocr_line' id='line_1_43' title="bbox 253 4729 2135 4851; baseline -0.002 -67"><span class='ocrx_word' id='word_1_416' title='bbox 253 4729 273 4769; x_wconf 88' lang='lat'>²</span> <span class='ocrx_word' id='word_1_417' title='bbox 295 4734 385 4784; x_wconf 84' lang='lat' dir='ltr'>Roc</span> <span class='ocrx_word' id='word_1_418' title='bbox 412 4737 583 4789; x_wconf 85' lang='lat' dir='ltr'>tamen</span> <span class='ocrx_word' id='word_1_419' title='bbox 616 4735 816 4788; x_wconf 75' lang='lat' dir='ltr'>tactum</span> <span class='ocrx_word' id='word_1_420' title='bbox 851 4746 884 4786; x_wconf 82' lang='lat' dir='ltr'>a</span> <span class='ocrx_word' id='word_1_421' title='bbox 916 4736 1110 4787; x_wconf 83' lang='lat' dir='ltr'>criticis</span> <span class='ocrx_word' id='word_1_422' title='bbox 1143 4736 1198 4787; x_wconf 89' lang='lat' dir='ltr'>in</span> <span class='ocrx_word' id='word_1_423' title='bbox 1232 4734 1453 4787; x_wconf 76' lang='lat' dir='ltr'>dubium</span> <span class='ocrx_word' id='word_1_424' title='bbox 1490 4735 1733 4786; x_wconf 88' lang='lat' dir='ltr'>vocatur.</span> <span class='ocrx_word' id='word_1_425' title='bbox 2107 4801 2135 4851; x_wconf 34' lang='grc' dir='ltr'><strong><em>ἢ</em></strong></span> 
     </span>
    </p>
   </div>
  </div>
 </body>
</html>
