3292 5167
1050 288 1131 334 ni:
1174 287 1422 334 Aca-mus
1467 284 1809 332 natisionis
2633 267 2721 332 45

191 415 243 465 se
279 390 634 476 obligandi3
683 407 831 457 nam
871 391 1282 477 proesumitur
1324 400 1483 456 recte
1519 389 1760 474 factum
1793 388 1957 472 quod
2000 400 2136 455 erat
2181 388 2253 455 de
2288 390 2436 475 jure
2479 391 2723 476 facien-

190 504 343 571 dus.-
384 515 606 583 neque
654 497 804 582 quis
851 496 1108 564 censeri
1156 495 1353 565 debet
1414 495 1705 563 voluisse
1752 494 2038 562 inaniter
2104 512 2360 564 vovere.
2431 496 2597 564 Hinc
2644 496 2726 563 ad

186 625 290 678 rem
332 605 520 672 habet
570 603 634 672 d.
685 603 1005 672 Thomas:
1047 602 1113 669 Si
1156 614 1364 669 autem
1407 600 1655 683 dubitet,
1703 600 2010 685 quomodo
2055 601 2125 668 in
2170 603 2441 670 vovendo
2507 623 2570 669 se
2618 605 2728 670 hn-

183 713 353 794 were,
397 711 564 777 debet
612 712 903 776 tutiorem
946 710 1116 775 viam
1161 708 1399 793 eliyere,
1442 728 1521 774 ne
1564 727 1628 774 se
1674 706 2024 775 discrimini
2069 708 2408 775 committat
2439 714 2498 791 ¹,
2546 711 2725 777 scili-

183 827 263 890 cet
298 816 572 886 violandi
622 824 877 900 votum,
924 814 1103 902 quod
1152 823 1334 884 certo
1384 814 1788 900 supponitur
1857 813 2202 896 emissum,
2278 822 2349 883 ut
2419 825 2598 902 patet
2647 837 2727 887 ex

182 934 291 996 toto
333 924 505 992 illius
557 929 897 992 contextu.
944 925 1239 989 —Item
1287 928 1388 990 est
1452 922 1508 989 si
1556 921 1899 990 dubitetur
1944 919 2026 988 de
2071 920 2474 990 advertentia
2552 928 2732 995 suffi-

181 1032 357 1113 cienti,
404 1033 692 1116 paritate
741 1030 1013 1097 rationis
1039 1029 1193 1112 (nisi
1241 1037 1394 1097 ante
1427 1027 1849 1113 septennium
1883 1026 2080 1095 fuerit
2121 1035 2345 1097 votum
2384 1032 2725 1118 emissum,

180 1158 299 1210 nam
341 1147 493 1207 tunc
540 1145 789 1206 vovens
839 1137 904 1205 in
953 1135 1162 1206 dubio
1201 1156 1332 1205 non
1381 1143 1694 1205 censetur
1740 1134 2092 1204 sufficienti
2145 1136 2419 1206 rationis
2456 1158 2580 1209 usu
2614 1141 2730 1209 do-

180 1257 335 1316 natus
358 1273 378 1329 3
426 1265 534 1315 res
565 1248 745 1315 enim
784 1264 864 1313 ex
889 1245 1334 1312 communiter
1372 1243 1915 1328 contingentibus
1951 1243 2340 1312 resolvenda
2373 1249 2527 1331 est).
2565 1249 2730 1316 Item

179 1355 317 1421 valet
360 1361 585 1419 votum
639 1355 704 1420 in
754 1351 980 1432 dubio,
1027 1370 1107 1418 an
1150 1351 1311 1418 illud
1388 1351 1586 1418 fuerit
1633 1350 1950 1418 emissum
2000 1359 2174 1433 ante,
2224 1369 2302 1418 an
2354 1371 2508 1420 vero
2579 1365 2731 1439 post

179 1460 611 1547 septennium3
662 1478 810 1527 nam
859 1460 1077 1528 omnis
1123 1466 1311 1527 actus
1350 1458 1779 1544 praesumitur
1825 1456 2035 1525 sactus
2088 1466 2387 1544 tempore
2433 1461 2632 1530 habili
2666 1470 2733 1532 et

179 1569 297 1649 rite,
338 1566 546 1634 donec
595 1567 1005 1634 contrarium
1056 1584 1189 1633 non
1239 1572 1522 1633 constet.

249 1676 306 1742 Si
351 1673 617 1741 tandem
666 1673 1026 1758 prudenter
1071 1669 1434 1754 dubitatur,
1485 1690 1564 1738 an
1616 1679 1843 1738 votum
1890 1677 2068 1738 certe
2146 1672 2466 1739 emissum
2539 1674 2735 1743 suerit

181 1782 511 1868 impletum,
592 1789 821 1848 votum
891 1778 1301 1865 implendum
1349 1786 1496 1859 est3
1545 1777 1698 1863 quia
1752 1784 1976 1845 votum
2026 1783 2128 1844 est
2175 1777 2241 1844 in
2291 1780 2735 1864 possessione,

182 1897 233 1959 et
271 1886 591 1957 dubitanti
642 1888 964 1955 incumbit
1014 1889 1316 1973 probare,
1367 1905 1440 1954 se
1488 1885 1647 1953 illud
1690 1902 1826 1970 Jam
1875 1890 2059 1951 certo
2117 1885 2514 1970 implevisse.

251 1996 384 2058 68.
434 1999 507 2076 Q.
559 1999 627 2062 4.
670 1995 834 2076 Quid
877 1996 948 2061 de
978 2007 1116 2061 voto
1147 1994 1539 2082 disjunctivis
1570 1992 1887 2059 vocabulis
1931 1999 2336 2079 nuncupato?

252 2107 311 2173 R.
352 2106 599 2172 Votum
649 2103 1119 2188 disjunctivum
1166 2103 1419 2171 nullum
1456 2106 1578 2181 est,
1613 2100 1670 2167 si
1701 2117 1903 2167 unum
1951 2099 2033 2167 de
2079 2099 2342 2168 duobus
2375 2102 2461 2168 sit
2492 2103 2744 2188 impos·

191 2209 365 2291 sibile,
428 2209 530 2277 vel
582 2209 820 2276 inutile
868 2218 979 2276 aut
1027 2226 1262 2276 vanum
1311 2214 1376 2275 et
1425 2208 1743 2291 ineptum,
1821 2212 1891 2273 ut
1939 2206 1992 2273 si
2045 2223 2278 2274 voveas
2365 2216 2477 2275 aut
2528 2227 2740 2294 orare,

189 2325 276 2384 aut
314 2315 572 2399 ludere;
625 2334 775 2383 nam
824 2334 903 2384 ex
939 2334 1066 2384 una
1100 2323 1285 2402 parte
1323 2314 1680 2401 promissio
1725 2313 1796 2379 fit
1831 2320 2086 2380 tantum
2114 2313 2239 2382 sub
2274 2314 2738 2401 diSJunctione,

191 2441 251 2492 ex
288 2424 396 2489 alia
446 2441 595 2491 rem
645 2425 933 2517 ineptam
982 2424 1225 2508 eligere
1273 2430 1375 2490 est
1426 2420 1989 2507 peccaminosum.

260 2530 317 2596 Si
358 2548 512 2597 vero
569 2536 850 2614 utraque
901 2548 1050 2615 pars
1101 2529 1231 2597 voti
1282 2536 1382 2598 est
1429 2528 1704 2596 materia
1761 2534 1931 2614 apta,
1981 2533 2226 2614 votum,
2257 2527 2544 2596 validum
2593 2537 2695 2597 est
2714 2555 2734 2610 3

192 2654 311 2706 eum
353 2656 498 2706 vera
580 2638 668 2705 sit
719 2637 1092 2722 promissio,
1142 2645 1209 2704 et
1244 2637 1404 2704 satis
1455 2655 1560 2703 res
1608 2635 1968 2719 designatae
2043 2635 2194 2703 sint.
2250 2635 2322 2703 ld
2394 2654 2597 2704 unum
2647 2655 2743 2706 re·

194 2755 393 2828 manet,
439 2753 517 2826 ut
569 2745 810 2813 electio
860 2744 970 2811 fiat
1016 2762 1052 2811 a
1103 2752 1397 2826 vovente,
1447 2761 1597 2811 cum
1648 2761 1795 2810 eam
1840 2741 1967 2809 sibi
2021 2744 2407 2810 reservavit:
2467 2744 2641 2813 unde
2688 2746 2741 2813 si

185 2854 512 2943 *promisisti
558 2870 769 2919 unum
818 2870 896 2920 ex
947 2852 1074 2918 tuis
1125 2850 1464 2936 calicibuS,
1512 2871 1591 2919 ex
1628 2850 1761 2918 tuis
1795 2850 2209 2932 animalibuS,
2261 2859 2447 2918 tuum
2498 2860 2600 2920 est
2633 2852 2747 2919 eli-

199 2977 320 3044 gere
365 2981 439 3029 ex
488 2961 628 3036 illis
663 2956 723 3041 ²3
774 2967 838 3027 at
886 2959 1050 3028 sacta
1100 2959 1447 3041 electione,
1498 2977 1637 3027 rem
1688 2958 1964 3026 electam
2000 2967 2317 3042 praestare
2350 2958 2577 3044 debeS,
2623 2961 2746 3028 etsi

204 3074 399 3152 postea
445 3068 657 3134 altera
710 3084 861 3152 pars
910 3073 1162 3151 pereat3
1207 3085 1358 3133 nam
1402 3075 1627 3134 votum
1677 3063 2130 3133 determinasti
2175 3082 2297 3149 per
2327 3065 2746 3134 electionem.

265 3175 387 3241 lmo
429 3174 650 3242 adbuc
685 3173 765 3239 ad
813 3181 1064 3259 partem
1112 3173 1542 3258 superstitem
1592 3173 1856 3250 teneriS,
1893 3171 2049 3238 licet
2080 3171 2202 3238 alia
2254 3190 2404 3258 pars
2439 3180 2589 3241 ante
2637 3172 2746 3242 de·

200 3281 699 3362 terminationem
752 3280 1041 3366 perierit,
1089 3279 1142 3346 si
1194 3288 1262 3346 tu
1315 3279 1493 3360 fuisti
1570 3278 1632 3345 in
1682 3295 1865 3345 mora
1932 3277 2239 3363 culpabili
2312 3279 2374 3346 in
2433 3279 2748 3348 determi-

198 3386 376 3454 nando
393 3414 412 3468 3
463 3396 627 3456 tunc
678 3407 757 3455 ex
805 3388 1002 3455 modo
1053 3394 1116 3455 te
1165 3385 1452 3454 habendi
1504 3385 1700 3453 tacite
1773 3384 2067 3453 censeris
2137 3386 2426 3455 voluisse
2497 3388 2749 3472 obliga-

200 3493 409 3563 tionem
456 3494 1038 3562 indeterminatam
1084 3494 1165 3560 ad
1217 3493 1393 3560 illam
1442 3500 1697 3578 partem
1760 3491 2220 3561 determinare.
2296 3495 2500 3562 Aliter
2548 3502 2749 3578 esset,

200 3598 243 3666 si
281 3619 373 3669 res
421 3621 551 3670 una
600 3583 896 3669 totalite'r
944 3601 1211 3686 perierit
1255 3601 1507 3686 absque
1556 3608 1666 3667 tua
1700 3598 1889 3684 culpa
1940 3607 2091 3666 ante
2140 3600 2578 3683 electionem;
2632 3620 2741 3669 vo·

201 3714 312 3774 tum
354 3719 511 3778 tunc
562 3709 832 3791 corruit,
884 3709 1034 3794 quia
1086 3726 1216 3775 non
1265 3707 1547 3793 amplius
1590 3708 1795 3775 habes
1847 3712 2245 3791 potestatem
2279 3708 2588 3795 eligendi,
2625 3709 2749 3776 sub

202 3829 303 3898 qua
348 3821 406 3883 te
459 3814 922 3882 tantummodo
969 3814 1276 3899 obligasti
1325 3812 1405 3880 ad
1448 3822 1692 3881 votum.
1738 3816 1904 3881 Item
1953 3822 2074 3896 est,
2110 3815 2165 3881 si
2204 3815 2371 3883 facta
2408 3815 2752 3895 electione,

203 3931 391 4003 pereat
434 3941 544 3990 res
595 3923 825 4003 electa,
877 3931 943 3989 et
991 3940 1122 3989 non
1172 3922 1314 4004 alia,
1365 3939 1419 3987 v.
1470 3939 1550 4006 g.,
1601 3920 1836 3989 vovisti
1887 3921 2043 3988 dare
2076 3922 2313 3989 bovem
2345 3922 2445 3989 vel
2480 3939 2752 4005 equum3

204 4038 397 4110 postea
445 4029 736 4096 statuisti
788 4028 944 4095 dare
990 4028 1248 4108 bovem,
1298 4034 1367 4094 et
1414 4045 1657 4112 equum
1709 4026 2095 4108 vendidisti3
2144 4028 2197 4095 si
2248 4033 2398 4094 ante
2454 4026 2754 4095 traditio-

205 4148 326 4200 nem
365 4136 618 4220 absque
669 4142 777 4201 tua
828 4133 1019 4219 culpa
1074 4134 1199 4202 bos
1236 4135 1501 4218 penitus
1576 4141 1824 4218 pereat,
1899 4131 1979 4198 ad
2053 4132 2212 4199 nihil
2284 4133 2547 4201 teneris.
2591 4136 2757 4202 Cum

206 4239 349 4306 enim
392 4249 619 4309 votum
670 4241 952 4309 evaserit
1030 4239 1409 4308 absolutum
1475 4257 1595 4326 per
1676 4239 2318 4320 determinationem,
2389 4258 2495 4308 res
2551 4242 2757 4311 semel

208 4341 599 4415 determinata
652 4347 935 4416 debetur
981 4346 1143 4434 (non
1193 4345 1313 4414 alia
1362 4354 1474 4413 aut
1522 4346 1665 4431 ejus
1717 4345 2068 4430 pretium):
2121 4364 2320 4431 porro
2390 4365 2496 4416 res
2546 4346 2760 4416 deter-

211 4452 432 4537 minata,
486 4465 556 4524 ut
606 4454 1031 4540 supponitur,
1083 4454 1353 4522 omnino
1403 4460 1468 4521 et
1521 4452 1811 4520 totaliter
1855 4452 2067 4536 periit.

259 4610 279 4651 ¹
304 4616 355 4666 ln
382 4618 424 4677 t,
457 4618 510 4668 d.
547 4619 631 4676 38,
669 4628 721 4680 q.
760 4619 806 4677 Ι,
840 4627 890 4666 a.
925 4616 973 4677 3,
1006 4617 1189 4679 quaest.
1221 4617 1270 4676 3,
1306 4616 1464 4665 solut.
1504 4618 1548 4676 t,
1584 4613 1652 4664 ad
1687 4617 1731 4665 6.
1762 4640 1827 4653 -
1871 4613 1922 4664 V.
1958 4614 2187 4677 Lignori,
2224 4617 2361 4679 opus
2415 4618 2572 4676 Mor„
2612 4615 2648 4665 l.
2683 4626 2761 4675 m,

215 4680 362 4790 ''2¹3ss
375 4684 464 4793 ³15¹
494 4679 1255 4794 ¹¹3?⁰0‘⁴¹'⁰1}{;;-.‘¹'i{⁰.‘1.v’„3:
1281 4680 1376 4791 ἔδει
1407 4739 1459 4790 et
1493 4738 1607 4791 ω.

424 4754 548 4807 iguo
602 4778 619 4804 ‚
692 4754 751 4804 p.
927 4776 941 4802 ,
1107 4776 1122 4802 ‚
