3292 5167
19 446 44 785 2--..-·=-.-2-·-
23 388 40 433 .-

573 220 701 291 168
1593 240 1709 285 tm.
1757 240 1819 285 11.
1872 238 2085 285 macr.
2134 236 2192 282 r.

570 361 723 424 ergo
753 343 1082 422 (scandalo
1113 340 1454 424 praecluso)
1485 341 1829 408 venialiter
1862 346 2102 420 peccat,
2130 338 2222 432 ad¹
2244 337 2502 403 modum
2533 335 2815 401 illorum.
2853 334 2961 400 Sic
2990 351 3050 397 v.
3079 352 3162 425 ς..

572 426 773 505 siquis
813 423 1129 505 efficeret,
1170 432 1244 489 ut
1286 422 1527 485 diversi
1570 421 1985 486 comederent
2030 423 2095 483 in
2135 419 2410 499 jejunio,
2460 433 2681 497 parum
2727 416 2994 497 singuli,
3040 425 3166 480 etsi

571 507 860 568 omnium
906 505 1232 585 quantitas
1274 511 1444 565 esset
1489 502 1812 579 notabilis,
1857 517 1984 565 non
2031 510 2326 581 peccaret
2368 497 2772 573 mortaliter-3
2817 498 2962 578 quia
3011 496 3165 561 dess-

574 586 662 648 cit
706 587 897 649 unius
939 585 1209 647 modicae
1253 583 1541 646 materiae
1573 582 1971 645 continuatio
1997 597 2140 646 cum
2185 580 2329 644 alia.
2372 577 2540 641 Sane
2588 589 2980 659 praeceptum
3016 593 3167 641 san·

461 710 464 711 f
573 665 898 727 ctificandi
947 664 1105 727 testa
1155 664 1218 727 in
1263 664 1550 743 qualibet
1592 679 1865 743 persona
1916 665 2339 725 terminatur:
2388 675 2505 722 nec
2536 675 2650 739 per
2694 659 2911 738 plures
2955 673 3171 738 perso-

575 761 689 808 nas
734 748 948 824 gravis
993 745 1190 808 alicui
1240 745 1311 808 fit
1357 745 1591 823 injuria
1640 744 1738 819 (ut
1784 744 1986 818 fieret,
2031 743 2083 805 si
2129 746 2293 822 quis,
2336 758 2391 803 v.
2436 758 2516 820 g.,
2561 738 2852 819 pluribus
2880 740 3170 819 juberet,

578 834 646 889 ut
690 826 928 906 aliquid
980 842 1202 905 parum
1247 826 1412 888 Titio
1458 823 1806 903 furentur).
1835 823 2054 903 Neque
2079 825 2270 886 etiam
2317 823 2481 883 servi
2522 820 2614 882 sic
2646 819 3012 885 laborantes
3058 822 3172 882 im·

583 905 952 987 pediuntnr,
994 906 1338 986 quominus
1379 904 1616 984 singuli
1666 906 1915 986 possint
1956 904 2176 967 divino
2222 901 2421 965 cultui
2471 917 2696 964 vacare
2739 911 3051 982 quantum
3087 900 3170 964 ad

578 986 848 1053 mortale
893 986 1243 1062 vitandum.
1287 1014 1390 1031 --*
1421 985 1481 1045 V.
1526 985 1807 1064 Lignori‚
1860 984 1967 1064 Op.
2010 985 2190 1059 Mor„
2234 983 2272 1045 1.
2321 1000 2417 1059 ιιι,
2451 999 2508 1043 ιι.
2545 981 2683 1045 306.

655 1065 867 1128 9249.
913 1067 979 1140 Q.
1027 1068 1082 1129 2.
1127 1066 1229 1130 An
1272 1065 1461 1128 liceat
1503 1064 1684 1129 labor
1727 1066 1794 1128 in
1834 1065 1992 1146 festo
2034 1065 2116 1127 ad
2149 1065 2344 1126 otium
2372 1063 2755 1125 vitandum?
3284 1092 3286 1103 ·

658 1146 727 1208 R.
773 1148 897 1211 Nos
945 1149 1023 1210 iis
1068 1147 1377 1223 libentius
1422 1146 1903 1222 subscribimus,
1963 1149 2070 1227 qui
2096 1144 2478 1227 ‚affirmant3
2542 1144 2650 1205 sed
2700 1143 2765 1205 in
2810 1140 2948 1205 solo
2995 1157 3175 1218 casu,
3284 1156 3286 1163 ·

580 1244 704 1306 quo
753 1230 1021 1291 tentatio
1066 1231 1167 1302 sit,
1212 1227 1311 1290 vel
1357 1227 1660 1290 timeatur
1707 1227 1897 1289 nimis
1928 1225 2219 1299 molesta,
2254 1235 2321 1288 ut
2355 1233 2629 1304 nequeat
2672 1223 2801 1286 alio
2848 1222 3042 1285 modo
3074 1239 3178 1285 su·

583 1312 816 1386 peram,
862 1310 979 1371 nisi
1029 1325 1096 1370 se
1146 1308 1345 1370 labori
1378 1306 1799 1388 applicando:
1847 1324 1995 1379 nam
2039 1308 2091 1369 si
2136 1314 2398 1369 excusat
2441 1321 2473 1366 a
2543 1302 2759 1369 labore
2816 1303 3180 1379 necessitas
3284 1328 3286 1367 :

583 1391 890 1468 corporis,
937 1399 1114 1451 tanto
1148 1390 1349 1466 magis
1380 1392 1655 1461 animae3
1699 1393 1897 1452 otium
1936 1388 2244 1449 enimest
2288 1385 2552 1449 malitiae
2591 1384 2754 1446 fons.
2793 1390 3023 1447 verum
3064 1385 3180 1446 hic

582 1483 768 1530 casus
801 1472 1015 1532 nescio
1047 1486 1127 1532 an
1161 1468 1491 1531 moraliter
1521 1468 1721 1547 possit
1751 1468 2064 1543 accidere,
2099 1468 2322 1530 saltem
2354 1469 2480 1528 erit
2516 1466 2929 1539 rarissimus3
2963 1463 3177 1526 otium
3284 1492 3286 1495 ·

581 1550 755 1611 enim
801 1551 971 1613 vinci
1041 1558 1249 1629 potest
1309 1549 1733 1624 multimodis,
1785 1552 2096 1625 oratione,
2158 1549 2429 1611 honesto
2494 1545 2719 1609 solatio
2773 1562 2846 1609 ac
2891 1545 3179 1608 lectione

581 1626 920 1693 librorum.
964 1629 1203 1692 Forsan
1242 1629 1303 1691 id
1377 1630 1580 1692 locum
1650 1629 1888 1693 habere
1930 1635 2141 1709 potest
2195 1629 2258 1691 in
2316 1628 2661 1705 montani&
2704 1626 2809 1689 ubi
2859 1626 3182 1688 rustica-ni

582 1709 782 1788 aliqui
829 1711 1022 1774 rudes
1068 1710 1187 1773 soli
1234 1725 1570 1773 remanere
1612 1703 1861 1773 soleant
1904 1710 1981 1772 ad
2028 1718 2314 1773 armenta
2360 1707 2661 1782 curanda,
2705 1723 2864 1786 quos
2909 1722 3039 1769 non
3074 1722 3181 1770 an·
3284 1730 3286 1785 j

587 1789 820 1867 dorem,
857 1791 1189 1866 damnare,
1264 1792 1330 1864 si,
1384 1800 1526 1869 post
1569 1802 1743 1854 actas
1788 1807 2031 1870 preces,
2079 1791 2153 1853 ad
2203 1791 2401 1853 otium
2468 1787 2844 1866 fugiendum
2909 1786 2996 1849 ali
3048 1785 3183 1849 uod

582 1870 816 1935 servile
846 1889 1004 1952 opus
1035 1888 1162 1934 non
1200 1872 1285 1933 ita
1318 1887 1548 1950 corpus
1577 1871 1940 1951 defatigans
1971 1873 2036 1933 in
2072 1871 2252 1934 festis
2280 1877 2568 1951 agerent,
2597 1877 2811 1931 amoto
2839 1883 2999 1930 scau
3051 1865 3184 1932 alo.
3284 1890 3286 1893 ·

582 1985 660 1995 —
720 1952 779 2013 V.
826 1951 1106 2033 Lignori,
1159 1951 1267 2030 Op.
1312 1952 1493 2027 Mor„
1542 1950 1579 2014 1.
1626 1969 1723 2028 ιιι,
1766 1970 1825 2014 ιι.
1870 1953 2005 2016 302.
3284 1954 3286 2001 ἑ

660 2029 879 2092 251).
929 2033 1129 2096 Habet
1161 2032 1578 2109 Frassinetti:
1637 2059 1660 2087 ι
1703 2033 1931 2096 Alcuni
1971 2032 2072 2094 dei
2121 2030 2359 2093 novelli
2406 2028 2731 2104 Parrochi,
2761 2027 3020 2108 quando
3057 2037 3188 2089 tro·

589 2127 756 2175 vano
800 2113 889 2191 gli
941 2112 1154 2176 arredi
1202 2113 1368 2176 della
1409 2112 1640 2177 ‚Chiesa
1689 2130 1722 2175 e
1767 2112 1850 2192 gli
1899 2111 2054 2176 abiti
2107 2112 2272 2174 sacri
2317 2110 2640 2172 indecenti
2685 2125 2720 2171 e
2766 2125 2922 2189 poco
2971 2112 3182 2170 servi·

584 2190 700 2252 bili
740 2191 799 2254 al
846 2193 1036 2271 culte,
1073 2211 1140 2256 se
1179 2192 1234 2256 la
1280 2192 1659 2257 Parrocchia
1693 2195 1990 2272 epovera
2023 2192 2315 2271 sogliono
2359 2191 2474 2252 dar
2520 2189 2761 2253 licenza
2792 2188 2920 2252 3113
2959 2188 3187 2252 donne

587 2271 655 2351 dj
704 2271 996 2336 lavorare
1041 2273 1167 2336 alle
1214 2274 1373 2336 feste
1421 2274 1482 2334 in
1523 2275 1796 2354 privam,
1846 2273 2018 2335 salvo
2066 2272 2109 2334 il
2160 2283 2371 2350 tempo
2413 2269 2581 2333 delle
2640 2286 2820 2333 sacre
2865 2268 3189 2346 funzioni,

592 2368 623 2414 a
672 2362 845 2431 patto
892 2356 1010 2417 ebe
1055 2354 1294 2435 qua'nto
1343 2371 1421 2416 ne
1468 2356 1840 2434 ritraggono
1876 2354 1938 2416 di
1989 2355 2192 2424 lucro,
2255 2354 2344 2415 sia
2395 2352 2741 2433 impiegato
2789 2349 2958 2412 nella
3009 2365 3188 2412 com·
3284 2366 3286 2393 ⁵

587 2447 697 2510 pra
744 2450 779 2493 o
825 2434 1231 2497 rifacimento
1276 2434 1339 2496 di
1385 2434 1602 2514 quelle
1648 2434 2096 2514 suppellettili.
2142 2433 2211 2495 ln
2257 2442 2481 2514 questo
2525 2431 2716 2493 modo
2761 2424 3184 2511 pi‘ovvedono
3284 2446 3286 2455 ·

585 2510 1207 2578 abbondevolmente
1251 2515 1309 2579 al
1356 2515 1624 2595 bisogno
1666 2517 1725 2577 in
1772 2515 1968 2579 breve
2016 2522 2245 2594 tempo.
2306 2513 2369 2576 lo
2417 2529 2529 2592 per
2576 2510 2739 2574 altro
2788 2526 2913 2572 non
2960 2512 3183 2590 saprei
3284 2580 3286 2583 ,

586 2608 939 2672 approvare
987 2595 1043 2659 la
1089 2597 1329 2676 pratica
1374 2595 1442 2657 di
1487 2594 1703 2657 coloro
1760 2596 1880 2658 che
1925 2596 2138 2659 danne
2205 2594 2329 2658 tale
2395 2593 2639 2655 licenza
2685 2592 2892 2654 anche
2922 2591 3116 2653 rfuori
3169 2592 3183 2650 i

586 2675 716 2735 casi
763 2675 866 2737 del
934 2674 1222 2755 bisogno,
1281 2694 1316 2740 e
1363 2676 1557 2739 fanno
1602 2678 1720 2738 che
1767 2675 1826 2740 le
1887 2676 2103 2739 donne
2146 2674 2316 2739 delle
2361 2673 2497 2736 loro
2557 2672 2935 2751 parroechie
2992 2672 3187 2733 sieno

589 2770 842 2833 sempre
913 2757 979 2817 in
1056 2756 1253 2820 lavori
1324 2758 1425 2820 nei
1494 2755 1556 2818 di
1633 2756 1881 2833 festivi,
1943 2757 2111 2821 onde
2181 2752 2583 2835 raccogliere-
2643 2769 2863 2831 grosse
2932 2765 3189 2814 somme

587 2833 750 2896 colle
795 2836 966 2914 quali
1015 2836 1258 2899 fornire
1305 2837 1362 2900 la
1407 2836 1629 2899 Cbiesa
1676 2836 1739 2898 di
1787 2837 1998 2901 arredi
2048 2838 2208 2900 assai
2276 2835 2479 2900 riccbi
2526 2850 2560 2895 e
2597 2834 2911 2914 pomposi,
2970 2831 3189 2895 anche

589 2930 702 2991 per
749 2915 882 2978 tare
927 2916 1390 2980 sfarzosissime
1457 2916 1764 2980 funzioni.
1827 2918 1962 2981 Non
2033 2930 2182 3059 ¹{gare
2227 2919 2346 2980 che
2389 2924 2612 2996 queste
2671 2917 2848 2976 sieno
2895 2928 3042 2976 cose
3118 2911 3187 2975 di

593 3002 768 3058 tanta
817 3000 1127 3061 necessita
1172 3015 1206 3059 e
1252 3000 1668 3077 importanza,
1711 2999 1921 3061 sicche
1969 3001 1986 3061 i
2080 2999 2335 3062 arrocbi
2370 3001 2420 3058 si
2472 3011 2741 3077 possano
2785 2994 3113 3056 arbitrare
3152 3008 3187 3056 a

592 3086 996 3154 permettere·
1024 3081 1127 3141 nei
1174 3078 1240 3141 di
1286 3079 1497 3141 festivi
1546 3078 1588 3139 il
1635 3078 1853 3141 lavoro
1899 3086 2341 3142 severamente
2387 3076 2670 3156 proibito
2714 3073 2881 3136 dalla
2927 3073 3186 3136 Cbiesa.

588 3157 809 3218 Merita
860 3158 1094 3221 inoltre
1140 3160 1667 3223 considerazione
1727 3159 1787 3221 lo
1830 3159 2135 3222 scandalo
2178 3159 2297 3221 che
2342 3159 2464 3237 puo
2513 3157 2855 3236 provenire
2902 3154 3185 3218 indiret-
3284 3224 3286 3227 ,

544 3296 564 3303 -
595 3245 876 3300 tamente
922 3239 1000 3301 da
1065 3240 1273 3319 quella
1342 3242 1614 3319 pratica:
1679 3256 1748 3303 se
1791 3240 2121 3303 vedranno
2168 3239 2183 3300 i
2232 3237 2425 3301 fedeli
2473 3235 2694 3301 che·il
2741 3235 3013 3298 Parroco
3058 3251 3187 3299 con

593 3325 765 3380 tanta
813 3316 1074 3395 facilita,
1118 3337 1152 3381 3
1196 3338 1387 3383 senza
1429 3320 1659 3385 alcuna
1734 3338 2034 3400 urgenza,
2079 3327 2391 3400 permette
2458 3318 2501 3379 il
2549 3317 2766 3379 lavoro
2817 3315 3074 3392 festivo,
3121 3316 3187 3379 di

571 3395 831 3475 ‘leggeri
879 3401 939 3460 vi
985 3403 1037 3462 si
1086 3401 1532 3478 abitueranno,
1578 3402 1986 3481 perderanno
2036 3400 2248 3481 quella
2293 3399 2577 3462 salutare
2616 3400 3014 3477 ripugnanza
3061 3397 3190 3461 che

591 3478 651 3537 vi
699 3482 967 3540 sentono
1013 3483 1031 3543 i
1079 3481 1272 3544 buoni
1319 3484 1629 3559 cristiani,
1673 3501 1730 3559 e,
1780 3482 2111 3547 assuefatti
2155 3497 2189 3544 a
2235 3480 2529 3543 lavorare
2566 3496 2680 3562 per
2712 3480 2774 3541 la
2807 3476 3059 3554 Cbiesa,
3106 3476 3192 3540 la·
3284 3490 3286 3557 j

589 3572 955 3625 voreranno
1001 3562 1098 3639 poi
1148 3562 1780 3626 indifferentemente
1826 3565 2189 3643 anche-per
2231 3560 2287 3624 la
2336 3577 2497 3623 casa.
3284 3624 3286 3627 .

671 3661 693 3690 ι
743 3637 976 3704 D’altra
1019 3651 1197 3719 parte
1229 3645 1264 3704 e
1296 3644 1369 3705 da
1406 3660 1733 3706 osservare
1771 3644 1888 3706 che
1918 3645 1964 3706 il
2010 3650 2296 3723 precetto
2322 3640 2425 3704 del
2473 3643 2686 3720 riposo
2723 3636 2957 3701 testivo
2995 3639 3033 3701 e
3071 3654 3189 3702 an·

592 3716 712 3781 obe
761 3720 940 3794 utile,
986 3724 1126 3784 anzi
1174 3723 1658 3802 generalmente
1703 3724 2012 3804 parlando
2079 3724 2445 3786 necessario
2508 3720 2632 3785 alla
2679 3720 3192 3781 conservacione
3284 3768 3286 3771 .

593 3796 759 3862 della
805 3801 1010 3864 salute
1054 3802 1444 3881 corporale...
1479 3804 1737 3867 Laonde
1782 3810 1799 3867 i
1846 3804 2149 3867 Parrochi
2196 3801 2643 3883 permettendo
2674 3798 2871 3862 molto
2911 3816 2945 3861 3
2988 3798 3192 3880 lungo
3284 3834 3286 3847 ι

591 3894 627 3941 3
690 3881 1147 3946 abitualmente
1208 3884 1251 3945 il
1318 3885 1535 3948 lavoro
1602 3885 1877 3961 festivo,
1945 3882 2498 3948 mancherebbero
2569 3896 2727 3961 pure
2793 3878 2919 3945 alla
2986 3880 3196 3943 carita
3284 3888 3286 3943 i

589 3975 773 4053 verso
807 3964 820 4023 i
858 3961 953 4025 lor
986 3966 1449 4042 parrocchiani.
1481 3992 1503 4021 ι
1535 3966 1725 4047 (Vide
1749 3966 1941 4030 etiam
1973 3966 2114 4045 ejus
2149 3965 2583 4044 Compendium
2620 3959 2847 4036 Theou,
2874 3969 3028 4023 nota
3060 3959 3195 4040 39)·
3284 3946 3286 3995 Ψ

590 4038 960 4184 Ιιξιοεειίιιιιι
1022 4044 1215 4188 plag}
1247 4046 1332 4109 ad·
1387 4063 1523 4111 rem
1586 4055 1806 4112 monet
1865 4047 2108 4109 clariss.
2172 4046 2433 4122 Tarino,
2495 4043 2552 4106 Il
2606 4040 2794 4107 Libro
2858 4040 2958 4103 del
3024 4039 3193 4106 buon
3284 4096 3286 4125 ᾗ

645 4138 716 4183 as
748 4138 872 4200 ore,
923 4140 1094 4188 num.
1220 4176 1232 4189 .
2442 4163 2451 4173 ·

670 4201 865 4264 7251.
910 4204 975 4277 Q.
1020 4207 1072 4268 3.
1121 4211 1218 4269 An
1267 4208 1333 4271 in
1367 4206 1545 4287 festis
1589 4208 1779 4271 liceat
1806 4224 1878 4269 ea
1919 4206 2127 4287 facere
2163 4224 2296 4287 quoe
2327 4207 2513 4269 levem
2559 4200 2838 4267 laborem
2871 4202 3194 4282 exigunt?
3284 4232 3286 4239 ·

637 4279 742 4372 ·R.
784 4282 919 4345 Non
969 4285 1119 4349 licet
1163 4292 1355 4351 etiam
1401 4305 1473 4351 ea
1520 4288 1752 4362 facere,
1794 4305 1938 4367 quae
1975 4288 2182 4351 levem
2229 4287 2514 4351 laborem
2560 4287 2850 4363 exigunt,
2895 4291 2965 4346 ut
3012 4299 3194 4346 rosa·
3284 4294 3286 4297 ·

597 4376 714 4439 ria,
757 4366 1135 4445 scapularia,
1181 4370 1492 4447 imagines
1537 4386 1775 4446 cereae,
1820 4377 1961 4446 etc.,
2005 4371 2151 4449 quia
2190 4369 2325 4430 haec
2371 4368 2437 4429 in
2483 4383 2601 4430 usu
2646 4366 2971 4428 communi
3020 4365 3195 4427 inter
3284 4376 3286 4441 ζ

595 4457 786 4519 opera
833 4447 1089 4510 servilia
1139 4458 1603 4512 numerantur:
1648 4460 1713 4513 et
1755 4451 1806 4513 si
1855 4449 2125 4514 multum
2173 4449 2503 4512 laboretur
2563 4453 2771 4528 potest
2833 4459 2976 4506 esse
3023 4459 3197 4517 mor·
3284 4444 3286 4453 '

595 4520 738 4583 tale.
785 4522 941 4587 item
987 4530 1255 4592 vetitum
1301 4540 1397 4592 est
1440 4530 1547 4593 die
1593 4530 1757 4595 festo
1804 4529 2001 4594 libros
2045 4540 2184 4593 arte
2227 4529 2497 4594 libraria
2542 4526 2851 4605 colligare
2893 4531 3006 4586 aut
3038 4538 3193 4587 con·

592 4616 803 4679 suere,
857 4606 1115 4670 chartas
1159 4620 1272 4672 aut
1313 4609 1473 4673 telas
1518 4612 1989 4692 conglutinare,
2050 4610 2383 4673 volucrum
2430 4610 2590 4673 retia
2638 4617 2860 4671 texere
2920 4604 3032 4668 vel
3094 4621 3193 4669 ca·
3284 4628 3286 4691 g

591 4697 738 4745 veas
780 4687 1115 4764 conficere,
1170 4691 1344 4769 ligna
1389 4707 1631 4768 secare,
1671 4701 1830 4755 ete:
1878 4693 1998 4755 hoc
2043 4691 2384 4755 advertant
2427 4689 2747 4765 nonnulli,
2812 4686 2922 4767 qui
2970 4685 3192 4751 feriali
3284 4740 3286 4757 ,
