3292 5167
1372 305 1449 351 ne
1498 305 1636 352 rins
1824 275 1829 279 ’
2661 284 2790 353 607

179 407 496 477 ctoritate
546 407 850 495 explicat,
898 406 1148 476 dicitur
1193 407 1422 495 regula
1474 409 1612 477 viva
1660 426 1779 478 seu
1829 409 2112 478 animata
2160 416 2214 478 ⁴.
2264 409 2383 480 Vel
2424 407 2622 479 etiam
2663 409 2791 479 dici

179 524 431 601 potest,
488 516 668 603 quod
703 518 1046 602 Scriptura
1083 523 1148 585 et
1183 516 1475 586 Traditio
1511 518 1647 587 sint
1685 518 1925 599 fonteS,
1968 532 2119 604 quae
2153 517 2359 587 fidem
2400 519 2791 600 continent;

177 622 483 691 Ecclesia
552 641 710 692 vero
759 630 861 693 est
907 623 1008 690 via
1056 608 1173 692 seu
1225 622 1537 708 medium,
1589 643 1723 711 quo
1774 642 1808 692 a
1854 627 1996 694 Deo
2047 625 2354 693 revelatae
2427 625 2787 707 veritates,

177 737 253 798 et
301 730 367 798 in
417 731 761 818 Scriptura
814 730 913 801 vel
964 730 1345 801 Traditione
1407 740 1741 801 contentae
1816 739 1999 801 certo
2075 732 2269 801 nobis
2342 733 2790 801 innotescunt.

170 838 370 908 Unde
422 845 603 926 patet
650 838 782 907 duo
839 838 1115 925 requiri,
1165 847 1240 906 ut
1289 839 1558 926 aliquod
1606 840 1951 909 catholicae
2001 839 2154 909 fidei
2204 840 2442 925 dogma
2513 840 2788 923 dicatur,

173 946 402 1013 Deum
452 946 856 1014 revelantem
908 953 973 1014 et
1019 946 1387 1015 Ecclesiam
1437 954 1950 1034 proponentem.
2696 980 2701 985 ·

273 1050 586 1120 Haeretici
635 1069 838 1119 unam
883 1058 1145 1119 tantum
1194 1050 1553 1120 admittunt
1601 1052 1755 1121 fidei
1804 1052 2146 1139 regulam,
2227 1067 2501 1136 nempe·
2538 1068 2792 1119 sacram

178 1158 653 1243 Scripturam3
697 1158 988 1228 medium
1039 1167 1259 1227 autem
1309 1160 1390 1227 ad
1438 1161 1851 1245 Scripturam
1899 1158 2398 1244 intelligendam
2447 1165 2790 1244 reponunt

162 1265 395 1334 adbuc
431 1266 494 1333 in
537 1267 675 1352 ipsa
725 1267 1087 1353 Scripturae
1123 1266 1429 1351 lectione,
1465 1268 1529 1334 in
1565 1286 1768 1336 sensu
1805 1267 2080 1354 privato,
2118 1266 2181 1334 in
2219 1265 2507 1352 Spiritus
2560 1265 2781 1334 Sancti

169 1374 433 1460 privata
487 1375 786 1443 motione
835 1382 901 1443 et
950 1374 1013 1442 in
1064 1375 1384 1443 examinis
1435 1374 1572 1442 via:
1621 1375 1739 1445 sed
1784 1376 2102 1444 falluntur
2153 1381 2297 1442 toto
2348 1374 2540 1443 coele.

361 1483 452 1549 Ac
507 1484 581 1548 1:
631 1489 877 1568 praeter
924 1481 1333 1568 Scripturam
1368 1483 1564 1550 etiam
1600 1482 1852 1551 divinas
1895 1482 2312 1551 Traditiones
2345 1479 2784 1549 admittendas

168 1588 271 1657 uti
328 1587 565 1655 divinae
617 1586 768 1655 fidei
821 1587 1102 1673 regulaS,
1154 1588 1615 1657 Tridentinum
1667 1588 1961 1658 definivit
2016 1589 2066 1654 ².
2117 1589 2288 1656 Sane
2336 1586 2780 1655 decretorium

167 1704 277 1765 est
332 1695 495 1764 illud
545 1696 885 1782 Apostoli:
933 1699 1211 1780 Fratres,
1249 1709 1405 1763 state
1450 1708 1506 1764 et
1543 1708 1736 1764 tenete
1801 1697 2189 1778 traditiones,
2263 1714 2420 1782 quas
2483 1694 2785 1761 didicistis

161 1804 305 1871 sive
349 1823 469 1889 per
514 1823 869 1870 sermonem
912 1804 1040 1870 sive
1082 1823 1197 1890 per
1243 1805 1565 1890 epistolam
1612 1816 1895 1870 nostram
1944 1801 2013 1870 3.’
2043 1805 2116 1870 In
2167 1820 2317 1888 quae
2367 1801 2564 1869 verba
2613 1800 2781 1868 scri-

166 1910 311 1997 psit
348 1911 901 1995 chrysostomus:
935 1912 1101 1977 Hinc
1125 1923 1296 1996 patet
1325 1911 1489 1996 quod
1517 1931 1644 1978 non
1677 1911 1892 1977 omnia
1908 1930 2027 1998 per
2071 1911 2410 1996 epistolam,
2449 1910 2555 1975 sed
2583 1909 2783 1975 multa

163 2019 366 2085 etiam
414 2020 548 2085 sine
590 2019 784 2086 literis
796 2045 819 2099 ‚-
851 2018 1061 2086 eadem
1095 2039 1237 2086 vero
1270 2019 1388 2106 fide
1418 2020 1611 2106 diyna
1640 2031 1787 2087 sunt
1827 2031 1956 2086 tam
1989 2019 2122 2100 illa,
2163 2036 2353 2103 quam
2385 2018 2525 2085 ista.
2560 2015 2776 2085 Adde:

161 2124 408 2210 primae
459 2126 774 2193 Ecclesiae
826 2125 1111 2193 conditae
1182 2132 1337 2193 sunt
1400 2133 1464 2194 et
1529 2126 1752 2210 plures
1801 2125 1914 2192 diu
1963 2125 2325 2192 extiterunt
2395 2123 2539 2191 sine
2608 2121 2782 2190 Scri-

163 2232 411 2318 pturiS,
463 2233 697 2300 saltem
742 2233 892 2300 novi
942 2233 1345 2300 Testamenti
1363 2259 1381 2314 3
1433 2234 1571 2301 sola
1626 2233 1824 2318 igitur
1871 2231 2253 2300 Traditione
2303 2230 2434 2299 illae
2485 2228 2780 2297 fidelium

163 2339 614 2408 collectiones
658 2340 965 2409 veritates
1016 2358 1049 2406 a
1098 2342 1239 2408 Deo
1291 2340 1608 2408 revelatas
1663 2349 1821 2408 tunc
1871 2340 2384 2425 cognoscebant.
2451 2336 2676 2405 Adde:
2721 2337 2777 2405 si

162 2445 594 2515 Traditiones
642 2448 1255 2541 doymatico-divinoe
1288 2465 1319 2512 a
1371 2447 1731 2533 Scripturis
1787 2447 2116 2515 distinctae
2167 2463 2298 2513 non
2347 2445 2777 2513 admitteren-

156 2560 286 2636 tur,
354 2570 570 2638 neque
621 2552 706 2621 de
756 2571 1036 2621 numero
1087 2551 1464 2621 divinorum
1521 2553 1842 2621 librorum
1894 2572 1969 2622 ac
2019 2571 2252 2622 eorum
2302 2553 2516 2620 divina
2566 2551 2776 2637 inspi-

158 2662 453 2742 ratione,
507 2678 724 2746 neque
772 2660 851 2728 de
902 2679 1032 2728 non
1085 2662 1310 2746 paucis
1365 2659 1515 2730 fidei
1569 2661 1866 2730 articulis
1917 2680 2086 2748 quos
2137 2661 2488 2729 nobiscum
2536 2665 2766 2746 prote-

164 2777 426 2838 stantes
473 2768 916 2854 ‘profitentur,
991 2776 1297 2836 constare
1365 2776 1624 2853 posset:
1678 2778 1748 2836 ut
1796 2776 1895 2838 est
1930 2770 2166 2855 dogma
2214 2767 2295 2836 de
2344 2768 2564 2835 valore
2657 2770 2776 2834 Ba-

166 2876 397 2963 ptismi
449 2877 528 2943 ab
581 2875 912 2943 haereticis
964 2876 1060 2943 vel
1110 2874 1485 2945 infidelibus
1537 2877 1780 2959 collati,
1830 2876 1910 2945 de
1960 2878 2177 2944 valore
2256 2875 2772 2961 Paedobaptismi

167 2984 522 3070 (Baptismi
573 2982 975 3069 infantium),
1028 2981 1109 3051 de
1160 2984 1534 3053 cessatione
1571 3002 1605 3050 a
1662 2983 1982 3069 sanguine
2031 2990 2095 3051 et
2144 2983 2489 3063 suffocato,
2536 2981 2616 3048 de
2666 2979 2774 3048 die

159 3089 509 3159 dominico
558 3089 851 3158 sabbatis
900 3089 1204 3171 suffectO,
1253 3099 1377 3158 etc.
1429 3090 1780 3158 Falluntur
1827 3108 1985 3174 ergo
2037 3083 2388 3158 novatores
2448 3087 2557 3175 qui
2623 3093 2771 3154 tan-

166 3203 310 3264 tum
349 3196 742 3264 traditiones
773 3195 1148 3280 admittunt,
1185 3215 1350 3283 quas
1386 3208 1620 3266 vocant
1670 3200 2008 3265 inhoesivas
2042 3206 2106 3264 et
2140 3197 2569 3278 declarativas,
2620 3211 2769 3280 quae

171 3321 415 3389 nempe
464 3304 727 3371 firmant
775 3302 1168 3372 traditiones
1211 3304 1345 3390 jam
1394 3303 1457 3371 in
1510 3304 1870 3390 Scripturis
1925 3309 2289 3372 contentas.
2464 3304 2469 3309 ’

344 3413 411 3479 2.
474 3410 764 3479 Medium
813 3408 893 3477 ad
942 3419 1126 3480 certo
1178 3411 1677 3497 cognoscendas
1711 3413 2019 3480 veritates
2054 3430 2087 3478 a
2122 3413 2262 3479 Deo
2297 3409 2615 3478 revelatas
2651 3408 2767 3476 de-

165 3518 280 3586 bet
331 3535 514 3586 esse:
562 3518 634 3601 a)
682 3529 937 3599 certum,
985 3536 1295 3602 securum,
1345 3526 1544 3605 atque
1590 3531 1812 3606 aptum
1844 3518 1923 3585 ad
1969 3535 2199 3586 omnes
2235 3516 2606 3584 dubietates
2639 3514 2772 3583 sol-

164 3625 452 3692 vendas:
504 3638 696 3692 secus
749 3642 880 3691 non
932 3632 1163 3710 posset
1213 3626 1516 3695 obtinere
1565 3644 1913 3695 assensum
1963 3625 2231 3692 firmum
2281 3631 2344 3691 et
2393 3623 2769 3690 immutabi-

165 3729 296 3798 lem
313 3757 332 3811 3
383 3732 445 3814 b)
494 3730 891 3808 univarsale;
937 3729 992 3797 si
1044 3748 1276 3800 omnes
1328 3733 1539 3801 vocati
1588 3742 1746 3801 sunt
1796 3732 1874 3799 ad
1930 3731 2148 3816 fidem,
2216 3730 2526 3799 omnibus
2576 3728 2766 3797 obvia

166 3855 319 3905 esse
370 3837 571 3906 debet
619 3836 868 3921 regula,
919 3853 1048 3925 qua
1114 3837 1309 3905 fidem
1384 3840 1591 3924 ipsam
1668 3839 1947 3908 firmiter
2015 3843 2454 3924 assequantur
2522 3852 2596 3903 ac
2664 3841 2766 3904 te-

163 3950 403 4025 neant;
452 3946 513 4027 c)
561 3954 963 4030 perpetuum:
1015 3951 1339 4029 quantum
1391 3943 1580 4028 fideS,
1633 3952 1892 4014 tantum
1945 3946 2087 4032 ejus
2137 3945 2359 4030 regula
2408 3940 2767 4029 perdurare

164 4048 407 4133 debet3
453 4050 570 4119 sed
604 4049 769 4118 fides
806 4055 908 4117 est
944 4066 1158 4136 usque
1191 4050 1272 4118 ad
1311 4053 1958 4121 consummationem
1994 4034 2396 4120 saeculorum
2431 4048 2764 4143 duratura.

227 4243 248 4283 ¹
283 4244 586 4318 Propo-sitio
618 4245 867 4318 Ecclesiae
901 4243 1096 4318 dicitnr
1129 4247 1290 4298 etiam
1328 4248 1508 4309 regula
1541 4248 1858 4309 immediata,
1896 4259 1991 4299 seu
2025 4247 2274 4309 proxima
2325 4243 2476 4307 flde13
2532 4242 2766 4295 Verbum

160 4310 343 4358 autem
376 4310 468 4359 Dei
499 4318 610 4358 sive
643 4308 903 4372 scriptum
938 4318 1050 4358 sive
1083 4308 1357 4371 traditum,
1395 4313 1448 4361 in
1521 4323 1590 4361 uo
1627 4312 1812 4362 divina
1845 4310 2096 4361 revelatio
2130 4309 2457 4369 continetur,
2487 4306 2669 4369 regula
2688 4318 2765 4356 re-

162 4372 326 4481 ηιιζιιέ,
359 4381 454 4431 seu
488 4371 729 4422 noediata.
772 4370 825 4421 V.
864 4371 1167 4433 propositio
1202 4374 1255 4423 θ’
1290 4372 1487 4446 damna
1577 4384 1609 4423 a
1641 4374 1739 4424 Pio
1773 4374 1844 4423 IX
1878 4374 1932 4424 in
1967 4370 2186 4445 Syllaba.

225 4494 247 4530 ⁸
281 4444 426 4543 ιιθεειῗί
454 4443 656 4567 Fessa-l,
676 4432 747 4545 I171.
767 4434 1616 4572 Ἔπθξιῖἷί]1ῐξθξηὶῗῗῖειῗξιέςὶωιῗηᾶ
1639 4436 1922 4560 ἐῗιίῗίθὲτξέα
1934 4433 2300 4570 οξιῃζιῗξξὲνεω
2346 4518 2409 4530 -
2464 4492 2758 4555 Wiseman‚

160 4553 470 4615 Conferenze
499 4560 711 4608 intorno
741 4559 848 4608 alle
877 4560 1156 4621 principali
1189 4560 1414 4611 doctrine
1446 4560 1584 4611 della
1620 4560 1800 4612 chiesa
1832 4560 2117 4619 cattoltca,·
2145 4583 2211 4595 —
2240 4558 2443 4617 Malou,
2477 4556 2623 4607 Delta
2671 4556 2762 4606 tet·

162 4616 285 4669 tura
314 4620 453 4691 detta
485 4619 662 4670 Bibbta
695 4622 748 4671 in
781 4622 958 4684 linqua
990 4623 1235 4683 volqare‚·
1264 4648 1330 4660 —
1361 4622 1607 4681 tidenter,
1644 4621 1928 4675 Detl’unitci
1958 4621 2094 4674 della
2129 4621 2323 4694 Chic-su,
2360 4631 2405 4670 c.
2426 4622 2488 4679 2:
2510 4644 2576 4656 —
2597 4617 2760 4669 Char·

156 4684 275 4788 ἶῐπ,
321 4681 491 4732 Gauda
519 4680 597 4732 del
629 4685 953 4734 catecumeno
985 4684 1198 4745 vatdese,
1230 4696 1339 4761 par.
1372 4686 1456 4747 4·;
1492 4710 1556 4723 -
1589 4685 1818 4750 Lignori,
1866 4685 2035 4750 Opera
2063 4685 2372 4748 domama,
2408 4692 2539 4733 sess.
2570 4690 2624 4730 iv
2648 4693 2663 4743 ;
2701 4703 2763 4716 —

209 4740 430 4801 attinet,
467 4743 735 4794 Soluzione
766 4744 825 4797 dt
855 4758 989 4808 oran
1015 4746 1287 4809 problema,
1322 4748 1357 4799 1.
1394 4760 1455 4809 ιι,
1488 4758 1595 4805 ecc.
