3292 5167
902 284 982 330 nn
1027 279 1209 332 VlTlls
1257 284 1561 332 nemimem
1610 280 1913 330 orrosrrls
2624 261 2703 328 81

215 386 277 452 R.
321 382 417 451 Ad
471 385 545 451 3:
596 388 714 453 Est
763 386 1135 454 idololatria
1197 387 1415 455 scelus
1465 386 1766 472 profecto
1815 383 2331 466 atrocissimum,
2383 382 2561 469 quod
2617 382 2711 452 sic

147 489 404 560 ostendit
452 493 839 577 Angelicus:
889 495 1056 562 Sicut
1101 495 1269 560 enim
1312 495 1380 560 in
1419 506 1670 561 terrena
1714 493 2034 580 republicsi
2077 492 2544 584 {mavis-simum
2589 511 2715 564 esse

148 597 375 682 videtur,
422 599 594 682 quod
636 601 867 686 aliquis
898 603 1193 668 honorem
1221 602 1464 686 reqium
1495 601 1682 667 alteri
1717 599 2056 686 impendat,
2102 618 2292 683 quam
2329 618 2472 665 vero
2519 597 2714 683 reqi...

152 704 219 770 ita
244 704 305 769 in
331 704 611 790 peccatis
645 725 783 792 quoe
819 720 1036 774 contra
1070 711 1266 775 Deum
1297 709 1785 788 committuntur,
1828 725 1966 791 quoe
1995 717 2204 772 tamen
2233 717 2377 773 sunt
2402 705 2715 785 mamima,

152 810 565 894 pravissimum
610 833 738 879 esse
782 814 1044 897 videtur,
1092 814 1255 898 quod
1297 814 1530 898 aliquis
1576 815 1872 880 honorem
1918 812 2202 878 divinum
2246 823 2552 879 creaturoe
2603 810 2720 877 im-

152 915 377 1002 pendo&
421 920 581 1002 quia
623 932 929 1004 qnantum
977 933 1063 988 est
1107 925 1178 986 in
1222 904 1305 1002 se,
1353 921 1507 1006 facit
1552 920 1752 985 alium
1814 923 2013 987 Deum
2060 917 2128 984 in
2173 918 2402 984 mundo
2437 923 2486 983 ¹.
2536 916 2719 986 Unde

157 1024 355 1090 merito
405 1042 440 1090 a
490 1044 549 1093 s.
602 1028 922 1113 Gregorio
984 1029 1392 1097 Nazianzeno
1465 1045 1539 1094 ea
1610 1017 1885 1095 vocatur
1953 1037 2302 1093 eaetremum
2346 1038 2401 1126 et
2445 1026 2722 1111 primum

157 1130 429 1197 malorum
462 1130 493 1175 ²
510 1157 531 1213 ;
591 1134 773 1219 quod
821 1135 1084 1220 quidem
1122 1136 1335 1222 primo
1386 1135 1512 1203 hoc
1562 1133 1870 1218 Decalogi
1907 1138 2245 1219 praecepto
2282 1131 2717 1217 prohibetur:

156 1256 255 1301 non
293 1238 540 1305 habebis
592 1241 732 1309 deos
769 1243 1010 1309 alienos
1055 1262 1270 1309 coram
1315 1262 1430 1308 me.

226 1351 398 1413 m).
451 1349 527 1427 Q.
582 1349 645 1414 2.
699 1349 861 1430 Quid
903 1363 997 1417 est
1041 1348 1396 1415 divinatio?

225 1453 287 1518 R.
332 1452 668 1522 Divinatio
717 1456 934 1542 (quasi
1002 1456 1219 1523 divina
1278 1457 1481 1536 actio,
1530 1453 1632 1521 vel
1703 1453 1920 1519 divina
1969 1453 2169 1536 notio)
2222 1458 2324 1520 est
2393 1451 2587 1518 tacita
2635 1451 2725 1517 oei

159 1577 419 1643 expressa
464 1562 774 1629 doemonis
817 1564 1124 1630 invocatio
1179 1562 1264 1629 od
1324 1560 1777 1647 coquoscendas
1821 1579 1921 1625 ⁴ns
1987 1561 2239 1645 futuras
2260 1559 2271 1572 '
2295 1559 2390 1624 vel
2435 1558 2722 1625 occultas.

164 1665 413 1733 Dicitur:
463 1672 665 1737 tacita
708 1671 805 1736 vel
849 1677 1191 1757 express-m
1237 1670 1390 1756 quia
1437 1668 1685 1755 duplici
1751 1667 1945 1735 modo
1995 1685 2070 1734 ea
2121 1666 2262 1734 fieri
2313 1672 2575 1751 potest:
2624 1663 2726 1731 vel

164 1773 440 1842 auxilium
498 1795 535 1843 a
590 1776 895 1846 daemone
967 1795 1281 1863 expresse
1350 1773 1759 1857 invocando,
1811 1780 1877 1841 et
1933 1773 2179 1841 dicitnr
2246 1791 2563 1860 eat-pressa.
2611 1769 2730 1840 Vel

167 1879 502 1958 adhibendo
559 1884 641 1951 ad
684 1884 931 1971 aliquid
979 1883 1519 1971 cognoscendum
1553 1882 1768 1951 media
1803 1900 1884 1950 ex
1932 1901 2003 1951 se
2045 1880 2615 1949 omninoinutilia
2664 1886 2730 1947 et

170 1986 508 2070 inefficacia,
569 1999 634 2059 et
684 1990 926 2059 dicitur
970 1993 1160 2060 tacita
1208 1991 1533 2059 daemonis
1584 1990 1942 2070 invocati03
1995 2007 2144 2056 cum
2194 1988 2370 2057 enim
2420 1988 2568 2055 talis
2633 1988 2730 2054 rei

179 2098 535 2165 consecutio
590 2116 625 2164 a
674 2101 814 2167 Deo
864 2099 1091 2167 haberi
1141 2107 1446 2184 nequeat,
1475 2098 1585 2184 qui
1613 2097 1828 2165 media
1854 2097 2070 2164 inania
2106 2113 2238 2164 non
2274 2094 2735 2175 instituit3ne—

175 2216 277 2283 que
316 2203 390 2270 ab
437 2204 710 2289 Angelis
760 2206 871 2292 qui
922 2205 1051 2273 illis
1102 2222 1234 2272 non
1283 2211 1584 2286 utuntur,
1633 2203 1941 2289 sequitur
1989 2200 2374 2288 praedictam
2424 2201 2726 2269 occulto-

180 2324 292 2373 rum
335 2310 642 2379 notitiam
691 2330 726 2378 a
773 2312 1080 2380 daemone
1128 2311 1481 2398 expectari,
1533 2311 1644 2396 qui
1695 2311 1761 2377 in
1811 2310 1912 2379 his
1961 2328 2052 2380 se.
2082 2309 2430 2390 immiscet,
2468 2315 2540 2375 ut
2575 2326 2735 2394 pos-

180 2413 246 2480 sit
281 2416 577 2487 homines
628 2419 708 2486 ad
758 2420 858 2488 sui
909 2419 1161 2488 cultum
1211 2418 1495 2488 trahere.
1544 2420 1626 2485 Et
1676 2417 1802 2486 hoc
1850 2436 1930 2486 ex
1979 2434 2220 2502 genere
2290 2435 2411 2483 suo
2486 2415 2731 2501 grande

134 2563 141 2568 ,
186 2521 357 2591 scelus
404 2534 555 2609 est,
623 2545 773 2594 cum
821 2527 908 2596 sit
956 2526 1343 2595 societatem
1390 2525 1557 2622 inire
1608 2544 1760 2594 cum
1809 2532 2040 2593 nostro
2114 2543 2189 2592 ac
2238 2531 2563 2610 perpetuo
2611 2520 2732 2591 Dei

186 2629 438 2700 inimico:
490 2642 785 2703 attamen
834 2634 1029 2702 tacita
1077 2633 1405 2702 invocatio
1456 2631 1857 2718 quandoque
1928 2650 1963 2698 a
2034 2631 2209 2717 gravi
2272 2630 2464 2716 culpa
2512 2635 2736 2715 potest

185 2742 438 2808 excusari
490 2743 594 2809 vel
629 2741 716 2809 ob
766 2737 1258 2827 simplicitatem
1307 2740 1411 2807 vel
1451 2741 1538 2808 ob
1570 2739 2249 2807 inconsiderationem
2299 2744 2365 2806 et
2418 2738 2730 2821 ignoran-

185 2843 308 2912 tiam
350 2865 581 2915 eorum
633 2848 746 2934 qui
796 2848 898 2915 his
938 2855 1211 2930 vacant,
1261 2846 1633 2934 praesertim
1683 2847 1738 2914 si
1787 2864 1867 2914 ex
1908 2846 2064 2931 Joco
2113 2852 2179 2914 et
2226 2845 2514 2926 levitate,
2566 2842 2738 2928 quin·

185 2951 390 3037 aliquid
437 2955 599 3023 mali·
643 2956 1086 3041 suspicentur,
1133 2953 1225 3021 ita
1272 2972 1344 3023 se
1392 2960 1642 3039 gerant

253 3064 403 3125 ΙΙΙ.
453 3067 528 3145 Q.
579 3065 640 3131 3.
694 3064 857 3144 Quid
898 3064 971 3130 de
1014 3074 1405 3129 mortuorum
1449 3062 1993 3149 apparitionibus?

254 3171 314 3238 R.
359 3174 628 3239 Certum
677 3178 780 3238 est
827 3178 1244 3238 mortuorum
1291 3169 1740 3256 apparitiones
1789 3186 1937 3236 esse
1988 3167 2376 3253 possibiles,
2430 3169 2568 3233 Deo
2619 3181 2737 3230 vo-

188 3274 374 3360 lente3
416 3298 569 3348 cum
618 3280 789 3348 bene
838 3277 1049 3365 possit
1097 3277 1419 3345 suscitare
1468 3276 1581 3362 qui
1632 3276 1849 3362 potuit
1897 3293 2141 3356 creare,
2178 3281 2242 3342 et
2282 3272 2598 3359 plurimas
2634 3289 2742 3356 ge*

192 3385 353 3452 nuina
399 3387 677 3456 historia
726 3392 1023 3455 enarret:
1072 3385 1248 3454 unde
1296 3384 1596 3466 dicimuS,
1639 3402 1751 3452 eas
1802 3402 1934 3451 non
1984 3402 2132 3451 esse
2181 3390 2313 3449 tam
2363 3380 2551 3448 facile
2601 3379 2741 3446 irri-

191 3491 455 3563 sionibus
503 3501 570 3564 et
621 3501 1012 3580 contemptu
1084 3491 1549 3578 excipiendas,
1625 3490 1718 3559 uti
1792 3490 2187 3578 quibusdam
2251 3489 2568 3556 familiare
2617 3494 2741 3555 est.

195 3598 328 3666 ilinc
370 3602 607 3669 merito
657 3601 718 3669 d.
766 3601 1173 3687 Augustinus
1200 3595 1267 3662 ·⁸:
1316 3604 1568 3686 Maqnoe
1614 3598 2012 3686 impudentioe
2065 3611 2150 3670 est
2217 3585 2447 3684 neyare
2492 3596 2744 3662 animas

194 3707 484 3777 idemidem
528 3732 563 3776 3
605 3713 738 3778 suis
780 3711 1023 3778 sedibus
1066 3710 1150 3776 ad
1192 3730 1306 3776 nos
1352 3709 1587 3787 emitti;
1633 3728 1777 3775 cum
1819 3719 1906 3774 tot
1975 3708 2100 3775 viri
2145 3707 2451 3794 sapientes
2518 3717 2572 3770 et
2619 3706 2744 3769 Deo

192 3816 332 3899 pleni
369 3819 638 3906 idipsum
683 3819 927 3886 ratione
970 3830 1025 3885 et
1068 3819 1488 3905 experimento
1534 3813 1921 3903 comprobent
1966 3835 2097 3882 suo.

264 3922 391 3990 Non
439 3933 657 3993 tamen
708 3900 1099 4020 negandum,
1150 3923 1329 4009 quod
1377 3923 1559 3991 hisce
1592 3920 2121 4008 apparitionibus
2156 3926 2346 3988 caute
2380 3914 2741 3984 admodum

201 4023 332 4096 fides
374 4032 455 4100 sit
504 4031 916 4110 adhihenda,
968 4049 1118 4099 cum
1165 4032 1530 4098 innumerae
1581 4029 1839 4096 diffusae
1893 4029 2025 4096 sint
2072 4028 2194 4095 hac
2241 4043 2444 4110 super
2491 4041 2561 4090 re
2605 4039 2750 4089 nar-

201 4138 549 4209 ratiuncula>
603 4159 878 4228 prorsus
927 4141 1246 4208 fabulosae
1283 4139 1382 4208 vel
1431 4136 1511 4205 ad
1553 4137 1861 4205 timorem
1899 4132 2382 4214 incutiendum,
2414 4130 2515 4199 vel
2550 4131 2749 4199 etiam

202 4243 264 4308 ad
304 4246 625 4334 simplices
675 4247 856 4334 ipsos
905 4246 1330 4334 decipiendos
1371 4244 1869 4314 consarcinatae.
1909 4243 2031 4324 Qui
2066 4242 2305 4309 horum
2339 4256 2557 4321 causa,
2597 4253 2751 4322 gra-

182 4591 188 4598 '
256 4533 418 4649 {isit}
434 4551 501 4652 ge
530 4539 789 4663 cotiraapffo
837 4600 1075 4651 mortuis.
1118 4621 1183 4636 -
1238 4598 1295 4649 V.
1326 4597 1520 4655 veneo,
1555 4531 1794 4654 Βὶἰῠῗιξιῗι
1801 4542 2053 4653 ogig&
2068 4590 2174 4644 vol.
2207 4603 2271 4643 n:
2325 4592 2666 4654 Appartztone
2696 4589 2751 4638 αἱ

214 4656 403 4712 &maele
431 4676 462 4713 a
495 4664 682 4715 santae.
736 4688 800 4700 -
832 4662 1061 4726 Lignori,
1096 4662 1306 4711 Dissert.
1344 4658 1661 4720 Theoloyico-
1645 4656 1876 4718 -Morah‘,
1922 4656 2061 4706 DisS.
2113 4666 2172 4715 11,
2227 4665 2282 4705 n.
2336 4656 2412 4705 16.
2447 4679 2510 4691 -
2539 4653 2751 4710 CalinO,

217 4718 540 4787 Quare-simale,
573 4738 626 4789 p.
664 4738 753 4778 ni:
788 4725 876 4776 Sul
902 4724 1227 4789 puryatorto.
