3292 5167
473 247 606 317 too
1492 266 1607 312 tm.
1658 264 1721 311 u.
1775 265 1990 311 ruer.
2038 263 2118 311 vt.

561 367 745 431 Ratio
791 367 1189 447 disparitatis
1236 368 1406 433 inter
1451 367 1989 447 computationem
2035 365 2289 430 civilem
2354 375 2419 430 et
2477 368 2875 443 canonicam,
2933 376 3056 444 est,

471 451 617 529 quia
664 449 1053 527 computatio
1084 451 1392 511 canonica
1431 449 1692 511 inducta
1737 456 1835 509 est
1872 464 1986 527 pro
2033 446 2252 527 regula
2294 448 2876 522 matrimoniorum,
2914 463 3059 526 quae

472 528 728 610 quidem
778 529 1037 591 nonnisi
1086 531 1253 591 inter
1298 530 1457 592 duos
1491 528 1711 591 baberi
1748 537 2046 607 possunt:
2091 530 2238 590 ideo
2286 528 2350 589 in
2397 526 2532 589 illis
2585 524 2710 590 duo
2759 536 3064 606 tanquam

473 626 637 673 unus
677 620 1074 687 usurpantur
1121 610 1336 687 (causa
1382 610 1478 683 35,
1523 625 1581 688 q.
1625 610 1685 682 5,
1736 626 1787 671 c.
1831 609 1918 688 2).
1943 607 2120 682 Quod
2169 624 2296 670 non
2345 610 2563 671 evenit
2606 609 2673 668 in
2732 618 3061 688 computa·

473 691 647 754 tione
691 688 901 764 civili3
947 691 1011 751 in
1049 705 1120 751 ea
1166 689 1484 769 siquidem
1531 690 1694 752 ratio
1762 690 2031 752 babetur
2102 689 2549 763 successionis,
2595 689 2657 749 in
2692 703 2814 765 qua
2848 704 3065 767 perso·

441 774 700 835 'narum
745 786 1050 834 numerus
1096 771 1345 833 variare
1390 769 1569 832 solet.
1615 803 1694 816 —
1736 769 2020 848 idipsum
2063 772 2314 832 obtinet
2349 770 2547 831 etiam
2596 769 2659 829 in
2707 768 3062 845 affinitate;

472 867 614 929 cum
661 852 725 912 in
771 852 911 930 ejus
954 849 1158 930 gradu
1202 850 1626 928 computando
1676 851 1943 914 babetur
2003 852 2164 912 ratio
2223 849 2841 929 consanguinitatis:
2889 849 3063 912 unde

472 932 846 1011 disparitas,
880 948 1019 1010 quae
1064 941 1160 993 est
1205 932 1269 991 in
1315 926 1899 1008 consanguinitate,
1942 932 2067 993 erit
2111 933 2304 994 etiam
2373 929 2440 991 iu
2498 929 2847 992 affinitate:
2910 931 3065 992 binc

472 1012 674 1075 Titius
718 1013 1067 1075 secundum
1114 1016 1657 1089 computationem
1704 1012 2078 1074 canonicam
2123 1021 2221 1073 est
2263 1010 2471 1073 affinis
2507 1012 2570 1070 in
2605 1012 2821 1088 primo
2850 1010 3064 1089 gradu

476 1109 618 1157 cum
667 1108 864 1155 uxore
908 1092 1127 1154 fratris
1170 1093 1296 1164 sui;
1344 1101 1440 1152 est
1482 1101 1694 1153 autem
1740 1094 1808 1153 in
1852 1090 2135 1156 secundo
2179 1090 2384 1170 gradu
2427 1089 2638 1153 affinis
2704 1090 3064 1154 secundum

476 1175 1016 1251 computationem
1061 1172 1344 1235 civilem.

557 1253 771 1327 Quoad
816 1253 1188 1315 affinitatem
1235 1262 1445 1314 autem
1494 1250 1773 1314 notanda
1836 1264 1991 1317 sunt
2056 1268 2199 1314 cum
2260 1250 2581 1314 Ferrero:
2657 1275 2679 1304 ι
2742 1248 3062 1315 L’afflnita

480 1350 608 1395 non
648 1331 925 1412 produce
973 1332 1156 1395 alcun
1204 1333 1401 1410 grado
1447 1331 1510 1393 di
1555 1332 1984 1408 successione,
2050 1333 2309 1411 perche,
2353 1346 2532 1393 come
2577 1330 2721 1393 dice
2767 1330 3059 1393 il'testo:

475 1413 808 1494 affinitatis
840 1413 995 1492 jure
1035 1413 1216 1476 nulla
1259 1412 1567 1474 successio
1607 1414 2023 1495 permittitur.
2068 1411 2208 1475 Cosi
2246 1428 2314 1473 se
2354 1410 2534 1474 Tizio
2568 1425 2791 1473 muore
2836 1411 2916 1472 ab
2967 1411 3066 1474 in·

481 1503 708 1557 testato
753 1494 1073 1555 lasciando
1118 1495 1446 1572 superstiti
1499 1510 1533 1554 e
1582 1493 1711 1570 flgli
1760 1509 1795 1554 e
1839 1493 2073 1572 moglie
2120 1493 2179 1553 d'
2215 1509 2341 1555 uno
2388 1493 2486 1553 zio
2534 1502 2803 1570 paterno
2847 1510 2883 1551 o
2933 1507 3063 1555 ma·

479 1582 661 1638 terno
707 1585 1048 1653 premorto,
1088 1574 1380 1637 ereditan
1425 1574 1551 1637 essi
1601 1572 1758 1651 figli,
1802 1589 1837 1635 ε
1882 1590 2011 1635 uon
2057 1573 2114 1635 la
2162 1572 2395 1652 moglie
2440 1571 2613 1634 dello
2659 1572 2778 1647 zio,
2825 1574 3065 1651 perche

480 1671 606 1718 non
652 1658 684 1715 e
729 1656 1202 1732 consanguinea
1249 1669 1283 1717 a
1326 1655 1523 1729 Tizio,
1568 1669 1666 1715 ma
1713 1653 1801 1733 gli
1848 1656 1883 1715 e
1927 1654 2061 1716 solo
2108 1656 2199 1715 zia
2250 1670 2361 1731 per
2405 1651 2670 1715 affinita.
2717 1675 2738 1704 ι

554 1733 750 1796 58¹2.
795 1735 876 1797 Ut
921 1744 1131 1797 tamen
1172 1750 1456 1813 praesens
1544 1738 1771 1797 uaestio
1795 1734 2046 1812 plenius
2087 1733 2509 1813 intelligatur,
2556 1730 2907 1794 videndum
2957 1734 3066 1812 qui

478 1825 681 1879 status
712 1824 776 1877 et
818 1824 995 1877 actus
1025 1824 1227 1878 status
1256 1816 1484 1890 civiliS,
1560 1813 1938 1890 omicilium,
1975 1815 2365 1889 residentia3
2402 1815 2508 1893 qui
2544 1812 2799 1887 tratreS,
2832 1829 3065 1891 paren·

482 1906 596 1967 teS,
644 1895 798 1969 lilii3
842 1898 1121 1973 agnatio,
1168 1896 1579 1973 legitimati03
1623 1894 1773 1975 quid
1824 1895 1902 1957 de
1947 1895 2322 1957 absentibus
2366 1903 2431 1956 et
2474 1891 2624 1955 filiis
2670 1894 3010 1972 expositis.

558 1977 857 2036 Status
891 1973 1191 2037 civilis.
1238 1974 1452 2038 Status
1496 1976 1710 2038 civilis
1754 1985 1852 2038 est
1898 1974 2153 2038 illarum
2201 1974 2641 2037 conditionum
2677 1971 3066 2052 complexio,

480 2072 620 2135 quae
664 2072 697 2117 a
741 2056 892 2117 Jure
959 2056 1133 2119 civili
1209 2060 1645 2135 requiruntur,
1692 2064 1761 2118 ut
1803 2059 1946 2135 quis
1989 2054 2288 2118 civilibus
2334 2054 2590 2134 iuribus
2661 2052 2786 2115 frui
2837 2055 3065 2133 possit.

480 2151 553 2198 ac
598 2136 821 2198 civitas
866 2137 1170 2199 oneribus
1214 2139 1443 2215 subjici
1490 2153 1522 2197 a
1571 2137 1861 2215 positivis
1927 2138 2107 2215 regni
2177 2135 2428 2216 legibus
2487 2135 2766 2198 statutis,
2834 2134 3069 2198 Civilia

478 2216 617 2295 jura
668 2216 904 2278 habent
949 2232 1073 2279 non
1123 2226 1365 2279 tantum
1424 2217 1660 2293 singuli
1707 2216 1970 2292 subditi,
2019 2217 2130 2278 sed
2175 2218 2367 2279 etiam
2432 2230 2704 2294 corpora
2772 2215 3070 2292 moralia,

487 2305 554 2358 ut
597 2294 889 2375 collegia,
932 2300 1404 2370 universitates,
1448 2313 1588 2376 quae
1634 2296 1884 2374 publica
1931 2296 2310 2360 auctoritate
2377 2296 2640 2376 probata
2688 2304 2874 2370 sunt;
2924 2311 3068 2359 cum

486 2385 557 2439 ut
605 2376 862 2439 totidem
915 2394 1204 2456 personae
1251 2377 1622 2439 habeantur.
1682 2376 1898 2440 Status
1941 2377 2154 2440 civilis
2199 2379 2576 2456 acquiritur,
2641 2393 2756 2437 seu
2823 2376 3060 2439 subditi

483 2465 826 2519 censentur
871 2459 970 2519 vel
1016 2461 1122 2537 qui
1173 2458 1330 2519 tales
1374 2467 1745 2532 nascuntur,
1792 2458 1887 2521 vel
1944 2461 2048 2537 qui
2101 2457 2258 2519 tales
2304 2467 2516 2536 postea
2566 2456 2749 2517 fiunt.

560 2535 930 2600 Nascuntur
970 2539 1209 2600 subditi
1252 2540 1358 2617 qui
1409 2548 1655 2616 patrem
1701 2537 1800 2599 vel
1850 2548 2116 2600 matrem
2158 2539 2398 2600 habent
2426 2537 2775 2612 subditam,
2806 2552 3069 2615 ejusque

483 2628 837 2694 sequuntur
881 2617 1343 2693 conditionem,
1393 2619 1512 2681 etsi
1562 2620 1626 2678 in
1656 2627 1893 2680 extera
1938 2618 2203 2681 ditione.
2250 2618 2592 2681 Paternum
2625 2617 3070 2679 conditionem

483 2706 841 2776 sequuntur
868 2698 983 2759 filii
1023 2698 1315 2778 legitimi,
1350 2699 1685 2776 legitimati
1723 2698 1820 2760 vel
1858 2700 2187 2761 naturales
2217 2698 2515 2777 legaliter
2549 2715 2583 2760 a
2617 2707 2803 2777 patre
2846 2698 3070 2776 agniti:

483 2787 840 2841 maternam
887 2795 1036 2848 vero
1081 2778 1517 2841 conditionem
1561 2787 1922 2858 sequuntur
1963 2780 2077 2842 filii
2118 2779 2442 2842 naturales
2488 2795 2521 2841 a
2569 2790 2775 2840 matre
2820 2785 3071 2840 tantum

483 2860 706 2937 agniti.
751 2857 889 2920 Non
938 2868 1282 2921 censentur
1326 2859 1568 2922 subditi
1611 2862 1719 2937 qui
1767 2870 2121 2923 nascuntur
2164 2875 2243 2921 ex
2287 2870 2507 2925 extera
2555 2868 2734 2938 parte
2769 2859 2937 2920 intra
2978 2858 3070 2919 di·

490 2940 732 3001 tionem
780 2947 1085 3015 nostram,
1134 2943 1258 3002 nisi
1317 2949 1576 3002 exterus
1609 2938 2008 3003 domicilium
2055 2940 2400 3002 inditione
2433 2941 2647 3001 fixerit
2677 2954 2818 3000 cum
2857 2939 3071 3000 animo

492 3019 583 3080 ibi
635 3031 940 3098 perpetuo
984 3021 1310 3095 manendi,
1353 3023 1459 3100 qui
1510 3030 1661 3082 tunc
1704 3020 1928 3083 adesse
1978 3025 2387 3099 praesumitur
2430 3036 2570 3082 cum
2619 3029 2928 3082 continuo
2963 3035 3072 3098 per

491 3100 881 3163 decennium
932 3102 1376 3179 permanserit,
1421 3117 1548 3162 non
1599 3109 1813 3163 tamen
1858 3111 2237 3163 mercaturae
2293 3117 2507 3181 causa..
2545 3098 2692 3162 Filii
2738 3107 2930 3162 etiam
2977 3116 3074 3161 ex·

493 3180 708 3259 positi,
752 3182 859 3260 qui
909 3192 1176 3244 matrem
1225 3181 1463 3244 babent
1499 3184 1835 3254 incertam,
1877 3182 1928 3243 si
1978 3182 2041 3243 in
2079 3182 2405 3243 territorio
2444 3184 2574 3241 nati
2610 3182 2763 3256 sint,
2799 3196 2829 3242 a
2871 3190 3073 3241 matre

490 3259 747 3323 subdita
798 3270 1276 3340 proesumuntur
1323 3264 1475 3325 nati.
1534 3260 1577 3323 V
1637 3261 1973 3336 Ferraris;
2018 3259 2079 3322 V.
2130 3260 2317 3336 Civis,
2365 3261 2677 3324 Civilitas.

573 3338 826 3403 Subdita·
868 3349 1074 3403 autem
1116 3342 1314 3421 fiunt.-
1362 3343 1423 3421 1)
1472 3343 1629 3420 legis
1689 3342 2009 3405 beneficio
2053 3343 2122 3415 ii,
2165 3343 2271 3421 qui
2321 3348 2673 3404 nascuntur
2729 3355 2810 3401 ex
2874 3349 3074 3418 patre,

489 3425 596 3498 qui
641 3421 720 3482 ob
765 3420 1014 3500 culpam
1048 3422 1191 3500 jura
1240 3424 1455 3485 civilia
1502 3423 1823 3484 amiserit:
1872 3424 1976 3484 isti
2023 3423 2195 3484 enim
2256 3425 2374 3484 etsi
2442 3422 2530 3484 uti
2600 3422 2891 3484 extranei
2963 3421 3072 3482 ba·

491 3500 784 3575 beantur,
826 3503 879 3562 si
927 3510 1136 3565 tamen
1185 3504 1350 3566 intra
1397 3518 1637 3565 annum
1682 3502 1761 3565 ab
1805 3501 2033 3582 adepta
2100 3502 2325 3581 majori
2392 3510 2581 3565 aetate
2650 3501 3073 3581 profiteantur

490 3597 558 3642 se
605 3579 770 3653 velle
819 3596 1195 3658 permanere
1241 3584 1305 3645 in
1353 3582 1909 3662 domicili0‚.quod
1943 3583 2108 3662 apud
2144 3599 2254 3643 nos
2281 3584 2413 3660 jam
2449 3583 2718 3645 babent:
2756 3580 2855 3643 vel
2894 3580 3074 3657 illud,

489 3663 540 3722 si
589 3660 739 3722 alibi
789 3674 1138 3739 morentur,
1183 3679 1377 3741 penes
1415 3680 1529 3724 nos
1591 3661 1945 3725 transferre
1989 3672 2051 3725 et
2090 3678 2317 3740 reapse
2364 3665 2531 3724 intra
2581 3663 2849 3742 hujusce
2913 3664 3069 3725 anni

490 3745 765 3821 spatium
814 3742 1209 3805 transferant
1250 3759 1283 3805 a
1329 3743 1785 3807 declarat-ionis
1850 3741 1957 3805 die
2024 3743 2543 3823 computandum,
2615 3754 2766 3805 tunc
2833 3741 3067 3805 subditi

489 3822 866 3964 gualitatem
911 3825 1284 3901 acquirunt3
1327 3824 1393 3901 2)
1439 3823 1830 3885 matrimonii
1871 3826 1933 3885 vi
1980 3830 2200 3886 extera
2239 3823 2526 3900 foemina,
2570 3839 2710 3903 quae
2752 3822 2897 3883 viro
2928 3822 3069 3885 sub·

509 3905 625 3965 'ito
671 3905 976 3980 nupserit,
1026 3913 1089 3964 et
1134 3906 1266 3982 ipsa
1311 3903 1563 3966 subdita
1613 3905 1717 3977 fit3
1765 3903 1830 3980 3)
1877 3904 2190 3983 principis
2262 3905 2579 3985 rescripto
2623 3901 2862 3965 subditi
2913 3903 3073 3966 fiunt

489 3985 596 4061 qui
643 3980 887 4045 Literas
929 3985 1377 4046 naturalitatis
1422 3985 1737 4055 obtinent,
1784 3984 1966 4046 modo
2036 3993 2246 4046 tamen
2294 3984 2456 4065 apud
2513 4000 2628 4065 nos
2673 3983 3074 4047 domicilium

490 4066 772 4137 fixerint,
816 4071 881 4125 et
923 4066 1125 4144 princi
1181 4065 1197 4125 i
1265 4064 1642 4127 fidelitatem
1703 4066 2088 4145 juraverint.
2134 4064 2323 4143 (Vide
2386 4073 2504 4127 art.
2554 4066 2583 4127 1
2651 4073 2715 4128 et
2777 4080 2954 4143 seqq.
3001 4095 3073 4109 --

496 4143 558 4286 g.
603 4143 958 4300 31:333)-
1007 4144 1069 4206 C.
1175 4145 1487 4219 ,103—
1534 4144 1595 4207 C.
1644 4142 1703 4206 S.
1750 4147 1860 4220 10;
1901 4179 1981 4190 —
2028 4143 2089 4207 C.
2138 4146 2204 4207 P.
2252 4146 2359 4221 133
2422 4177 2502 4192 -·
2571 4144 2635 4207 C.
2695 4145 2776 4207 Μ.
2845 4143 2954 4220 ¹16;
3000 4174 3074 4187 -—

571 4304 664 4365 Ex
711 4303 851 4366 God.
894 4305 1174 4381 civ.‚art.
1219 4306 1293 4367 3:
1336 4304 1417 4365 Lo
1459 4306 1778 4369 stranieri)
1819 4307 1850 4367 θ
1892 4320 2189 4367 ammesso
2223 4321 2264 4366 a
2304 4305 2526 4386 podere
2570 4305 2669 4367 dei
2710 4305 2932 4368 dirim
2985 4303 3073 4365 ci·

492 4383 607 4447 vili
646 4383 978 4448 attribuiti
1018 4385 1086 4447 ai
1127 4385 1430 4448 cittadt'm'
1457 4406 1482 4457 ‚·
1527 4386 1666 4465 ejus
1714 4395 1924 4448 tamen
1991 4384 2308 4465 capacitas
2372 4401 2446 4449 ac
2510 4393 2714 4447 status
2781 4383 3070 4462 regulam

493 4465 727 4605 accigit
768 4481 801 4525 a
849 4463 1097 4544 legibus
1141 4468 1421 4528 nationis
1463 4469 1644 4546 cnjus
1689 4476 1789 4528 est
1857 4468 2015 4529 civis
2058 4481 2137 4529 ex
2180 4473 2297 4529 art.
2339 4464 2378 4529 6
2419 4465 2702 4544 disposit.
2746 4463 3077 4547 generalis.

492 4579 572 4590 —
620 4591 679 4686 G.
725 4544 801 4686 «ἓν.
842 4545 1321 4687 ἒ4,2ἑ15;-0.
1370 4544 1440 4608 G.
1486 4547 1543 4622 3,
1591 4546 1705 4620 113
1747 4579 1826 4593 —-
1871 4545 1935 4609 C.
1977 4545 2037 4609 S.
2071 4545 2131 4621 6,
2170 4545 2444 4620 93-0.
2490 4546 2559 4607 P.
2603 4545 2870 4620 ὖς-Ο,
2906 4544 3074 4617 Μ.3;

569 4702 769 4765 588.
815 4704 1083 4765 Actus
1121 4709 1404 4765 sutus
1444 4701 1745 4765 otvnts.
1792 4704 2166 4783 Respiciuut
2207 4714 2385 4769 actus
2433 4706 2813 4781 nativitatis,
2865 4709 3077 4769 matri-
