3292 5167
356 282 390 293 --
442 240 578 308 468
1185 253 1300 301 nin.
1347 254 1673 302 11.··raAcr.
1723 254 1825 300 vu.
1874 254 2027 300 mse.
2076 254 2116 299 ι.
2164 252 2296 299 car.
2346 249 2387 297 1.

439 364 610 445 loco,
661 361 769 428 ubi
819 360 1127 427 dominus
1175 376 1321 427 eam
1369 357 1802 444 possedisset,
1853 356 1907 425 si
1959 375 2090 425 non
2139 356 2376 426 fuisset
2422 357 2479 425 ei
2534 357 2895 440 subrepta,
2970 361 3044 423 et

259 517 269 528 -
353 484 360 495 “
443 467 752 556 expensis
803 465 1215 551 possessoris
1264 465 1454 533 malae
1507 464 1658 532 fidei
1707 464 1808 532 vel
1858 463 2085 549 injusti
2134 462 2675 545 damnificatoris,
2742 462 2821 531 iis
2894 468 3048 529 tan-

444 574 790 645 tummodo
840 571 1163 663 deductis,
1213 576 1377 658 quas
1427 572 1696 643 fecisset
1744 570 2055 641 dominus
2102 570 2168 639 in
2218 571 2389 657 eJus*
2416 569 2928 669 conservatione
2979 576 3049 637 et

444 683 900 753 translatione.
949 683 1112 749 Nam
1160 680 1215 747 si
1264 699 1351 763 ex⁴
1395 698 1524 748 una
1574 687 1761 765 parte
1808 678 2120 748 dominus
2170 680 2257 748 ob
2308 678 2579 748 alterius
2644 678 2908 762 culpam
2941 677 3051 764 ja-

448 799 701 860 cturam
751 789 878 876 pati
933 806 1064 855 non
1113 785 1333 868 debet,
1405 804 1485 854 ex
1542 785 1669 853 alia
1724 803 1941 872 neque
1989 786 2380 883 locupletari
2427 785 2508 854 de
2555 784 2809 853 alienis.

536 894 743 962 θῦε.
792 900 865 978 Q.
913 898 976 964 9.
1024 897 1124 962 An
1160 894 1394 963 debitor
1439 884 1671 961 iterum*
1711 894 1918 961 debeat
1964 894 2303 976 restituere,
2341 895 2399 961 si
2443 893 2709 961 debitum
2734 911 2850 981 per
2877 910 3050 959 nun-

449 1005 606 1071 tium
651 1003 889 1089 fidelem
933 1002 1018 1069 ad
1060 1001 1420 1069 creditorem
1467 995 1748 1083 missum,
1796 1002 2058 1069 alterius
2103 1003 2291 1088 culpa
2333 1002 2429 1068 vel
2473 1020 2622 1068 casu
2674 1000 2935 1089 periem't
2980 998 3055 1064 in

451 1110 583 1196 ejus
629 1109 1099 1176 translatione?

543 1219 613 1285 R.
665 1217 731 1283 Si
783 1234 889 1285 res
938 1224 1039 1284 est
1087 1215 1493 1283 restituenda
1543 1217 1761 1285 sotum
1812 1234 1892 1284 ex
1942 1234 2013 1284 re
2061 1221 2356 1300 accepta,
2406 1231 2523 1281 seu
2572 1232 2607 1280 a
2657 1228 3054 1299 possessore

454 1325 650 1413 bonae
701 1322 880 1404 fidei,
931 1322 1038 1389 iila
1087 1322 1259 1407 perit
1308 1322 1578 1390 domino
1607 1348 1625 1403 ;
1677 1323 1831 1408 quia
1879 1339 2234 1407 possessor
2278 1322 2476 1390 bonae
2527 1319 2685 1387 fidei
2748 1338 2882 1386 non
2950 1324 3054 1385 est

455 1430 521 1498 in
569 1430 760 1516 cuipa
809 1448 1026 1515 neque
1073 1429 1136 1497 in
1188 1446 1262 1497 ea
1310 1430 1710 1513 acquirenda
1762 1448 1980 1515 neque
2033 1429 2099 1496 in
2148 1420 2227 1501 ea
2293 1426 2849 1507 transmittenda..
2882 1426 3051 1495 Hinc

448 1538 571 1624 qui
623 1536 687 1604 in
741 1555 938 1622 grege
987 1554 1109 1607 suo
1161 1554 1351 1605 ovem
1398 1537 1672 1605 alterius
1722 1555 1879 1606 casu
1926 1537 2237 1618 inveniat,
2285 1542 2351 1604 et
2397 1535 2616 1602 mittat
2662 1553 2781 1620 per
2842 1533 3056 1601 virum

460 1643 722 1712 fidelem
773 1643 853 1710 ad
902 1643 1274 1724 dominum..
1318 1646 1487 1730 perit
1535 1644 1830 1727 domino,
1878 1645 1934 1711 si
1983 1646 2047 1711 in
2099 1644 2530 1712 transtatione
2588 1651 2833 1727 pereat.

549 1753 615 1820 Si
667 1770 819 1819 vero
872 1770 976 1819 res
1011 1751 1291 1820 debetur
1339 1770 1417 1820 ex
1468 1760 1837 1834 contractu,
1880 1752 2127 1837 pariter
2162 1751 2426 1819 debitor
2458 1750 2539 1817 ad
2576 1749 2735 1816 nibil
2769 1748 3055 1834 amplius

464 1866 753 1937 tenetur,
804 1877 980 1942 casu,
1033 1876 1165 1945 quo
1214 1865 1446 1943 agatur
1493 1858 1574 1927 de
1623 1878 1695 1927 re
1743 1860 2070 1927 existente
2118 1859 2183 1926 in
2252 1856 2613 1940 individuo,
2665 1863 2821 1942 puta
2868 1854 2925 1923 si
2972 1853 3060 1922 sit

465 1967 987 2049 commodatum,
1036 1966 1132 2034 vei
1185 1966 1798 2066 depositumgnam
1847 1986 1953 2036 res
2002 1967 2175 2035 sicut
2222 1975 2372 2048 stat,
2403 1967 2493 2033 ita
2544 1965 2715 2052 perit
2762 1952 3056 2044 domino,

467 2074 588 2141 nisi
644 2073 834 2141 aliter
880 2082 1279 2142 conventum
1330 2074 1440 2142 sit.
1486 2076 1695 2143 Secus
1745 2074 1804 2143 si
1852 2083 2082 2159 agatur
2130 2074 2212 2142 de
2252 2076 2466 2159 pretio
2502 2071 2862 2153 solvendo;
2902 2070 3056 2157 quia

467 2179 730 2249 debitor
776 2179 1147 2248 dominium
1197 2181 1259 2248 in
1313 2180 1474 2249 iilud
1524 2190 1762 2265 servat,
1812 2181 2024 2250 donec
2073 2180 2151 2247 ad
2202 2180 2625 2262 creditorem,
2662 2179 2758 2248 vei
2793 2177 2875 2246 ad
2909 2196 3059 2263 per-

469 2306 701 2357 sonam
757 2307 790 2354 a
843 2288 1175 2357 creditore
1224 2289 1632 2374 designatam
1694 2290 2084 2375 pervenerit.

560 2396 624 2463 Si
678 2395 944 2464 tandem
992 2404 1224 2481 agatur
1269 2396 1350 2464 de
1398 2395 1703 2465 debitore
1753 2416 1829 2464 ex
1867 2395 2109 2466 delicto
2145 2398 2294 2483 (seu
2328 2397 2717 2481 fure)‚-tunc
2753 2394 2895 2479 ipse
2930 2411 3062 2461 non

475 2505 796 2573 liberatur
843 2522 874 2570 a
927 2522 1090 2573 nova
1143 2505 1568 2573 restitutione
1616 2506 1678 2572 in
1731 2504 1909 2574 dicto
1960 2524 2137 2588 casu,
2174 2513 2244 2573 ut
2279 2505 2652 2573 communis
2682 2522 2756 2571 ac
2783 2500 3064 2572 tenenda

472 2610 808 2680 sententia·
851 2619 1082 2679 contra
1132 2611 1456 2694 Lessium,
1508 2613 1761 2697 Sporer
1808 2620 1872 2681 et
1935 2612 2322 2681 Frassinetti
2353 2612 2582 2681 docet:
2621 2608 3068 2678 nam*debitor

474 2737 553 2787 ex
605 2719 849 2787 delicto
900 2726 1166 2787 tenetur
1212 2717 1292 2786 ad
1342 2738 1537 2787 omne
1586 2719 1900 2787 damnum
1952 2720 2107 2790 licet
2154 2720 2546 2801 fortuitum3
2598 2719 2750 2804 quia
2795 2738 2874 2786 ex
2918 2718 3067 2804 jure

475 2826 658 2912 culpa
701 2825 1095 2912 prmo-edente,
1131 2846 1314 2893 casus
1344 2827 1530 2894 etiam
1566 2828 1863 2912 fortuitus
1892 2827 2258 2913 imputatur.
2293 2829 2624 2895 Praeterea
2658 2826 2764 2894 fur
2806 2833 3071 2894 tenetur

477 2930 821 3000 dominum
874 2933 1230 3000 efficaciter
1277 2932 1553 3000 reddere
1601 2931 1977 3001 indemnem
2038 2952 2191 3002 eum
2262 2933 2675 3002 restituendo
2747 2934 2814 3000 in
2886 2932 3067 2998 iilum

480 3047 750 3121 statum,
802 3040 864 3105 in
918 3056 1051 3124 quo
1102 3046 1242 3106 erat
1291 3047 1503 3108 antea.
1554 3038 1735 3108 Adde
1783 3039 1839 3109 si
1900 3059 2006 3108 res
2079 3039 2146 3107 in
2215 3057 2411 3108 manu
2457 3040 2618 3108 furis
2669 3040 2937 3126 periret,
2984 3037 3073 3104 fa-

480 3149 775 3217 tentibus
830 3149 1159 3231 omnibus‚
1210 3149 1348 3237 ipsi¹
1388 3143 1674 3236 perire't3
1724 3168 1881 3234 ergo
1945 3167 1979 3217 a
2053 3150 2194 3237 pari
2266 3150 2391 3235 ipsi
2453 3150 2669 3234 perire
2738 3149 2936 3217 debet
3006 3148 3070 3215 in

482 3256 787 3325 manibus
840 3257 1103 3338 nuncii,
1175 3274 1328 3326 cum
1372 3257 1551 3325 illius
1619 3275 1970 3343 personam
2044 3265 2506 3344 repraesentet.
2555 3259 2838 3344 Excipe:
2886 3260 2952 3343 1)
3017 3255 3071 3324 si

485 3361 792 3431 dominus
842 3364 1283 3449 designaverit
1331 3366 1661 3448 nuntium,
1735 3383 1850 3451 per
1909 3380 2106 3450 quem
2158 3383 2265 3433 res
2316 3365 2631 3435 mittenda
2683 3372 2867 3446 erat3
2914 3373 3073 3432 tunc

487 3470 768 3551 nuncius
808 3478 1073 3555 gereret
1110 3490 1463 3558 personam
1513 3472 1863 3542 creditoris
1880 3499 1900 3553 3
1949 3475 2019 3558 2)
2067 3473 2125 3540 si
2177 3472 2449 3542 nuntius
2507 3492 2542 3540 a
2592 3474 2816 3560 judice
2878 3472 3079 3540 fuerit

488 3576 870 3662 designatus
899 3605 915 3661 3
959 3579 1160 3666 judex
1212 3582 1388 3648 enim
1438 3580 1787 3650 creditoris
1861 3598 2127 3648 causam
2193 3587 2423 3650 tuetur
2475 3601 2550 3650 ac
2621 3582 2853 3661 vestit3
2902 3582 2971 3666 3)
3019 3579 3074 3648 si

492 3686 782 3755 creditor
822 3674 957 3772 'ipsi
1005 3687 1294 3760 ,debitori
1339 3688 1672 3774 expressis
1739 3688 1953 3756 verbis
2029 3688 2404 3757 libertatem
2452 3690 2760 3758 tribuerit
2794 3687 3074 3774 eligendi

492 3795 824 3876 nuntium,
860 3801 927 3862 et
967 3796 1245 3863 nuntius
1288 3796 1598 3881 prudens,
1643 3813 1717 3864 ae
1774 3793 1988 3865 fidelis
2047 3796 2243 3865 fuerit
2292 3796 2542 3866 electus
2591 3815 2626 3865 a
2675 3797 2977 3866 debitore
3031 3802 3079 3865 ¹.

579 3905 791 3968 889.
824 3906 895 3985 Q.
948 3906 1049 3971 10.
1102 3905 1256 3972 Cum
1299 3922 1419 3989 quo
1464 3898 1714 3971 damno‘
1737 3904 1901 3972 debet
1931 3904 2203 3991 injustus
2231 3890 2673 3993 damnificatur
2702 3908 3021 3974 restituere
3050 3912 3082 3972 ἵ

583 4013 653 4078 Β.
703 4013 1030 4080 Damnum
1080 4011 1186 4079 bic
1233 4017 1332 4078 est
1383 4006 1798 4097 pensandum
1848 4013 2293 4098 comparative
2343 4012 2423 4080 ad
2471 4013 2881 4099 subJectum3
2932 4030 3085 4081 nam

497 4117 636 4187 fieri
690 4126 928 4205 potest,
979 4126 1051 4186 ut
1100 4117 1414 4186 damnum
1461 4118 1689 4188 decem
1740 4120 2117 4188 libellarum
2152 4128 2461 4205 respectu
2501 4117 2821 4189 debitoris
2860 4120 3080 4205 inopis

500 4226 585 4293 sit
633 4225 827 4312 longe
878 4227 1111 4312 majuS,
1161 4244 1358 4333 quam
1415 4225 1727 4295 damnum
1777 4228 2146 4297 libellarum
2196 4236 2461 4296 centum
2511 4235 2820 4314 respectu
2868 4225 3085 4297 credi-

501 4333 665 4401 toris
714 4334 1033 4419 opulenti,
1083 4340 1148 4402 et
1197 4342 1448 4403 contra.
1499 4337 1641 4415 Quo
1694 4336 1934 4420 posito,
2009 4335 2335 4404 sententia
2407 4337 2950 4405 communissima
3020 4345 3090 4405 et

504 4441 914 4531 probabilior
960 4460 1112 4511 cum
1158 4442 1454 4523 Binum,
1505 4444 1712 4527 Lago,
1761 4444 2024 4529 Vogler‚
2075 4452 2224 4528 etc„
2276 4453 2470 4530 negat
2503 4436 3091 4515 damnificatorem

506 4553 713 4622 teneri
765 4550 844 4618 ad
894 4550 1384 4621 restitutionem
1433 4568 1584 4619 cum
1657 4569 2058 4638 quocunque
2107 4553 2208 4620 sui
2257 4553 2497 4623 damno
2572 4555 2768 4624 etiam
2846 4554 3092 4641 gravis-

570 4711 589 4752 1
635 4711 687 4759 V.
716 4710 948 4773 Lignori,
984 4711 1073 4773 Op.
1104 4710 1255 4772 Mor„
1287 4709 1323 4760 l.
1361 4721 1437 4772 ιιι,
1469 4720 1523 4760 ιι.
1557 4709 1669 4763 704.
