3292 5167
1219 273 1296 319 ns
1343 273 1787 320 com-morinus
2669 257 2799 324 325

214 375 475 461 gotium
523 375 779 444 confert
829 393 1059 444 navem
1108 382 1175 443 et
1223 376 1388 445 alter
1422 395 1712 462 operam,
1750 379 2086 464 completo
2122 379 2412 466 negotio,
2450 380 2630 449 navis
2665 379 2806 467 ipsa

214 488 356 551 tota
403 482 685 552 debetur
732 483 1002 552 domino
1054 483 1262 567 (navis
1313 483 1488 553 enim
1538 484 1808 553 nonnisi
1858 485 1940 551 ad
1991 505 2185 555 usum
2235 486 2383 554 data
2434 488 2607 574 fuit),
2656 488 2808 557 dein

214 592 475 660 lucrum
525 590 990 660 dividendum:
1039 598 1105 659 et
1145 591 1412 676 quidem
1463 611 1581 678 pro
1632 599 1792 674 rata,
1843 593 2069 661 habita
2123 613 2358 681 nempe
2405 596 2658 666 ratione
2705 595 2807 663 in-

212 696 492 768 dustriae
542 718 622 768 ex
673 718 798 767 una
850 706 1053 785 parte,
1102 705 1168 767 et
1216 698 1705 768 commoditatis
1758 719 1875 786 per
1923 702 2266 786 pecuniam
2318 703 2557 772 habitae
2596 721 2675 773 ex
2724 702 2814 771 al-

221 815 380 875 tera.
432 810 650 889 Quum
699 806 878 875 enim
926 806 1086 876 socii
1138 806 1202 873 in
1247 806 1397 892 jure
1447 806 1815 876 habeantur
1864 808 2052 894 quasi
2102 809 2358 892 tratreS,
2394 818 2575 879 certo
2611 829 2811 896 repu-

219 921 372 999 gnat
420 915 738 1001 quaeiibet
785 913 1221 1000 inaequalita8‚
1274 921 1344 980 ut
1387 913 1442 981 si
1493 913 1641 999 quis
1690 915 1886 983 vellet
1928 915 2268 1001 percipere
2336 916 2415 985 de
2477 918 2699 999 lucriS,
2748 924 2815 987 et

220 1020 384 1090 nulli
432 1022 672 1108 subjici
720 1022 991 1091 damno:
1042 1022 1188 1090 baec
1235 1029 1414 1090 esset
1466 1021 1571 1088 iila
1618 1023 1925 1108 societas,
1981 1041 2177 1110 quam
2234 1025 2548 1093 leoninam
2595 1025 2817 1112 appel-

221 1129 384 1212 lant,
432 1131 674 1199 merito
727 1130 1075 1216 reprobata
1128 1131 1177 1197 ¹.
1558 1138 1565 1149 ’

396 1238 437 1304 3
479 1240 764 1307 Lucrum
785 1239 970 1324 juxta
995 1237 1489 1323 praestabilitam
1518 1237 2134 1319 determinationem
2150 1240 2484 1308 sociorum
2513 1259 2592 1309 ex
2621 1258 2815 1326 aequo

216 1344 646 1415 dividendum
666 1357 787 1429 est,
812 1347 907 1415 vel
928 1347 1112 1433 Juxta
1140 1346 1301 1414 illud
1328 1345 1505 1432 quod
1532 1346 1815 1431 quisque
1853 1346 1987 1415 sive
2015 1346 2095 1415 de
2132 1366 2201 1414 re
2226 1348 2362 1417 sive
2389 1348 2469 1416 de
2495 1349 2818 1417 industria

217 1451 297 1519 ad
339 1454 727 1522 societatem
763 1454 1037 1536 confert,
1067 1472 1217 1522 cum
1253 1454 1371 1521 hac
1397 1452 1558 1538 legis
1587 1452 2062 1521 declaratione:
2095 1455 2413 1539 Riquardo
2445 1476 2487 1523 a
2528 1457 2693 1524 colui
2715 1458 2821 1549 che

214 1580 346 1628 non
395 1563 480 1627 ha
526 1562 823 1646 conserite
870 1563 977 1629 che
1024 1562 1085 1628 la
1130 1562 1397 1649 propria
1440 1560 1760 1628 industria
1784 1614 1800 1643 ‚
1853 1562 1914 1626 la
1963 1581 2081 1627 sua
2119 1573 2302 1647 parte
2348 1563 2448 1629 nei
2499 1564 2822 1649 quadaqni

216 1688 254 1736 o
300 1669 463 1734 nelle
503 1668 742 1755 perdite
784 1669 818 1735 ἐ
860 1670 1140 1755 repolata
1188 1689 1354 1735 come
1409 1670 1472 1734 la
1512 1679 1694 1754 parte
1756 1668 1822 1733 di
1884 1668 2047 1734 colui
2092 1669 2199 1735 che
2242 1669 2410 1736 nella
2468 1668 2693 1736 societ&
2739 1670 2823 1735 ha

218 1777 525 1862 conserite
573 1778 638 1844 lu
682 1795 921 1844 somma
967 1797 1002 1842 0
1042 1777 1343 1864 porzione
1387 1776 1709 1860 mayqiore
1755 1777 1897 1855 (art.
1951 1777 2174 1861 1717).
2214 1776 2404 1857 Quod
2444 1777 2500 1845 si
2537 1772 2824 1845 haedde-

231 1882 615 1951 terminatio
667 1882 777 1951 uni
825 1883 1163 1951 sociorum
1212 1882 1311 1950 vel
1361 1881 1551 1949 alicui
1603 1881 1803 1949 tertio
1854 1884 2205 1951 commissa
2254 1883 2383 1965 sit,
2452 1882 2823 1969 impugnari

230 1991 462 2076 nequit
514 2008 711 2059 causa
762 1991 1081 2070 laesionis,
1132 1989 1255 2058 nisi
1296 1996 1524 2058 contra
1561 1989 1944 2075 aequitatem
1983 1989 2326 2060 evidenter
2372 1990 2697 2060 contraria
2732 1990 2825 2058 di-

222 2103 607 2182 gnoscatur,
658 2104 723 2166 et
769 2098 938 2165 intra
988 2103 1123 2164 tres
1172 2114 1435 2165 menses
1485 2096 1757 2181 querela
1810 2097 2148 2182 proposita
2196 2097 2413 2168 fuerit.

408 2208 470 2271 4.
523 2203 887 2273 Deficiente
935 2204 1201 2289 speciali
1253 2203 1807 2272 determinatione
1845 2257 1863 2286 ‚
1918 2204 2061 2272 baec
2110 2204 2390 2273 maxime
2439 2204 2742 2273 obtinent
2790 2220 2826 2270 a

232 2311 420 2394 lege:
471 2311 538 2379 Si
577 2331 867 2397 presume
912 2312 1019 2378 che
1065 2311 1088 2378 i
1131 2310 1258 2376 soci
1326 2310 1518 2376 siemi
1562 2310 1714 2378 data
1757 2312 2276 2398 reciprocamevzte
2346 2313 2409 2378 la
2482 2311 2713 2395 facoltd
2761 2310 2827 2377 di

227 2417 670 2495 amministrar
717 2418 757 2484 l’
785 2438 909 2484 uno
964 2436 1078 2504 per
1123 2418 1165 2484 l'
1190 2418 1402 2495 altro,·
1450 2417 1490 2483 l'
1511 2429 1760 2503 opauco
1805 2416 1871 2483 di
1916 2417 2205 2484 ciascuno
2278 2419 2309 2484 ἑ
2382 2417 2588 2485 valido
2633 2418 2828 2484 anche

220 2542 338 2609 per
383 2524 448 2590 la
488 2534 674 2610 parte
717 2522 809 2590 ἀρ’
835 2523 1097 2604 consoci,
1149 2524 1451 2590 ancorchd
1496 2543 1620 2590 non
1668 2525 1851 2590 abbia
1895 2524 2200 2612 ripertalo
2232 2525 2281 2591 il
2328 2526 2461 2592 loro
2515 2544 2827 2606 consen-30,

229 2633 399 2700 salvo
446 2651 492 2699 α
550 2632 748 2716 questi
790 2632 999 2698 ultimi
1043 2650 1077 2698 o
1124 2631 1208 2697 ad
1251 2652 1374 2698 uno
1421 2631 1487 2697 di
1531 2632 1652 2698 essi
1691 2633 1739 2698 il
1783 2632 1993 2699 diritto
2040 2633 2104 2699 di
2151 2634 2403 2720 opporsi
2475 2631 2585 2698 all'
2611 2650 2829 2718 opera-

230 2738 406 2805 zione
445 2740 666 2824 prima
711 2739 818 2805 che
861 2738 961 2805 sia
1004 2739 1315 2804 conclusa.
1371 2740 1500 2805 Uno
1545 2738 1637 2804 de'
1663 2740 1790 2804 soci
1865 2759 1992 2805 non
2054 2737 2182 2825 pud
2225 2739 2367 2825 fare
2422 2738 2829 2806 innovazioni

228 2864 415 2931 sopra
461 2848 555 2931 qli
600 2846 902 2913 immobili
946 2846 1296 2933 dipendenti
1342 2846 1514 2912 dalla
1560 2847 1804 2926 sociem,
1853 2847 2155 2913 ancorche
2209 2847 2261 2913 le
2311 2847 2516 2933 repuli
2560 2857 2826 2943 cantetq-

226 2953 393 3038 9iose
438 2954 526 3021 ad
570 2972 725 3033 essa,
771 2974 837 3019 se
879 2953 971 3038 qli
1015 2953 1166 3019 altri
1210 2954 1338 3018 soci
1384 2972 1511 3018 non
1558 2953 1621 3019 vi
1666 2965 2116 3020 accensentano
2175 2953 2323 3038 (art.
2377 2954 2597 3038 1723).

403 3064 465 3129 5.
521 3060 811 3143 Quilibet
857 3061 1082 3129 socius
1125 3061 1351 3129 subire
1400 3059 1598 3129 debet
1636 3061 2192 3147 proportionatim
2230 3077 2398 3128 onus
2434 3061 2827 3130 damnorum

231 3178 297 3238 et
345 3187 788 3255 expensarum
840 3170 1198 3238 societatis.
1231 3168 1510 3236 Nomine
1542 3170 1917 3236 damnorum
1951 3169 2220 3236 veniunt
2253 3169 2486 3236 damna
2522 3168 2629 3236 illa
2673 3187 2823 3254 quae

236 3276 385 3344 solo
435 3277 685 3344 intuitu
732 3276 1068 3345 societatis
1119 3276 1480 3345 obveniunt
1548 3275 1775 3357 socio,
1831 3285 1984 3361 puta
2034 3276 2085 3344 si
2138 3277 2279 3361 ipse
2353 3294 2546 3345 causa
2597 3283 2824 3344 custo-

228 3382 449 3451 diendi
501 3390 616 3450 aut
668 3383 1099 3455 transferendi
1147 3393 1260 3452 aut
1309 3381 1730 3468 comparandi
1780 3400 2031 3451 merces
2081 3382 2429 3470 diripiatur
2474 3401 2509 3452 a
2556 3384 2825 3453 latroni-

240 3492 387 3559 bus.
435 3494 583 3560 Non
633 3501 854 3560 autem
902 3491 1186 3576 (seclusa
1221 3493 1687 3577 conventione)
1729 3490 1964 3558 damna
2001 3509 2149 3577 quae
2186 3501 2440 3560 remote
2474 3494 2824 3562 occasione

229 3598 574 3667 societatis
626 3598 849 3667 socius
899 3599 1164 3684 patitur,
1215 3598 1308 3666 uti
1358 3602 1413 3667 si
1465 3598 1612 3668 ideo
1650 3598 2114 3685 praetermittat
2152 3599 2493 3686 acquirere
2533 3601 2823 3684 legatum

232 3705 367 3774 sibi
416 3707 751 3789 relictum,
788 3706 1072 3792 negotiis
1114 3706 1351 3774 domus
1402 3726 1541 3775 suae
1584 3707 1951 3792 providere,
2002 3714 2128 3775 etc.
2164 3707 2230 3774 Si
2269 3725 2422 3776 vero
2472 3725 2666 3775 causa
2717 3724 2822 3774 so-

228 3813 493 3880 cietatis
542 3812 928 3880 vulneretur
973 3813 1196 3880 socius
1246 3813 1343 3880 vel
1385 3813 1527 3899 ejus
1561 3831 1791 3881 servus
1839 3830 1873 3879 a
1925 3814 2316 3895 latronibus,
2357 3821 2515 3882 tunc
2558 3832 2637 3881 ex
2674 3812 2823 3898 jure

228 3918 452 3986 solum
488 3936 798 4003 expensae
834 3919 1193 3986 curationis
1233 3917 1476 3987 debent
1509 3936 1544 3985 a
1585 3920 1913 3987 consociis
1952 3920 2020 3987 iu
2056 3919 2390 3988 communi
2427 3918 2736 3986 sustineri
2767 3921 2817 3986 ².

327 4029 524 4093 444.
573 4026 853 4093 Nomine
898 4044 1317 4112 impensarum
1362 4024 1632 4093 veniunt
1672 4032 1977 4111 sumptus
2017 4025 2350 4105 itinerum,
2390 4024 2819 4092 transvectio-

234 4150 417 4214 num,
467 4131 826 4200 solutionis
875 4131 1336 4217 vectigalium,
1388 4131 1910 4200 conservationis
1950 4123 2328 4214 mercium,
2378 4139 2501 4199 etc.
2558 4135 2655 4198 An
2705 4149 2820 4200 so·-

228 4240 377 4307 cius
427 4239 745 4309 itinerans
793 4239 1131 4309 societatis
1181 4255 1376 4306 causa
1428 4240 1641 4325 possit
1689 4226 1813 4307 sibi
1864 4237 2190 4308 deducere
2262 4255 2493 4307 omnes
2564 4238 2818 4309 itineris

268 4451 440 4526 ,¹‘Sic
470 4454 666 4527 dicitur
696 4455 762 4505 ab
796 4455 1024 4528 apologo
1060 4455 1245 4515 leonis,
1279 4454 1369 4519 qui
1404 4455 1617 4528 pactum
1651 4455 1844 4528 inierat
1875 4466 1999 4526 cum
2034 4455 2218 4507 ceteris
2250 4454 2392 4529 teris,
2429 4455 2487 4506 ut
2521 4454 2634 4517 ipse
2668 4456 2826 4517 parti·

230 4519 436 4580 ciparet
459 4516 659 4590 praedls
692 4517 975 4601 omnibus;
1033 4531 1138 4568 non
1189 4520 1381 4601 tamen·
1416 4516 1584 4568 labori
1618 4521 1670 4567 et
1704 4518 1968 4601 periculis,
2021 4543 2084 4554 -
2137 4517 2255 4568 cod.
2289 4530 2380 4602 ow.
2441 4519 2540 4568 art.
2578 4518 2727 4603 {7193
2760 4544 2825 4603 —·

230 4579 299 4679 Ξ
330 4581 390 4692 ’ὃς
424 4580 1084 4705 ⁶T².⁰·⁸{4.¹¹3⁶’v.'1,={²;20‘{5‚
1103 4578 1854 4704 ³5i·u}⁸ii·{;-.‚-1.‘i..‚⁸÷‚.¹⁷35⁷z
1886 4604 1950 4617 ··
1983 4580 2038 4631 ⁰·
2075 4580 2131 4630 Ρ·
2170 4580 2317 4643 '⁷⁴²⁵’
2352 4606 2416 4618 “
2466 4581 2519 4633 ⁶·
2557 4579 2626 4630 ¹¹·
2664 4583 2822 4642 ¹¹⁵⁹’

298 4702 323 4741 ²
355 4707 484 4768 Lege
518 4704 645 4756 Cum
679 4704 893 4766 duobus,
925 4706 951 4767 5
985 4704 1245 4766 Quaedam,
1281 4704 1333 4752 ss‘.
1366 4715 1462 4765 pro
1495 4706 1650 4755 socio.
1680 4729 1744 4742 —
1790 4704 1842 4755 V.
1883 4704 2129 4769 Liguon,
2166 4708 2253 4769 ορ.
2288 4706 2443 4767 Mor„
2477 4705 2510 4757 l.
2539 4716 2616 4763 ιιι,
2653 4705 2824 4757 πιθοὸ

329 4787 593 4868 Summi,
655 4788 981 4873 Theoloqia
1027 4795 1151 4868 etQ.
1201 4789 1269 4854 T.
1320 4788 1396 4855 ll.
1765 4838 1772 4845 .
2558 4791 2635 4854 21
