3292 5167
475 213 607 280 232
1184 232 1299 278 ιιι.
1348 232 1411 277 u.
1459 231 1672 278 rnacr.
1708 230 1801 298 η.
1841 230 1968 278 nss.
2017 228 2086 274 u.
2135 227 2267 274 ευ».
2319 225 2358 270 ι.

656 339 716 403 4.
764 337 988 404 Restat
1032 341 1110 401 ut
1155 334 1455 402 notarius
1503 340 1724 401 actum
1774 329 2380 408 conficiatsecutae
2429 321 2807 394 testamenti
2857 319 3086 433 consi-¹

477 441 806 529 guntionis
855 440 1135 528 (absque
1168 440 1709 526 interruptione),
1757 439 1822 507 in
1875 456 2004 526 qua
2051 435 2300 505 indicet
2373 430 2793 501 traditionem
2866 428 3082 515 ipsam

476 557 543 619 et
588 546 1102 617 declarationem
1152 546 1514 630 testatoris,
1569 563 1920 615 numerum
1970 551 2035 613 et
2083 541 2438 634 imaginem
2471 536 2843 624 sigillorum
2878 552 2956 603 ac
2989 542 3085 606 te·

475 656 678 726 stium
703 657 1086 724 continuam
1115 654 1573 742 praesentiam:
1614 662 1801 722 actus
1831 660 2050 722 autem
2075 651 2273 720 debet
2306 645 2637 718 subscribi
2664 662 2701 712 a
2735 650 3080 726 testatore,

478 763 761 832 testibus
812 770 876 830 et
925 764 1206 830 notario.
1258 760 1451 843 Quod
1497 760 1553 829 si
1601 766 1891 830 testator
1936 757 2508 844 consignationem
2557 753 2772 834 istam,
2807 747 3085 835 impedi·

476 878 703 939 mento
753 869 1300 956 superveniente,
1350 877 1637 955 nequeat
1686 868 1986 954 signare,
2036 886 2071 935 a
2119 865 2381 937 notario
2429 870 2499 932 et
2547 877 2744 930 causa
2794 855 3076 943 impedi·

477 980 683 1049 menti
735 985 801 1048 et
848 978 1161 1048 indicatio
1212 996 1431 1047 causae
1480 979 1561 1045 ab
1613 977 1759 1062 ipso
1810 983 2130 1045 testatore
2178 972 2471 1043 facienda
2519 969 2849 1039 referatur
2898 965 2946 1033 ¹.

568 1090 760 1155 Non.
822 1088 882 1154 It
927 1087 1282 1154 sordomuto
1329 1087 1402 1153 ecl
1448 1086 1497 1153 il
1540 1097 1776 1154 mma...
1824 1084 2085 1171 sacendo
2133 1091 2495 1151 testamento
2541 1088 2801 1163 seyretO,
2851 1073 3083 1142 aevom

479 1194 549 1262 in
608 1198 813 1281 fronte
867 1196 977 1261 ail'
1008 1207 1134 1262 atto
1182 1196 1348 1262 della
1392 1213 1701 1278 consequa
1746 1195 2014 1260 scrivere
2050 1193 2120 1259 in
2157 1209 2467 1279 presenza
2515 1186 2613 1252 dei
2682 1180 3001 1250 testimoni
3050 1201 3082 1247 e

479 1302 577 1369 del
622 1304 851 1388 amajo,
899 1304 1004 1368 che
1052 1303 1115 1368 la
1160 1314 1339 1369 carta
1376 1311 1738 1388 presentata
1786 1299 2061 1367 contiene
2107 1299 2155 1365 it
2203 1300 2335 1365 loro
2367 1302 2746 1372 testamenta,
2781 1309 2814 1356 e
2848 1307 2914 1355 se
2942 1305 3086 1373 que—

479 1423 572 1477 sto
632 1412 663 1477 e
712 1421 871 1477 stato
916 1411 1130 1477 scritto
1193 1409 1277 1476 da
1332 1431 1419 1477 un
1479 1423 1648 1478 terzo
1673 1463 1692 1493 ‚
1758 1411 1989 1478 devono
2035 1408 2417 1494 aqqiuqnere
2463 1403 2523 1469 (Γ
2555 1398 2768 1468 averto
2815 1396 2981 1463 letto.
3028 1394 3086 1462 Π

479 1519 711 1603 moteja,
742 1519 1022 1586 nell'atto
1085 1519 1249 1586 delta
1295 1538 1623 1603 consequa,
1672 1516 2018 1605 esprimera
2062 1516 2169 1582 che
2207 1516 2257 1581 il
2300 1523 2590 1581 testatore
2636 1507 2721 1573 ha
2765 1502 2986 1570 scritto
3034 1502 3086 1568 le

477 1625 745 1692 indicate
782 1627 1004 1712 parole
1040 1627 1179 1693 aaa
1218 1645 1525 1713 presenza
1570 1626 1635 1692 aa·
1683 1626 1776 1692 tut
1820 1644 1851 1691 e
1917 1625 2016 1691 dei
2058 1622 2368 1691 cesti-mom·
2415 1621 2564 1706 (art.
2614 1618 2797 1702 786).
2857 1608 3087 1692 Quoad

482 1738 699 1800 cetera
748 1733 1187 1801 observentur
1232 1732 1478 1818 regulae
1529 1751 1730 1819 supra
1772 1732 1908 1818 jam
1956 1738 2222 1800 notatae.

571 1835 792 1900 311⁰·
842 1841 915 1919 Q.
965 1840 1024 1905 3.
1079 1839 1352 1919 Quinam
1396 1850 1542 1906 sunt
1587 1850 1765 1906 testes
1809 1839 2016 1906 idonei
2060 1839 2128 1905 in
2171 1834 2597 1904 testamentis?

574 1948 643 2012 R.
681 1947 912 2012 Testes
963 1945 1181 2013 idonei
1233 1945 1294 2011 in
1348 1947 1765 2013 testamentis
1815 1954 1971 2013 sunt
2020 1944 2110 2012 illi
2161 1961 2393 2012 omnes
2444 1940 2556 2027 qui
2606 1957 2737 2007 non
2776 1940 3088 2019 reputan-

486 2057 595 2119 tur
641 2051 987 2138 incapaces
1023 2054 1196 2137 Lege
1232 2054 1508 2120 naturali
1562 2071 1637 2122 ac
1687 2053 1881 2122 civili.
1933 2051 2161 2134 Quoad
2196 2051 2407 2137 legem
2443 2056 2719 2130 naturae,
2757 2044 3086 2113 habentur

485 2160 831 2244 incapaces
880 2159 961 2226 ad
1010 2160 1465 2228 testimonium
1513 2160 1859 2230 serendum
1910 2160 2090 2230 surdi
2143 2159 2437 2241 omnin0,
2486 2156 2649 2224 muti
2694 2153 2747 2222 si
2787 2150 3082 2221 nesciant

487 2266 821 2348 scribere,
873 2267 1076 2348 caeci,
1125 2268 1282 2335 item
1335 2269 1445 2354 qni
1497 2269 1836 2337 testatoris
1885 2269 2178 2354 linguam
2230 2267 2494 2353 penitus
2546 2265 2891 2349 ignorant:
2934 2256 3078 2345 qnia

486 2373 593 2441 isti
665 2391 897 2442 omnes
968 2394 1100 2442 non
1172 2376 1332 2443 satis
1404 2375 1601 2446 fidem
1646 2378 1863 2445 facere
1912 2382 2195 2461 possunt
2243 2374 2326 2443 de
2373 2380 2521 2444 actu
2575 2367 2933 2439 exarando.
2981 2368 3070 2432 De

488 2487 769 2561 amente,
818 2481 931 2567 qui
980 2481 1194 2550 lucida
1244 2484 1482 2551 habeat
1530 2484 1891 2564 intervalla,
1944 2481 2306 2569 disputant.
2839 2547 2850 2555 .

581 2586 810 2666 Quoad
858 2588 1069 2672 legem
1119 2596 1340 2657 autem
1390 2590 1691 2673 civilem,
1744 2591 1796 2657 si
1849 2598 2086 2676 agatur
2130 2590 2212 2657 de
2261 2586 2673 2656 testamentis
2731 2578 3080 2660 ordinariis

489 2694 831 2761 statuitur:
880 2698 920 2761 I
960 2696 1271 2762 testimoni
1316 2697 1418 2763 nei
1462 2698 1810 2764 testamenti
1855 2697 2086 2765 decano
2131 2717 2328 2764 essere
2371 2694 2628 2774 maschi,
2674 2688 2994 2778 maqqiori
3024 2682 3084 2752 di

488 2802 647 2868 anni
714 2815 981 2869 oemuno
1006 2856 1022 2885 ‚
1071 2804 1358 2870 cittadini
1402 2805 1500 2871 del
1544 2825 1736 2892 reqno
1784 2826 1818 2872 o
1864 2806 2164 2873 stranieri
2211 2807 2278 2872 in
2324 2824 2455 2871 esso
2500 2799 2836 2882 residenti,
2885 2820 2919 2866 e
2962 2815 3084 2864 non

486 2927 640 2975 aver
694 2909 955 2995 perdum
1010 2929 1127 2996 per
1171 2912 1500 2978 condamm
1548 2913 1597 2978 it
1640 2913 1988 2999 pedimento
2036 2931 2071 2979 ο
2120 2912 2456 2979 l'esercizio
2503 2909 2601 2978 ciet
2645 2907 2848 2976 dirim
2897 2904 3082 2971 civili.

489 3018 633 3082 Non
677 3035 827 3083 sano
872 3018 1183 3086 testimoni
1227 3019 1433 3086 idonei
1478 3019 1502 3085 i
1538 3020 1887 3106 praticanti
1931 3040 1963 3087 e
2005 3020 2097 3105 qli
2141 3018 2502 3086 amanuensi
2547 3016 2646 3084 del
2691 3015 2909 3102 notajo
2946 3011 3082 3098 (G).

568 3201 763 3263 8111.
809 3201 877 3277 Q.
920 3205 974 3267 4.
1012 3203 1177 3279 Quid
1215 3206 1288 3269 de
1334 3199 1702 3269 testamento
1741 3208 2055 3287 speciali?

570 3282 638 3344 R.
683 3283 813 3346 Hoc
856 3294 1305 3349 testamentum
1337 3287 1416 3349 ad
1451 3287 1764 3367 triplicem
1812 3286 2081 3350 classem
2124 3295 2492 3350 revocatur:
2526 3286 2588 3364 1)
2619 3284 2700 3348 ad
2728 3292 3072 3376 testamen·

492 3371 627 3425 tum
674 3372 959 3443 tempore
1007 3369 1199 3444 pestis
1245 3366 1343 3429 vel
1390 3370 1692 3447 contagii,
1735 3368 1906 3450 quod
1952 3368 2126 3431 valet
2157 3376 2488 3447 receptum
2524 3383 2556 3428 a
2598 3366 2879 3440 notario,
2927 3380 2961 3426 a
2990 3380 3081 3455 2¹¹:

493 3442 635 3505 dice
682 3445 779 3507 vel
826 3463 856 3507 a
904 3449 1200 3510 ministro
1245 3449 1475 3522 cultus,
1512 3459 1622 3511 aut
1664 3450 1743 3510 ab
1787 3447 1934 3511 aliis
1976 3450 2084 3529 qui
2130 3448 2450 3512 dictorum
2496 3448 2668 3509 vices
2708 3451 2983 3525 gerant3
3028 3460 3080 3506 st

493 3523 618 3586 duo
663 3528 794 3587 sint
839 3535 1053 3602 testes,
1116 3529 1309 3592 etiam
1353 3529 1732 3592 alterutrius
1775 3546 1987 3606 sean,
2049 3528 2239 3590 modo
2277 3528 2602 3590 sexdecim
2668 3541 2876 3588 annos
2923 3539 3080 3587 com·

493 3601 847 3681 pleverint:
890 3616 954 3669 et
997 3607 1204 3687 aliqua
1253 3610 1376 3671 alia
1438 3619 1817 3684 serventur;
1864 3609 2032 3672 valet
2074 3608 2148 3672 ad
2198 3626 2311 3671 sex
2366 3624 2620 3671 menses
2678 3616 2822 3685 post
2868 3604 3077 3669 morbi

494 3687 915 3748 cessationem
960 3698 1116 3763 etc.;
1160 3690 1226 3767 2)
1271 3689 1349 3752 ad
1399 3698 1849 3751 testamentum
1893 3689 2226 3753 conditum
2267 3691 2335 3752 in
2380 3691 2609 3752 itinere
2666 3704 2858 3766 super
2901 3685 3082 3762 mari,

488 3765 657 3843 quod
704 3782 738 3828 a
783 3770 1223 3845 superioribus
1266 3771 1448 3832 navis
1492 3781 1700 3848 potest
1744 3770 1974 3849 recipi:
2022 3770 2126 3834 hic
2170 3774 2410 3849 pariter
2455 3769 2784 3834 sufficiunt
2824 3765 2953 3835 duo
2999 3775 3082 3829 te·

492 3856 643 3924 stes,
685 3850 793 3926 qui
839 3849 970 3910 sint
1014 3867 1220 3913 mares
1265 3846 1559 3913 et‘aetate
1618 3852 1939 3930 majores:
1984 3849 2159 3912 valet
2200 3850 2278 3912 ad
2325 3860 2456 3913 tres
2506 3866 2785 3921 menses,
2835 3864 2914 3910 ex
2960 3863 3080 3928 qno

492 3933 760 3990 testator
808 3930 870 3989 in
921 3938 1155 3993 terram
1220 3930 1575 4007 descendit,
1618 3941 1684 3993 et
1753 3933 1933 3996 venit
1998 3931 2104 3994 ubi
2163 3938 2615 3994 testamentum
2676 3927 3081 3994 ordinarium

491 4007 777 4072 scribere
823 4017 1066 4087 potest3
1109 4011 1176 4090 3)
1219 4010 1297 4073 ad
1339 4020 1790 4074 testamentum
1834 4012 2132 4087 militare,
2173 4012 2344 4091 quod
2389 4013 2590 4090 recipi
2639 4017 2850 4091 potest
2898 4026 2931 4072 a
2976 4026 3076 4073 su·

490 4093 752 4167 periore
778 4089 1028 4153 militiae
1065 4101 1175 4154 ant
1215 4092 1540 4170 chirurgo,
1563 4098 1614 4153 si
1661 4091 1849 4155 miles
1891 4101 2196 4172 aegrotet:
2242 4099 2306 4154 et
2350 4094 2506 4154 satis
2542 4100 2659 4167 est,
2694 4092 2748 4153 si
2792 4090 2923 4153 duo
2954 4091 3083 4154 sint

498 4178 714 4246 testes,
755 4172 947 4233 etiam
979 4172 1355 4234 alterutrius
1386 4175 1671 4248 sexuS‚si
1722 4183 1933 4236 tamen
1976 4172 2301 4236 sexdecim
2348 4189 2550 4236 annos
2595 4170 3080 4251 compleverint.

496 4248 626 4311 Hoc
671 4260 1122 4315 testamentum
1186 4251 1384 4332 (quod
1449 4251 1616 4315 valet
1658 4252 1733 4315 ad
1785 4265 1913 4316 tres
1977 4270 2230 4316 menses
2294 4270 2327 4315 a
2394 4255 2753 4316 cessatione
2813 4251 3075 4334 impedi·

496 4331 729 4411 menti)
773 4333 1004 4395 confici
1053 4341 1258 4413 potest
1298 4331 1378 4396 ab
1424 4332 1522 4408 iis,
1555 4334 1665 4413 qui
1701 4344 1853 4397 sunt
1886 4343 2031 4397 actu
2076 4337 2142 4396 in
2178 4333 2594 4413 expeditione
2639 4331 2909 4396 militari
2955 4340 3077 4395 tam

2033 4541 2060 4570 ὃ

492 4605 885 4722 -ίᾶτὲ,·7ἕᾶξ
915 4631 980 4644 -
1013 4607 1068 4659 C.
1104 4609 1165 4662 Α.
1199 4610 1328 4669 578;
1359 4630 1425 4646 —-
1457 4606 1511 4658 G.
1549 4608 1609 4660 G.
1644 4611 1768 4669 9763
1798 4630 1864 4646 -
1896 4608 1952 4661 C.
1986 4608 2037 4659 S.
2070 4611 2188 4671 9923
2221 4633 2288 4646 —
2320 4608 2375 4661 G.
2411 4611 2467 4660 P.
2499 4610 2620 4670 730;
2653 4633 2720 4647 -
2752 4609 2809 4663 C.
2850 4611 2921 4662 Π.
2953 4610 3068 4670 703;
