3292 5167
1289 230 1744 281 Annon-rioms
2680 215 2811 284 m

219 332 318 394 uti
360 329 721 408 detractor,
763 341 830 396 et
869 338 1089 396 contra
1134 333 1515 399 charitatem
1557 336 1638 399 ob
1684 334 2057 400 scandalum
2103 338 2261 401 huic
2307 337 2528 402 datum
2575 340 2642 401 in
2691 339 2807 405 tali

222 413 705 491 cooperatione:
749 421 814 477 et
857 412 1001 476 ideo
1065 422 1130 477 et
1193 418 1332 495 ipse
1391 422 1646 481 tenetur
1710 416 1788 479 ad
1848 415 2035 480 famae
2099 421 2598 483 restitutionem.
2645 420 2809 484 Item

223 499 379 554 tunc
422 492 792 568 videndum,
830 508 911 556 an
946 493 1068 557 alia
1104 493 1333 558 damna
1370 511 1451 559 ex
1484 495 1593 560 tali
1629 496 2029 561 detractione
2060 507 2272 562 secuta
2304 500 2477 575 sint3
2521 516 2602 562 an
2641 501 2809 565 fama

223 570 418 636 laesus
461 572 546 636 sit
589 590 857 652 persona
903 575 1465 653 conjunctissima,
1509 581 1603 639 uti
1650 577 1702 640 si
1753 586 1972 655 pater,
2015 577 2106 642 vel
2157 596 2238 641 an
2305 579 2397 642 sic
2451 596 2808 661 cooperans

221 653 310 715 sit
351 657 646 731 superior
690 655 798 733 qui
842 653 1103 718 aliunde
1150 664 1478 720 teneretur
1523 657 1838 737 impedire
1884 657 2056 719 illam
2103 659 2609 736 detractionem;
2659 671 2813 725 tunc

222 741 444 796 contra
484 734 842 813 justitiam,
886 735 1188 814 pietatem
1231 746 1296 799 et
1338 738 1720 800 charitatem
1766 754 1999 801 novum
2045 738 2394 803 adderetur
2450 752 2814 820 peccatum.

301 812 476 886 Quod
522 817 573 876 si
623 816 784 877 nihil
829 818 1058 879 horum
1102 819 1568 894 intervenerit,
1618 833 1736 880 nec
1780 816 1911 882 ullo
1956 821 2228 898 positivo
2271 819 2464 882 modo
2513 820 2809 886 Labanus

221 892 424 957 alium
467 896 864 973 excitaverit,
906 895 988 958 ad
1029 896 1500 961 detrahendum
1526 945 1543 974 ,
1587 900 2105 978 investigandum
2152 916 2278 980 quo
2322 902 2540 963 animo
2598 901 2810 965 detra·

221 974 502 1038 ctionem
546 977 865 1053 audierit,
914 995 994 1041 an
1039 993 1181 1041 cum
1227 978 1689 1057 complacentia
1753 978 1833 1042 de
1896 979 2129 1042 damno
2196 981 2468 1060 proximi
2498 1027 2515 1055 ,
2563 998 2709 1061 quae
2755 984 2809 1046 si

222 1054 662 1133 manifestata,
701 1065 800 1120 est
840 1057 1050 1122 adbuc
1092 1059 1425 1135 detractio,
1468 1075 1612 1123 cum
1656 1060 1741 1121 sit
1785 1058 2205 1124 detractionis
2251 1060 2557 1135 laudati03
2588 1063 2639 1123 si
2676 1078 2806 1124 non

222 1136 656 1213 manifestata,
699 1138 916 1201 odium
960 1146 1080 1212 est,
1122 1155 1318 1220 grave
1363 1141 1427 1200 in
1475 1156 1545 1202 re
1587 1140 1788 1218 gravi.
1831 1139 1896 1202 Si
1944 1157 2094 1203 vero
2138 1143 2279 1204 sine
2322 1142 2810 1221 complacentia,

220 1217 648 1295 sciscitemur,
690 1234 772 1280 an
817 1219 1097 1283 audierit
1136 1236 1216 1282 ex
1262 1234 1435 1282 mera
1492 1221 1867 1283 curiositate
1909 1220 2155 1283 sciendi
2200 1221 2467 1285 alterius
2511 1223 2816 1299 crimina,

220 1297 325 1359 vel
371 1313 450 1360 ex
495 1314 654 1376 puro
702 1300 831 1362 fine
872 1299 1168 1379 capiendi
1227 1299 1524 1362 solatium
1567 1316 1646 1363 ex
1691 1300 1881 1364 dictis
1935 1312 2002 1366 et
2042 1302 2315 1365 artificio
2360 1301 2813 1366 detrahentis:

221 1378 390 1458 quod
440 1378 692 1442 veniale
735 1382 1162 1444 communiter
1207 1388 1560 1459 reputatur,
1606 1387 1726 1443 etc.

1269 1666 1390 1748 (0)
1434 1667 1589 1746 paq.
1634 1669 1775 1732 διδ.

301 1921 516 1984 864.
562 1924 627 1998 Q.
674 1925 727 1986 t.
773 1924 873 1989 An
913 1943 993 1989 ecc
1035 1923 1328 2006 pluribus
1388 1924 1889 1992 detractionibus
1946 1923 2184 1991 levibus
2246 1927 2569 2008 efformari
2609 1928 2814 2005 possit

217 2011 551 2083 peccatam
593 2009 831 2085 orave?

300 2082 379 2145 R.
423 2086 857 2161 Affirmative‚
906 2088 955 2148 si
1004 2088 1149 2165 quis
1191 2086 1401 2149 eidem
1443 2102 1738 2167 personae
1792 2087 2081 2151 detrahit
2144 2086 2209 2148 in
2275 2085 2567 2165 pluribus
2624 2085 2816 2150 rebus

224 2162 392 2226 levis
435 2168 767 2243 momenti,
809 2168 930 2229 etsi
976 2167 1086 2229 fiat
1128 2168 1506 2243 successive,
1548 2168 1660 2231 sed
1707 2184 1918 2232 coram
1963 2167 2211 2230 eisdem
2254 2167 2705 2241 auditoribus;
2752 2168 2806 2228 si

221 2244 368 2307 haec
406 2242 570 2308 levia
617 2247 769 2310 talia
811 2248 962 2322 sint,
1008 2255 1077 2310 ut
1117 2263 1197 2309 ex
1238 2247 1536 2312 omnibus
1577 2248 1767 2311 simul
1800 2249 2043 2327 junctis
2074 2249 2358 2325 graviter
2386 2248 2812 2311 imminuatur

224 2324 406 2388 illius
450 2325 636 2470 fa9ultg.
678 2327 875 2406 LugO,
918 2327 1004 2390 De
1044 2326 1333 2404 Iustitia,
1376 2328 1527 2392 diss.
1571 2345 1703 2406 xvi,
1734 2345 1794 2390 n.
1838 2329 1934 2392 46.
1978 2361 2058 2374 —
2097 2328 2434 2405 Carriere,
2480 2327 2562 2390 De
2602 2327 2804 2389 lasti-

221 2407 348 2479 tia,
392 2422 452 2469 n.
621 2456 633 2468 .

298 2484 513 2549 865.
561 2487 628 2561 Q.
669 2488 726 2551 2.
773 2487 1116 2552 Licitumne
1159 2488 1286 2550 erit
1325 2487 1601 2551 revelare
1641 2489 1912 2553 alterius
1956 2489 2193 2551 crimen
2257 2489 2568 2552 occultam
2625 2486 2816 2549 simul

217 2569 552 2631 narrando
590 2569 1025 2647 poenitentiam
1063 2573 1436 2648 peractam?

297 2645 380 2710 R.
423 2646 760 2727 Negative:
808 2665 1013 2729 neque
1058 2648 1490 2712 manifestatio
1534 2657 1981 2728 compensatur
2016 2664 2129 2727 per
2155 2646 2654 2727 subsequentem
2692 2661 2815 2723 poe·

225 2728 615 2803 nitentiam;
657 2744 908 2809 semper
952 2730 1126 2792 enim
1171 2729 1464 2809 quaedam
1527 2730 1788 2792 sinistra
1854 2732 2073 2808 opinio
2140 2730 2203 2790 in
2267 2727 2412 2791 aliis
2470 2728 2818 2807 ingeritur.

223 2807 411 2871 Unde
456 2810 507 2870 si
554 2810 810 2889 quando
854 2810 918 2872 id
963 2809 1196 2873 factum
1243 2811 1535 2889 legimus,
1584 2809 1801 2872 divina
1850 2809 2257 2872 Providentia
2304 2807 2544 2872 factum
2589 2815 2688 2869 est
2732 2805 2814 2869 ad

227 2888 566 2953 horrorem
609 2891 749 2953 vitii
801 2890 1223 2970 injiciendum
1251 2938 1268 2966 ,
1312 2890 1390 2953 ad
1437 2890 1772 2954 veritatem
1818 2889 2133 2953 factorum
2197 2887 2638 2952 conservanda
2669 2934 2685 2962 ,
2733 2886 2818 2949 ad

233 2978 601 3047 peccatores
645 2971 1045 3046 alliciendos,
1089 2979 1154 3034 et
1198 2970 1483 3035 divinam
1527 2971 2037 3034 misericordiam
2082 2969 2624 3049 patefaciendam.

305 3048 525 3112 866.
570 3052 636 3129 Q.
681 3052 738 3114 3.
770 3051 872 3115 An
898 3053 988 3114 sit
1018 3051 1281 3115 mortale
1322 3052 1559 3132 referre
1602 3052 1873 3114 crimina
1915 3052 2016 3114 uti
2055 3051 2280 3114 audita
2322 3048 2405 3115 ab
2449 3050 2621 3125 aliis,
2654 3066 2709 3109 v.
2738 3064 2823 3127 9.,

227 3129 286 3192 st·
326 3131 543 3195 dicas:
586 3135 818 3209 fertur,
860 3141 1147 3210 narrant,
1190 3132 1406 3196 audivi
1444 3132 1523 3195 de
1566 3133 1732 3195 Titio
1780 3134 1898 3194 hoc
1941 3130 2042 3193 vel
2092 3130 2302 3194 illud?
2695 3208 2705 3218 ·
2750 3194 2761 3209 ,

309 3210 382 3274 R.
428 3210 493 3273 Si
542 3214 830 3277 referens
874 3214 1147 3277 crimina
1191 3213 1406 3276 audita
1454 3212 1765 3291 praevidet
1810 3227 2063 3290 gravem
2134 3211 2467 3274 infamiam
2525 3222 2821 3289 proximo

233 3305 362 3354 non
410 3309 549 3356 esse
593 3295 1041 3370 obventuram,
1083 3294 1232 3374 quia
1277 3293 1386 3355 alii
1434 3308 1561 3354 non
1601 3303 1753 3356 sunt
1796 3291 2128 3365 credituri,
2164 3307 2292 3353 non
2335 3298 2552 3370 peccat
2587 3298 2820 3351 morta·

235 3369 423 3447 liter;
465 3378 609 3452 quia
656 3376 958 3437 damnum
1003 3392 1197 3455 grave
1255 3390 1381 3437 non
1442 3372 1642 3436 infert
1659 3392 1678 3448 ;
1739 3388 1921 3435 secus
1953 3381 2171 3452 peccat
2206 3371 2286 3434 ob
2314 3372 2635 3434 rationem
2668 3384 2818 3431 con·

240 3456 526 3516 trariam.
581 3455 752 3530 Quod
800 3458 853 3518 si
899 3455 1190 3519 referens
1235 3453 1585 3534 praevideat
1627 3452 1965 3517 audientes
2029 3452 2394 3515 credituros
2439 3468 2517 3514 ex
2563 3451 2819 3530 propria

233 3533 504 3611 malitia,
547 3553 678 3599 non
727 3546 942 3615 peccat
973 3544 1206 3599 contra
1245 3536 1582 3615 iustitiam,
1625 3536 1771 3613 quia
1818 3550 1947 3596 non
1992 3542 2163 3596 esset
2205 3533 2421 3595 damni
2468 3546 2661 3594 causa
2695 3529 2824 3593 effi·

233 3628 350 3676 cax
394 3625 458 3678 et
501 3615 787 3691 directa,
831 3616 943 3678 sed
990 3633 1103 3697 per
1148 3615 1463 3678 accidens
1513 3615 1812 3678 Peccaret
1876 3622 2088 3677 tamen
2140 3620 2357 3676 contra
2417 3613 2821 3686 charitatem,

233 3697 380 3772 quia
431 3705 687 3760 tenetur
722 3696 995 3775 quilibet
1037 3713 1230 3777 grave
1278 3698 1548 3775 proximi
1594 3696 1900 3758 damnum
1947 3694 2260 3774 impedire
2291 3709 2436 3756 cum
2482 3689 2822 3757 commode

234 3784 466 3852 potest.
512 3776 641 3840 [mo
686 3786 751 3841 et
793 3787 1015 3840 contra
1054 3777 1406 3857 justitiam:
1450 3778 1516 3856 1)
1551 3779 1601 3839 si
1644 3777 1730 3839 ita
1762 3775 2021 3851 referat,
2060 3784 2129 3838 ut
2157 3775 2495 3839 audientes
2527 3774 2661 3836 sint
2691 3785 2823 3832 cre·

234 3853 457 3932 dituri,
499 3866 570 3920 ut
610 3859 662 3920 si
709 3868 953 3921 asserat
992 3857 1314 3920 audivisse
1358 3872 1495 3920 rem
1537 3872 1571 3919 a
1616 3873 1889 3936 persona
1937 3857 2064 3919 fide
2107 3855 2320 3936 digna.
2360 3855 2440 3917 Et
2469 3854 2650 3945 adest
2680 3865 2823 3929 pec-

235 3945 447 4000 catum
490 3954 684 4018 grave
728 3941 923 4001 etiam
978 3944 1200 4000 contra
1252 3938 1598 4017 justitiam3
1641 3939 1789 4016 quia
1855 3936 1967 3999 dat
2030 3939 2351 3999 rationem
2393 3935 2823 3998 suffimentem

236 4018 542 4081 credendi
587 4019 866 4094 malum3
906 4018 972 4099 2)
1016 4019 1068 4078 si
1115 4016 1356 4080 referat
1398 4019 1642 4080 crimen
1708 4018 1973 4081 alterius
2019 4015 2206 4078 valde
2250 4030 2539 4091 enorme,
2573 4019 2645 4076 ut
2686 4014 2819 4104 ha}-

233 4101 456 4175 resim,
501 4101 944 4175 rebellionem,
987 4098 1107 4162 etsi
1153 4097 1562 4172 dubitanter;
1601 4099 1750 4176 quia
1794 4096 1929 4160 sola
1976 4096 2206 4158 horum
2238 4097 2583 4159 criminum
2614 4108 2821 4172 suspi-

237 4181 342 4241 cio
386 4180 553 4244 solet
594 4182 782 4245 valde
814 4179 1151 4243 infamare.
1950 4246 1959 4258 ,
2620 4253 2632 4265 ·

315 4259 519 4323 88⁷.
563 4261 629 4336 Q.
674 4263 729 4326 4.
778 4261 847 4325 Si
889 4260 1185 4324 delictum
1226 4258 1375 4319 olim
1405 4254 1750 4336 publicam,
1790 4272 1958 4320 nanc
2001 4254 2329 4331 oblivione,
2358 4254 2452 4317 vel
2484 4252 2662 4318 bones
2706 4269 2825 4314 mo·

240 4339 428 4406 ribus
472 4344 561 4406 sit
599 4341 1026 4417 obliteratum,
1059 4339 1208 4402 licet
1246 4355 1319 4401 ne
1361 4337 1639 4400 revelare
1662 4340 1694 4399 ?
2504 4358 2505 4363 ¹

319 4423 393 4485 R.
437 4421 575 4485 Non
620 4432 720 4488 est
751 4425 1262 4503 peccaminosum
1301 4420 1536 4481 iterum
1567 4416 1730 4480 illud
1767 4416 2147 4498 patefacere,
2174 4414 2228 4477 si
2271 4414 2467 4479 fuerit
2498 4413 2825 4495 publicum

239 4506 634 4567 notorietate
662 4506 865 4582 juris3
897 4503 1045 4583 quia
1074 4499 1336 4579 expedit
1367 4498 1441 4561 ad
1481 4507 1796 4561 terrorem
1826 4496 2138 4560 malorum
2167 4496 2408 4575 judicis
2433 4495 2823 4558 sententiam

238 4597 369 4646 non
418 4583 721 4662 ignorari.
767 4582 940 4646 Idem
984 4581 1326 4645 dicendum
1372 4579 1452 4641 de
1506 4578 1780 4657 publicis
1839 4578 2170 4652 historiis,
2217 4575 2360 4640 licet
2415 4577 2663 4638 crimen
2737 4578 2825 4636 sit

238 4671 464 4727 notum
508 4664 637 4729 sola
683 4663 834 4729 facti
878 4663 1304 4726 notorietate:
1353 4658 1415 4723 id
1459 4660 1633 4723 enim
1680 4657 1983 4723 conducit
2040 4657 2117 4720 ad
2168 4656 2496 4738 publicum
2545 4656 2823 4730 bonum;
