3292 5167
472 181 604 250 768
1304 253 1311 260 ,
1491 203 1607 248 un.
1658 200 1721 249 ιι.
1772 204 1985 251 ruant.
2033 199 2162 251 vm.

473 304 613 372 neri
653 302 757 366 del
790 305 1209 384 papanesime,
1253 304 1348 383 oli
1390 304 1684 383 Apollini
1723 305 1821 368 del
1865 305 2261 385 papanesimo
2287 324 2316 378 ‚·
2358 307 2439 382 si,
2483 305 2642 368 tutti
2705 305 2733 368 i
2771 305 3078 385 vituperii

468 384 569 445 del
640 385 1038 465 papanesimo
1097 391 1358 448 trovam
1417 387 1593 464 'posto
1655 385 1824 448 nella
1890 402 2044 449 casa
2101 385 2547 456 de’cristiani;
2610 403 2642 447 e
2706 391 2876 448 sotto
2932 386 3074 465 quel

477 471 648 541 terto,
689 465 798 525 ctae
838 465 1109 545 accoqlie
1155 467 1326 528 tanti
1365 466 1587 531 amani
1627 469 1760 529 eroi
1802 483 1833 528 e
1873 483 2122 546 papam:
2164 467 2463 542 divinita,
2504 482 2629 528 non
2667 465 2814 528 v’lta
2834 466 2960 547 piic
2988 484 3070 529 un

474 546 806 607 cautuccio
849 562 960 623 per
1004 546 1399 625 l'immaqine
1443 545 1510 622 di
1558 545 1728 608 Gesiz
1767 546 1998 623 Crista,
2047 546 2157 609 che
2194 547 2252 609 lo
2286 553 2480 609 stesso
2530 544 2775 612 Tiberio
2815 563 2941 609 non
2985 547 3072 607 ri·

475 641 710 686 cusava
753 621 820 687 di
860 634 1216 688 ammonere
1250 628 1350 689 coi
1387 627 1525 688 suoi
1564 628 1665 688 dei
1707 627 1807 690 nel
1851 627 2131 691 Pantaeon
2163 628 2230 689 di
2271 627 2514 690 Roma?
2542 650 2567 681 ι
2619 625 2887 703 Ganme,
2935 625 3076 690 Ori·

476 707 618 786 qine
653 705 725 768 ed
760 708 968 770 errori
1008 706 1167 768 dello
1209 706 1577 786 spiritismo.
2435 711 2442 718 ’

557 785 688 848 H'uc
757 786 910 848 facit
976 788 1144 866 quod
1193 788 1381 849 babet
1426 788 1594 849 idem
1639 785 1866 848 Felix:
1924 810 1949 842 ι
1993 786 2256 849 Leibniz
2320 787 2400 849 ha
2460 787 2633 849 detto
2678 789 2742 849 in
2790 786 3066 865 qualche

474 865 664 943 luogo
708 866 876 928 delle
921 884 1032 930 sne
1077 883 1300 945 opere:
1372 866 1465 931 Un
1509 868 1793 945 Europen
1840 868 2171 931 scellerato
2211 869 2242 928 ἑ
2298 868 2418 946 pitz
2464 867 2795 930 scellemto
2854 866 2926 929 di
2986 883 3074 930 mi

380 985 391 996 ·
482 947 835 1027 selvaqqio,
875 948 1087 1027 poiche
1121 949 1178 1009 si
1216 947 1581 1027 perfeziona
1622 948 1725 1010 nel
1767 948 1945 1010 male.
1991 948 2040 1009 E
2087 948 2188 1009 noi
2258 949 2573 1026 possiamo
2637 947 3080 1027 aggiungere:

476 1028 548 1089 ed
590 1031 619 1088 ἐ
663 1028 858 1089 anche
896 1030 1015 1106 pitz
1046 1028 1474 1108 formidabile,
1518 1029 2029 1091 conciossiacche
2078 1025 2427 1106 moltiplica
2473 1028 2570 1090 col
2616 1045 2731 1090 suo
2812 1030 2966 1091 enio
3012 1025 3070 1090 la

476 1125 589 1170 sua
653 1120 914 1187 potenza
966 1109 1028 1170 di
1079 1125 1391 1183 nuocere,
1435 1109 1513 1171 ed
1561 1125 1737 1171 arma
1787 1108 1842 1170 la
1888 1125 1999 1172 sua
2046 1107 2343 1171 barbarie
2407 1109 2474 1171 di
2543 1115 2711 1173 tutte
2802 1124 2838 1174 e
2906 1105 3082 1171 (οι-κθ

479 1187 650 1251 della
696 1189 1198 1252 civilizzazione.
1246 1214 1267 1242 ι
2099 1181 2106 1200 “

1533 1409 1645 1490 (s)
1690 1411 1843 1492 paq.
1889 1412 2045 1476 715..

567 1672 826 1732 1⁰58.
872 1670 1371 1753 cooperatio
1399 1690 1421 1732 ι
1453 1671 1646 1735 dubia
1684 1670 1887 1751 quoad
1921 1673 2438 1751 cooperationem
2484 1672 2772 1751 quetidie
2815 1679 2970 1735 sunt
3003 1671 3082 1733 ad

483 1767 729 1824 manus,
772 1754 878 1814 sed
926 1756 1247 1832 explicatu
1294 1747 1670 1814 dificillima.
1716 1751 1929 1824 Quoad
1980 1753 2160 1830 plura
2222 1753 2544 1816 habentur
2599 1752 3084 1814 declarationes

484 1830 543 1893 S.
576 1831 759 1895 Sedis
795 1849 824 1894 a
860 1833 1045 1895 nobis
1077 1833 1347 1896 refertas
1382 1832 1514 1896 Lib.
1559 1850 1603 1910 1,
1646 1848 1757 1894 nn.
1800 1831 1917 1896 343
1961 1840 2026 1894 et
2057 1832 2195 1908 613,
2238 1841 2303 1896 et
2346 1836 2664 1913 praecipue
2696 1832 2829 1894 Lib.
2861 1848 2928 1893 ιν
2957 1833 3077 1911 Ap·

479 1914 659 1992 perid.
704 1914 813 1976 ubi
858 1915 1070 1992 agitur
1115 1913 1193 1975 de
1237 1927 1588 1992 regnorum
1632 1915 2067 1992 usurpatione.
2110 1914 2287 1976 Tunc
2330 1913 2515 1976 nulla·
2543 1914 2922 1992 difficulta83
2963 1911 3073 1974 sed

487 1991 610 2055 alia
681 2010 807 2055 non
885 2011 1078 2073 pauca
1153 1993 1364 2058 adhuc
1437 1994 1668 2056 tradita
1741 2001 1898 2057 sunt
1959 1993 2377 2072 disputationi
2422 1993 2920 2074 Theologorum.
2966 1993 3077 2055 No·

489 2082 691 2136 strum
738 2091 992 2136 sensum
1038 2076 1330 2153 aperient
1374 2075 1440 2136 in
1484 2075 1644 2136 adeo
1681 2074 1999 2140 salebrosa
2038 2077 2395 2152 quaestione
2427 2083 2490 2135 et
2519 2074 2916 2155 quotidianae
2951 2088 3084 2151 pra·

487 2154 606 2228 xis,
650 2156 1000 2233 sequentia,
1046 2166 1278 2233 praeter
1316 2155 1447 2233 jam
1492 2155 1835 2233 disputata,
1880 2159 1946 2219 in
1980 2163 2175 2219 textu.
2977 2215 2994 2232 ,

545 2234 831 2298 1⁰59.
868 2233 1331 2297 consilium
1363 2233 1839 2316 petendum:
1879 2251 2107 2315 nempe
2143 2235 2392 2315 quoties
2429 2244 2656 2313 agatur
2689 2233 2770 2296 de
2800 2248 2872 2296 re
2902 2233 3080 2310 gravi

490 2323 555 2376 et
597 2315 866 2393 publica,
912 2325 1170 2394 praestat
1213 2327 1281 2378 ut
1318 2332 1503 2379 nemo
1550 2315 1784 2378 nedum
1832 2316 1947 2379 bac
1992 2315 2074 2378 de
2118 2333 2186 2377 re
2232 2324 2434 2378 marte
2479 2332 2592 2376 suo
2662 2314 2992 2392 expediat,
3023 2313 3075 2374 si

492 2395 764 2474 largitur
811 2405 1097 2474 tempus;
1132 2397 1241 2458 sed
1292 2395 1514 2458 fideles
1560 2396 1796 2470 adeant
1822 2397 2245 2471 sacerdotes,
2289 2397 2396 2474 qui
2441 2404 2594 2458 sunt
2661 2395 2952 2473 magistri
3015 2397 3081 2454 in

492 2474 733 2549 lsrael;⁴
765 2477 1138 2539 sacerdotes
1182 2493 1360 2538 suam
1405 2493 1436 2538 a
1488 2476 1790 2538 Perochis
1836 2486 2134 2539 mutuent
2168 2491 2426 2549 vocem3
2469 2476 2741 2537 Paroclii
2800 2475 2878 2536 ab
2945 2472 3081 2551 Epi·

493 2557 699 2634 scopis
743 2557 892 2635 quid
940 2556 1256 2635 agendum
1299 2560 1402 2629 sit,
1447 2558 1807 2634 exquirent.
1874 2557 2163 2636 Episcopi
2215 2566 2431 2619 autem
2496 2571 2716 2619 omnes
2763 2554 2829 2616 id
2875 2556 3084 2632 ipsum

494 2637 850 2699 sentientes
908 2653 1197 2699 normam
1259 2638 1635 2716 tempestive
1682 2638 2142 2715 praescribant,
2193 2636 2520 2700 oraculum
2578 2637 2771 2698 etiam
2833 2633 3086 2696 Pontifi-

494 2716 660 2778 cium
706 2717 1156 2795 exquirentes,
1200 2718 1250 2779 si
1289 2734 1475 2797 opus;
1538 2724 1690 2779 tunc
1749 2717 2035 2796 regulam
2075 2717 2449 2782 habebimus
2506 2717 2895 2778 uniformem
2923 2763 2939 2782 .
2981 2730 3084 2775 su·
3149 2785 3156 2794 ,

494 2795 714 2871 bitatn,
758 2807 1203 2877 opportunam,
1248 2797 1496 2860 firmam
1540 2811 1614 2860 ac
1663 2808 1879 2861 tutam.
1925 2796 2102 2871 Quod
2149 2799 2294 2860 ideo
2329 2800 2531 2874 magis
2579 2803 2839 2875 praestat
2874 2796 3082 2858 obser·

493 2892 668 2951 vare,
713 2881 856 2956 quia
908 2893 1022 2940 nec
1057 2893 1308 2957 semper
1355 2895 1472 2941 nec
1515 2877 1593 2938 de
1642 2877 1817 2940 facili
1861 2878 2220 2941 doctrinam
2267 2878 2626 2956 generatim
2674 2876 2974 2938 traditam
3007 2874 3084 2938 ad

496 2971 678 3020 casus
744 2957 1164 3036 particulares
1230 2959 1554 3039 applicare
1620 2958 1948 3033 valemns3
2005 2970 2070 3020 et
2131 2973 2588 3037 nonnunquam
2649 2973 2753 3020 res
2821 2964 2914 3018 tot
2977 2957 3088 3017 cir·

497 3040 899 3101 cumstantiis
944 3040 1173 3101 vestita
1218 3049 1356 3115 est,
1405 3047 1476 3101 ut
1522 3039 1652 3116 ipsa
1702 3047 1977 3117 nequeat
2024 3037 2200 3101 licite
2243 3039 2310 3100 in
2358 3039 2603 3118 praxim
2669 3036 2925 3111 deduci,
2971 3036 3082 3097 etsi

497 3118 887 3196 speculative
932 3117 1252 3199 loquendo
1287 3135 1412 3181 non
1446 3118 1741 3181 videatur
1785 3135 1966 3199 posse
2009 3119 2336 3191 damnari:
2381 3119 2536 3198 quia·
2562 3133 2790 3197 nempe
2826 3117 2925 3178 vel
2959 3130 3085 3178 non

498 3200 652 3260 satis
696 3197 1106 3272 scandalum,
1154 3199 1320 3278 quod
1370 3201 1675 3274 timetur,
1751 3210 2128 3278 reparatur,
2171 3188 2276 3260 vel
2334 3199 2414 3261 de
2476 3198 2731 3278 publico
2786 3196 3090 3260 Ecclesia)

496 3278 666 3340 bono
712 3280 941 3357 agitur.
986 3280 1087 3342 cui
1133 3279 1322 3343 aliter
1366 3279 1691 3358 provideri
1738 3283 1981 3358 nequit,
2023 3288 2089 3341 et
2126 3282 2210 3342 ita
2258 3294 2469 3358 porro,

537 3431 541 3440 .
581 3359 873 3420 lsssso.
920 3359 1274 3439 Regulam
1314 3359 1804 3442 genet-alent
1853 3368 1922 3423 ut
1964 3361 2202 3440 absque
2264 3361 2446 3438 culpa
2515 3357 2704 3420 alicui
2778 3357 3089 3435 iniquiter

500 3440 713 3519 agenti
760 3456 1171 3519 cooperemns
1196 3459 1213 3515 ;
1257 3455 1517 3503 necesse
1560 3447 1688 3502 est:
1861 3477 1868 3482 f
2741 3485 2748 3493 .

660 3520 714 3581 1.
758 3519 837 3581 Ut
882 3529 1095 3583 nostra
1143 3524 1505 3599 cooperatio
1553 3535 1680 3580 non
1728 3520 1812 3581 sit
1847 3519 1923 3581 ad
1967 3535 2102 3583 rem
2135 3520 2482 3588 intrinsece
2513 3516 2767 3594 malam,
2799 3521 2889 3578 uti
2923 3525 3096 3579 esset

499 3598 739 3663 malum
785 3602 1209 3664 intrinsecum
1256 3601 1444 3663 idolis
1487 3600 1891 3673 sacrificare,
1953 3598 2430 3678 blasphemare,
2491 3613 2710 3659 veram
2783 3599 3088 3675 pietatem

503 3680 779 3742 irridere
823 3681 1019 3759 (quod
1068 3697 1273 3760 neque
1316 3681 1394 3744 ad
1440 3680 1769 3742 vitandam
1797 3688 2087 3743 mortem
2134 3696 2325 3758 agere
2375 3681 2648 3756 liceret).
2696 3677 2818 3739 Sed
2869 3687 2941 3740 nt
3006 3681 3090 3740 sit

500 3761 581 3903 {d
626 3776 762 3823 rem
812 3763 875 3903 ifn
922 3779 988 3824 se
1026 3762 1529 3838 indifferentem,
1562 3759 1723 3822 adeo
1760 3769 1830 3823 ut
1863 3765 1995 3840 ipsa
2028 3762 2193 3823 actio
2230 3763 2441 3822 valeat
2477 3759 2674 3821 etiam
2705 3759 2784 3820 ad
2842 3758 3087 3822 bonnm

551 3856 696 3904 nem
744 3858 812 3904 re
844 3857 998 3904 erri.

657 3922 714 3982 2.
759 3920 841 3984 Ut
885 3939 1019 3985 rem
1068 3924 1254 3985 istam
1300 3921 1781 3984 indifferentem
1831 3935 1959 3981 non
1997 3935 2305 4000 ponamus
2339 3920 2701 3982 intentione
2737 3917 2952 3990 mala;
2981 3917 3092 3980 sed

390 4015 399 4026 ·
505 4009 754 4064 tantum
788 4005 933 4081 qnia
968 4009 1231 4065 externa
1279 4004 1364 4079 vi,
1409 4018 1481 4064 ac
1524 4003 1702 4078 gravi
1749 4003 2106 4080 respective
2151 4001 2531 4062 necessitate
2575 4001 2810 4061 coacti:
2857 4000 2948 4061 uti
2995 4015 3090 4060 es·

504 4091 603 4144 set
646 4084 907 4144 armarii
956 4083 1166 4146 claves
1203 4083 1357 4145 dare
1402 4082 1807 4160 expoliatori,
1850 4084 1957 4161 qui
2007 4081 2294 4160 alioquin
2357 4079 2497 4142 vult
2564 4089 2779 4157 portas
2836 4093 3086 4141 exscin-

506 4160 702 4235 dere;
746 4165 1027 4238 chartas,
1077 4162 1456 4226 documenta
1505 4172 1568 4224 et
1610 4162 1850 4225 similia
1901 4163 2156 4223 tradere
2200 4164 2285 4236 ei,
2333 4163 2441 4241 qui
2490 4160 2678 4222 nobis
2723 4161 2961 4223 fortior
3022 4175 3093 4222 ea

508 4258 618 4320 per
664 4252 951 4321 apertam
991 4244 1126 4346 Jim
1170 4259 1399 4322 capere
1444 4242 1810 4315 contendum
1855 4243 1955 4304 vel
2000 4244 2052 4303 si
2100 4256 2227 4303 non
2277 4241 2536 4305 tradere
2594 4256 2940 4321 expresse,
3009 4239 3097 4301 di·

505 4337 653 4384 cere
689 4324 787 4401 (ut
831 4325 917 4386 ait
962 4323 1233 4401 bobbat)
1279 4325 1483 4386 claves
1526 4324 1798 4401 pendent
1837 4340 1944 4384 seu
1978 4322 2204 4400 jacent
2265 4324 2334 4386 in
2380 4322 2502 4384 tali
2554 4319 2731 4393 loco‚·
2798 4323 2857 4383 si
2896 4320 3095 4383 vultis

504 4418 746 4480 rapere,
788 4405 913 4484 ipsi
953 4406 1201 4476 videte,
1244 4422 1366 4466 non
1387 4420 1492 4482 eqo
1515 4405 1834 4477 resistam,
1864 4404 2015 4481 quia
2040 4421 2161 4465 non
2187 4419 2458 4482 possum.
2493 4402 2651 4465 Item
2681 4400 2937 4464 solvere
2997 4403 3093 4460 in·

500 4482 745 4561 justum
790 4486 1124 4558 tributum,
1166 4494 1230 4546 et
1275 4494 1508 4557 taxam,
1549 4500 1691 4547 cnm
1725 4482 2102 4562 publicanus
2139 4489 2397 4562 paratus
2427 4490 2525 4545 est
2562 4482 2736 4544 illam
2773 4480 3097 4543 violenter
3133 4493 3144 4508 ·

508 4565 810 4642 exigere:
841 4572 992 4626 tunc
1021 4566 1195 4625 enim
1241 4564 1376 4626 haec
1401 4563 1708 4638 cedimus,
1734 4579 1860 4625 non
1894 4562 2038 4626 ideo
2068 4574 2138 4626 ut
2166 4565 2344 4641 gravi
2386 4571 2642 4641 peccato
2674 4562 2835 4626 furis
2872 4577 3096 4639 coope-

516 4655 753 4719 remuS,
782 4642 893 4705 sed
932 4653 1000 4704 ut
1032 4644 1149 4720 ipsi
1184 4659 1297 4704 nos
1332 4644 1410 4706 ab
1441 4644 1580 4721 ejus
1618 4644 1852 4722 injusta
1886 4644 2231 4707 vexatione
2259 4642 2647 4707 liberemus:
2687 4641 2832 4704 ideo
2865 4657 3093 4721 coope-
