3292 5167
469 205 612 269 454
1180 221 1295 267 ιω.
1345 221 1407 267 n.
1454 221 1668 266 τιυιοτ.
1716 220 1817 265 vu.
1864 219 2016 267 mse.
2066 219 2105 264 t.
2152 219 2283 269 car.
2330 220 2371 264 ι.

476 343 679 393 sensu
730 323 997 393 efficaci.
1044 323 1372 411 Inefficaci,
1422 320 1685 409 quando
1726 321 1875 407 quis
1915 319 2093 391 videt
2126 321 2372 391 malum
2419 317 2726 406 proximo
2776 317 3080 387 inferen-

475 430 634 499 dum
685 432 782 499 vel
822 431 959 516 J‘am
1006 431 1303 512 illatum,
1354 437 1420 499 et
1466 430 1860 517 simpliciter
1904 428 2032 498 sibi
2081 427 2356 515 gaudet:
2409 427 2522 514 qui
2572 426 2853 514 proinde
2900 424 3067 495 nihil

477 547 742 607 tenetur
809 539 1190 619 restituere3
1266 556 1417 606 cum
1467 538 1797 605 'damnum
1847 554 1979 606 non
2028 545 2277 605 causet.
2326 574 2417 587 —-
2459 537 2751 624 Εῇῐαιοί,
2800 532 3077 620 quando

486 646 733 714 malum
780 634 1087 733 proximo
1140 645 1555 714 inferendum
1632 644 1919 732 pendet,
1970 645 2069 714 vel
2117 644 2598 715 determinatur
2647 660 2682 709 a
2730 661 2853 711 suo
2903 660 3070 710 con-

478 774 703 826 sensu.
769 756 921 837 Sic,
985 775 1040 819 v.
1101 773 1162 840 g.
1212 756 1634 837 consentiunt
1686 756 2042 822 Senatores
2091 772 2167 820 ac
2212 752 2523 834 Judices,
2573 770 2729 819 cum
2782 770 2902 836 per
2946 769 3071 821 sua

477 863 784 948 suffragia
821 863 1100 948 positive
1134 870 1540 930 concurrunt
1578 860 1657 927 ad
1694 861 1905 957 legem
1941 860 2034 930 vel
2070 860 2468 935 sententiam
2490 859 2841 946 injustam:
2892 875 3071 944 quos

479 971 746 1059 quidem
796 970 1071 1039 dubium
1121 989 1251 1038 non
1301 977 1402 1037 est
1453 968 1659 1037 teneri
1704 969 1768 1036 in
1818 967 2109 1038 solidum
2156 967 2239 1036 de
2288 965 2570 1050 damno,
2623 965 2776 1054 quia
2827 981 3069 1051 nempe

478 1079 790 1166 positive,
838 1077 1191 1169 efficaciter
1237 1084 1302 1145 et
1349 1076 1593 1161 injuste
1642 1075 1707 1143 in
1758 1074 1917 1143 illud
1967 1075 2271 1143 influunt.
2318 1075 2503 1144 Idem
2549 1073 2932 1156 dicendum,
3005 1073 3063 1141 si

479 1185 628 1272 quis
678 1185 758 1254 de
807 1185 1150 1266 industria,
1193 1191 1261 1251 et
1307 1184 1561 1270 absque
1627 1184 1980 1252 sufficienti
2034 1201 2249 1264 causa,
2285 1184 2474 1252 abest
2524 1202 2586 1250 v.
2629 1201 2709 1267 g.,
2741 1200 2778 1276 a
2814 1183 3056 1248 Senatu

476 1292 576 1360 ve‘l
626 1310 662 1358 a
710 1291 1033 1378 capitulo,
1086 1308 1239 1358 cum
1286 1289 1606 1376 praevidet
1654 1289 1918 1358 delectu
1968 1290 2072 1357 sui
2121 1289 2414 1375 suffragii
2451 1305 2799 1357 numerum
2839 1288 3070 1355 suffra·

477 1401 736 1486 giorum
779 1399 1213 1466 sufficientem
1263 1398 1405 1466 fore
1453 1397 1532 1464 ad
1582 1390 1895 1465 damnum
1936 1397 2238 1483 proximo
2278 1396 2734 1477 inferendum3
2770 1394 3069 1464 absentia

476 1507 648 1574 enim
694 1513 870 1574 esset
918 1505 999 1572 de
1049 1503 1373 1572 industria
1422 1505 1751 1591 quaesita,
1800 1523 1875 1572 ac
1927 1504 2164 1590 injusta
2217 1503 2437 1571 damni
2487 1523 2707 1573 cansa.

567 1617 698 1682 Hac
745 1612 808 1680 in
860 1631 963 1680 re:
1017 1616 1073 1679 1.
1125 1614 1393 1681 Certum
1444 1619 1546 1680 est
1591 1613 2026 1698 suffragantes
2062 1630 2295 1680 omnes
2327 1611 2409 1679 ad
2443 1612 2938 1681 restitutionem
2970 1618 3067 1678 te·

477 1722 659 1802 neri,
723 1721 775 1787 si
828 1721 909 1787 de
957 1718 1282 1788 condicto·
1313 1718 1619 1804 suffragia
1669 1719 2011 1801 dederint3
2062 1737 2213 1805 nam
2260 1720 2462 1787 semel
2516 1719 2675 1786 inita
2724 1717 3059 1802 conspira-

487 1828 690 1909 tione,
760 1827 1056 1895 omnium
1137 1827 1326 1894 unica
1376 1827 1446 1893 fit
1496 1828 1668 1894 actio
1719 1826 1985 1895 moralis
2036 1826 2364 1910 influxiva,
2412 1828 2533 1894 etsi
2586 1845 2716 1893 non
2770 1826 3065 1892 omnium

482 1934 791 2020 suffragia
841 1934 1209 2003 necessaria
1258 1935 1389 2003 sint
1437 1933 1520 2001 ad
1567 1933 1883 2002 damnum
1932 1933 2368 2004 inferendum.
2526 1918 2533 1923 ⁹

654 2056 719 2120 2.
771 2056 1038 2121 Certum
1086 2062 1187 2123 est
1236 2054 1453 2135 etiam,
1506 2070 1742 2122 omnes
1791 2054 2288 2127 consentientes
2338 2073 2413 2123 ac
2461 2054 2847 2138 suffragium
2901 2050 3067 2119 dan-

483 2167 582 2229 tes
655 2161 1045 2229 contrahere
1117 2161 1588 2246 obligationem
1660 2160 2098 2244 restituendi‚
2165 2160 2428 2247 quando
2479 2160 2715 2228 eodem
2765 2166 3064 2242 tempore

481 2268 810 2352 suffragati
861 2267 993 2335 sint
1041 2267 1165 2352 (uti
1215 2286 1342 2336 una
1392 2287 1571 2351 voce,
1625 2287 1744 2354 per
1788 2269 2399 2353 acclamationem);
2449 2268 2602 2354 quia
2636 2286 2786 2336 cum
2845 2265 3065 2334 nullus

477 2384 635 2443 tunc
686 2375 866 2461 prior
912 2374 1108 2442 fuerit
1159 2394 1372 2462 neque
1422 2370 1811 2463 posterior?
1839 2376 2165 2446 sententia
2215 2377 2544 2444 resultans
2593 2394 2675 2443 ex
2722 2372 3073 2458 suffragio·

487 2500 636 2550 rum
683 2500 960 2564 summa,
1011 2482 1290 2568 singulis
1337 2484 1848 2568 suffragantibus
1899 2485 2135 2553 merito
2187 2483 2519 2554 tribuitur.

649 2600 711 2666 3.
763 2590 1029 2668 Certum
1081 2608 1201 2681 est,
1253 2619 1369 2669 eos
1421 2601 1531 2686 qui
1586 2602 1793 2685 prima
1839 2602 2148 2687 suffragia
2199 2602 2500 2688 praebent
2546 2608 2901 2685 antequam
2951 2617 3077 2666 nu·

473 2725 697 2775 merus
747 2709 1178 2795 compleatur,
1228 2710 1436 2777 teneri
1488 2709 1570 2776 ad
1616 2710 2109 2779 restitutionem
2147 2712 2210 2779 in
2260 2711 2571 2794 solidum,
2604 2709 2862 2779 etiamsi
2899 2725 3065 2794 prae·

471 2815 752 2883 viderint
824 2815 988 2885 alios
1061 2817 1221 2885 item
1292 2836 1439 2885 esse
1513 2836 1995 2889 consensuros:
2071 2819 2225 2905 quia
2289 2818 2370 2889 de
2420 2819 2588 2888 facto
2638 2819 2703 2885 in
2751 2816 3070 2887 damnum

477 2922 832 2990 efficaciter
879 2923 1183 2992 influunt.
1235 2924 1331 2992 Ob
1381 2923 1657 2992 eandem
1706 2942 1970 2993 causam
2018 2933 2276 2994 certum
2322 2927 2494 3001 erit,
2546 2926 2731 2993 illum
2795 2941 3073 3009 quoque

478 3027 542 3095 in
591 3028 877 3097 solidum
928 3031 1138 3098 teneri
1187 3030 1269 3097 ad
1318 3030 1844 3116 restitutionem,
1895 3033 2006 3119 qui
2054 3041 2205 3119 post
2253 3033 2661 3119 completum
2714 3046 3069 3100 numerum

479 3135 946 3219 suffragiorum
996 3135 1105 3205 dat
1152 3137 1536 3224 suffragium
1584 3139 1889 3207 ultimum
1945 3158 2065 3225 pro
2113 3142 2441 3210 sententia
2490 3141 2753 3227 injusta,
2804 3140 2858 3208 si
2896 3158 3065 3225 prae·

473 3240 686 3308 videat
734 3243 900 3311 alios
949 3262 1145 3311 suum
1193 3253 1639 3327 revocaturos,
1690 3246 1957 3331 quando
2009 3247 2152 3332 ipse
2186 3247 2572 3333 suffragium
2604 3247 2856 3316 bonum
2896 3262 3073 3331 prae-

477 3347 684 3430 beret,
719 3348 819 3416 vel
852 3356 1110 3418 ceteros
1159 3351 1544 3437 suffragium
1593 3336 1827 3421 dantes
1875 3353 1957 3421 ad
2005 3353 2071 3420 id
2122 3354 2521 3423 hortaretur.

652 3467 713 3531 4.
761 3466 1201 3535 Probabiliter
1246 3466 1502 3550 dicunt,
1536 3487 1667 3537 eos.
1692 3488 1961 3557 quoque
1998 3472 2207 3540 teneri
2250 3471 2331 3540 de
2366 3471 2645 3552 damnis,
2684 3470 2796 3555 qui
2831 3467 3067 3537 suflra—

478 3579 717 3657 gantur
777 3574 1040 3662 injustae
1105 3578 1453 3646 sententiae
1505 3578 1601 3646 vel
1654 3579 1823 3663 legi,
1873 3580 1995 3648 etsi
2050 3598 2366 3647 numerus
2414 3578 2879 3664 suffragiorum
2920 3576 3057 3661 J‘am

475 3680 846 3765 completus
897 3682 1116 3766 fuerit,
1163 3691 1231 3752 et
1272 3684 1477 3753 etiam
1525 3686 1784 3754 seclusa
1832 3687 2346 3771 conspiratione,
2396 3686 2658 3772 quando
2709 3684 2924 3753 adhuc
2962 3700 3061 3752 re·

473 3786 775 3871 quiratur
820 3789 1072 3857 sanctio
1115 3789 1379 3875 judicis,
1430 3791 1736 3883 praesidis
1772 3791 1870 3861 vel
1905 3792 2077 3876 regis
2111 3793 2192 3859 ad
2224 3792 2608 3861 firmandam
2658 3790 3061 3861 sententiam

471 3892 651 3962 illam
716 3896 810 3962 vel
880 3895 1091 3981 legem
1139 3897 1232 3964 uti
1283 3898 1566 3966 maxime
1613 3898 1686 3965 fit
1735 3899 1799 3966 in
1850 3898 2188 3983 guberniis
2236 3898 2915 3967 constitutionalibus.
2954 3895 3061 3965 Id-

473 4019 602 4086 que
673 4003 808 4071 sive
880 4004 1090 4072 sciant
1154 4004 1310 4091 quid
1361 4005 1466 4073 alii
1520 4006 1754 4075 facturi
1802 4008 1978 4091 sint,
2028 4007 2164 4076 sive
2212 4026 2376 4088 non;
2425 4008 2562 4074 sive
2606 4013 2866 4075 secreto
2914 4004 3052 4073 'suf-

467 4109 670 4195 fragia
717 4111 1052 4195 ferantur,
1100 4113 1237 4181 sive
1287 4131 1454 4181 non:
1507 4131 1660 4182 nam
1706 4132 1939 4184 omnes
1987 4122 2391 4183 concurrunt
2436 4122 2573 4182 tam
2620 4114 2809 4199 primi
2858 4128 3059 4199 quam

471 4215 685 4284 ultimi
749 4217 830 4285 ad
884 4219 1196 4304 injustam
1254 4221 1652 4291 sententiam
1701 4221 1799 4289 vel
1851 4221 2104 4308 legem,
2156 4239 2306 4291 cum
2358 4222 2496 4307 ipsa
2545 4221 2928 4289 efformetur
2973 4238 3055 4288 ex

472 4325 867 4396 collectione
915 4329 1213 4397 omnium
1262 4337 1604 4399 votorum:
1654 4338 1718 4398 et
1767 4349 1991 4400 revera
2042 4331 2313 4400 nomine
2363 4331 2657 4399 omnium
2690 4316 2886 4397 simul
2932 4327 3060 4396 fer-

474 4438 584 4498 tur
630 4439 696 4499 et
746 4434 1223 4521 promulgatur.
2570 4417 2585 4433 ⁶

561 4543 775 4611 0¹20.
828 4551 990 4631 Quid
1034 4571 1176 4618 vero
1224 4551 1545 4638 (quaeres)
1590 4557 1646 4621 si
1692 4554 1872 4621 nulla
1912 4555 2166 4641 proprie
2209 4553 2374 4621 dicta
2406 4557 2645 4622 sanctio
2674 4553 3063 4639 requiratur,

423 4703 439 4713 f
461 4656 578 4725 aed
641 4668 729 4724 tot
770 4658 1095 4746 mffraqiis
1126 4662 1272 4746 jam
1314 4679 1612 4728 numerus
1655 4663 2024 4750 sufficienter
2065 4662 2147 4730 sit
2188 4663 2563 4751 completus,
2610 4661 2704 4735 uti
2747 4660 2943 4730 evenit
2987 4659 3065 4725 in
