3292 5167
423 214 555 283 370
1218 231 1331 280 mn.
1376 231 1445 280 11.
1491 236 1710 283 mcv.
1761 236 1839 281 η.
1885 232 2187 283 muman!

420 341 495 397 ut
534 333 1025 413 patreshmiiias
1052 335 1261 415 quoad
1295 337 1578 415 ipsorum
1620 338 2115 399 commercium:
2145 343 2523 415 iit-possunt.
2554 343 2855 399 mutuare
2891 348 2999 414 pe·

421 417 642 477 cunias
683 424 748 475 et
792 424 968 491 pater
1015 415 1079 477 in
1129 418 1406 494 ipsorum
1471 417 1657 479 bonis
1723 416 2065 479 mobilibus
2127 418 2188 477 in
2249 418 2702 478 commercium
2769 415 3002 495 positis

420 511 546 557 nou
594 504 799 570 potest
841 497 1120 572 experiri
1162 497 1266 575 jus
1312 497 1683 559 usufructus
1727 501 1794 558 in
1843 497 2238 559 creditorum
2286 496 2684 575 praejudicio,
2733 505 2851 558 etc.

575 574 632 637 3.
675 573 972 638 Mulieres
1018 577 1303 655 innuptae
1348 576 1551 639 libere
1598 591 1864 657 possunt
1907 577 2360 640 commercium
2405 592 2755 650 exercere,
2802 584 3001 654 atque

420 654 487 716 in
532 656 722 716 rebus
778 658 1140 719 commercii
1186 674 1254 718 se
1298 657 1711 736 fideiussores
1763 660 2189 721 constituere.
2259 658 2338 719 At
2403 657 2709 720 mulieres
2778 667 3000 735 nuptae

419 743 716 798 vetantur
760 736 899 797 sine
946 738 1070 798 viri
1118 752 1477 812 consensu3
1518 738 1750 800 sufficit
1792 746 2004 800 autem
2048 752 2401 801 consensus
2469 739 2739 811 tacituS,
2804 746 2876 799 ut
2943 736 2998 797 si

416 814 671 893 publice
717 815 779 877 id
814 826 959 893 agat
1002 834 1180 892 uxor,
1222 834 1362 879 viro
1408 833 1536 881 non
1581 818 2099 880 contradicente:
2147 818 2317 879 hunc
2381 828 2593 880 autem
2651 818 2771 880 viri
2841 831 2995 878 con-

417 912 675 957 sensum
713 896 1057 974 aliquando
1092 898 1347 977 supplet
1390 899 1672 961 tribunal
1704 902 2094 961 commercii.
2125 897 2300 963 Uxor
2330 899 2788 961 commercium
2823 912 3008 960 exer·

418 992 570 1039 cens
612 977 661 1037 si
710 986 895 1038 aetate
942 978 1162 1056 major,
1207 977 1409 1041 libere
1456 988 1663 1057 potest
1707 980 1962 1058 pignori
2010 979 2184 1054 dare,
2230 982 2293 1041 in
2337 978 2584 1058 judicio
2620 995 2690 1041 se
2735 977 3003 1054 sistere,

418 1057 873 1134 hypothecam,
906 1057 1254 1120 immobilia
1303 1059 1602 1136 vendere,
1645 1059 1853 1139 quoad
1894 1068 2071 1123 actus
2116 1060 2212 1123 sui
2263 1060 3002 1122 commerciiz=attamen

419 1137 625 1216 quoad
670 1136 831 1199 boua
878 1137 1137 1213 dotalia,
1178 1148 1517 1203 serventur
1562 1139 1740 1218 leges
1786 1139 2026 1203 Codicis
2069 1140 2276 1202 civilis
2304 1138 2351 1202 ¹.

574 1219 630 1279 4.
673 1216 952 1280 Tandem
1000 1229 1132 1283 tum
1179 1229 1547 1298 proxenetae
1581 1228 1743 1294 tum,
1782 1229 2047 1299 agentes
2076 1220 2331 1297 cambii,
2366 1218 2797 1298 prohibentur
2854 1231 2998 1297 pro·

419 1297 558 1377 prio
607 1298 863 1360 nomine
906 1310 1083 1363 actus
1128 1302 1489 1363 commercii
1539 1316 1842 1364 exercere
1867 1300 1918 1363 ².

494 1376 689 1437 519.
734 1377 796 1451 Q.
840 1379 894 1440 2.
942 1378 1100 1452 Quia
1141 1380 1213 1442 dc
1254 1379 1661 1446 societatibus
1704 1378 2300 1445 commercialibus?
2735 1404 2746 1417 ·

497 1456 568 1518 R.
612 1456 1376 1536 Contractus-societatis,
1422 1463 1544 1523 nisi
1595 1476 1727 1524 suae
1771 1464 1901 1523 sint
1943 1461 2120 1539 leges
2166 1458 2497 1539 specialeS,
2541 1457 2787 1537 regitur
2816 1457 2999 1536 juxta

420 1553 708 1601 normam
738 1540 946 1603 civilis
981 1540 1242 1604 Codicis.
1294 1541 1496 1605 Godcw
1539 1550 1760 1604 autem
1782 1541 2136 1604 commercii
2189 1541 2407 1621 plures
2456 1540 2786 1601 societatis
2819 1553 2992 1600 com·

418 1617 740 1680 mercialis
781 1622 1028 1700 species
1071 1632 1427 1697 enumerat,
1471 1639 1543 1684 ac
1588 1621 1762 1699 leges
1813 1624 2137 1701 assignat:
2781 1680 2788 1688 .

578 1699 629 1759 1.
674 1700 784 1762 Est
827 1703 1096 1764 societas
1139 1705 1381 1766 nominc
1423 1703 1779 1780 collective,
1823 1720 2011 1781 quam
2058 1701 2182 1763 duo
2231 1700 2330 1762 vel
2376 1699 2593 1779 plures
2638 1698 2867 1760 ineunt
2915 1695 2995 1761 ad

420 1780 874 1855 negotiandum
918 1781 1033 1845 sub
1078 1800 1205 1845 uno
1252 1787 1513 1845 nomine
1557 1783 1781 1846 sociali
1840 1783 2129 1863 (ragione
2171 1780 2400 1844 sociale
2431 1827 2447 1855 ,
2495 1777 2686 1857 vulgo
2748 1778 2995 1857 (Μία).-

421 1858 927 2002 inbhacbomnes
971 1865 1125 1926 socii
1171 1865 1540 1943 obligantur
1585 1867 1648 1926 in
1697 1864 2003 1939 solidum,
2047 1862 2168 1925 etsi
2215 1879 2381 1926 unus
2444 1858 2888 1922 tantummodo
2931 1873 2998 1922 se

420 1954 495 1999 su
541 1956 666 2001 scri
717 1953 797 2004 at.
852 1952 859 1959 ⁴

579 2019 634 2082 2.
680 2020 962 2084 Societas
1005 2026 1074 2083 in
1117 2024 1701 2086 commendationem
1752 2023 1855 2102 (in
1889 2021 2398 2101 accomandita).·
2441 2028 2537 2082 est
2593 2034 2735 2099 quae
2795 2019 2999 2082 initur

430 2097 602 2159 inter
645 2104 847 2163 socios
890 2105 1150 2165 nomine
1196 2105 1563 2179 collectivo,
1608 2116 1674 2166 et
1715 2106 1920 2166 socios
1964 2106 2069 2184 qui
2118 2120 2250 2164 rem
2296 2118 2476 2163 suam
2524 2102 2607 2163 ita
2655 2098 3003 2162 conterunt

424 2194 497 2240 ac
540 2182 715 2257 quasi
763 2183 1230 2260 commendant,
1274 2193 1342 2247 ut
1387 2193 1628 2247 tantum
1677 2183 2032 2264 periculum
2081 2187 2172 2246 rei
2218 2183 2546 2260 suscipere
2590 2179 2815 2251 velint.

580 2260 636 2323 3.
679 2262 790 2324 Est
820 2266 1089 2326 societas
1131 2266 1449 2338 αηοηίηια,
1491 2281 1632 2343 quae
1678 2282 1806 2327 non
1853 2264 2188 2343 praesefert
2220 2264 2537 2326 sociorum
2583 2275 2841 2334 nomen,
2880 2257 2993 2320 sed

419 2353 449 2399 a
498 2355 570 2402 re
613 2358 799 2421 quam
860 2344 1256 2422 aggreditur,
1302 2345 1652 2407 indicatur:
1717 2346 1805 2407 sic
1851 2345 2089 2407 dicitur
2138 2344 2200 2406 ia
2241 2341 2443 2407 banca
2486 2342 2551 2404 di
2612 2339 2885 2415 Genava,
2933 2339 2996 2402 la

415 2425 784 2503 compaqnia
828 2424 986 2486 delle
1028 2425 1225 2500 India,
1271 2427 1335 2486 la
1378 2425 1612 2487 sociem
1661 2425 1727 2487 di
1779 2426 2279 2486 assicurazione.
2343 2423 2462 2483 Pro
2538 2422 2656 2483 hac
2694 2421 2989 2499 *legitime

418 2503 866 2569 constituenda
912 2508 1264 2584 requiritur
1308 2507 1588 2584 supremi
1636 2505 2025 2584 legislatoris
2075 2504 2439 2583 permissio.

576 2585 629 2646 4.
675 2585 785 2646 Est
828 2586 1096 2647 societas
1134 2585 1706 2666 participationis;
1752 2598 1816 2648 et
1857 2589 2076 2648 evenit
2120 2602 2260 2657 cum
2308 2581 2547 2661 singuli
2592 2582 2748 2643 socii
2800 2586 3002 2659 agunt

415 2668 673 2742 proprio
742 2668 1002 2728 nomine
1067 2682 1134 2727 ea
1206 2666 1598 2742 conditione,
1664 2674 1732 2730 ut
1799 2675 2013 2745 postea
2062 2667 2338 2727 invicem
2405 2661 2743 2724 conferant
2802 2662 3002 2737 lucra,

416 2746 604 2830 atque
648 2745 957 2807 dividant.
1002 2744 1160 2809 Huic
1203 2746 1496 2810 addenda
1554 2749 1821 2811 societas
1883 2752 2104 2809 mutua
2147 2743 2623 2819 commercium,
2664 2757 2808 2822 quae
2856 2757 2998 2823 par·

421 2829 575 2886 tium
625 2830 1054 2887 conventione
1100 2829 1345 2906 regitur
1378 2827 1426 2887 3.

502 2906 717 2967 52⁰.
763 2905 828 2978 Q.
872 2905 927 2969 3.
976 2905 1136 2979 Quid
1177 2908 1248 2968 dc
1292 2907 1822 2970 commissionario
1865 2912 1924 2970 et
1967 2906 2266 2969 mercium
2308 2898 2709 2968 vectoribus?

490 2986 565 3059 R.
611 2986 701 3047 Ad
750 2985 815 3046 1:
875 3011 897 3040 ι
940 2985 990 3048 11
1021 2989 1573 3049 commissionario
1619 2991 1655 3050 e
1700 2987 1865 3050 colui
1935 2986 2052 3048 che
2099 2986 2160 3048 fa
2205 2987 2321 3049 atti
2369 2985 2431 3045 di
2499 2981 2886 3046 commercio
2933 2982 3000 3043 in

421 3083 534 3130 sno
583 3083 788 3142 nome,
831 3083 867 3128 o
912 3075 1075 3129 sotto
1118 3068 1332 3147 quello
1395 3068 1457 3129 di
1524 3084 1646 3131 una
1698 3070 1961 3145 ragione
2032 3065 2287 3141 sociale,
2334 3081 2444 3144 per
2489 3064 2718 3126 ordine
2783 3079 2820 3124 e
2887 3076 3002 3140 per

420 3155 607 3209 conto
652 3147 715 3208 di
765 3163 849 3208 un
894 3150 1353 3221 committente,
1397 3148 1722 3211 mediante
1765 3147 2001 3210 salario
2045 3162 2081 3207 o
2130 3149 2536 3225 provvisione
2569 3143 2615 3205 ⁴.
2649 3169 2669 3197 ι
2720 3143 2836 3205 Hic
2869 3156 2999 3204 non

418 3235 675 3290 tenetur
718 3228 798 3302 ei,
842 3244 1110 3307 quocum
1154 3230 1481 3291 contrahit
1512 3245 1746 3292 nomen
1778 3226 2241 3291 committentis
2286 3226 2615 3301 indicai·e;
2658 3227 2790 3304 ipse
2816 3223 2998 3285 dum·

418 3314 592 3371 taxat
636 3315 892 3371 tenetur
937 3326 1084 3387 erga
1131 3309 1428 3385 eundem,
1470 3325 1542 3372 ac
1598 3312 1651 3372 si
1720 3309 2046 3388 negotium
2094 3316 2262 3369 esset
2325 3322 2542 3372 suum:
2583 3306 2995 3395 committens

418 3396 628 3450 autem
676 3403 803 3449 non
848 3389 1039 3451 habet
1081 3390 1398 3452 actionem
1443 3405 1590 3453 casu
1633 3389 2200 3457 damnificationis,
2251 3389 2373 3449 nisi
2422 3393 2642 3447 contra
2701 3398 2997 3447 commis·

418 3468 792 3532 sionarium.
851 3468 1028 3541 Quod
1072 3472 1123 3531 si
1170 3470 1756 3533 commissionarius
1821 3483 2123 3550 expresse
2166 3478 2315 3547 agat
2376 3467 2634 3528 nomine
2706 3464 2995 3528 commit·

452 3737 503 3815 ‘1
536 3739 656 3790 cod.
687 3750 886 3802 comm„
922 3740 1019 3793 art.
1067 3744 1098 3794 2
1145 3741 1197 3795 et
1227 3752 1410 3806 seqq.;
1461 3766 1524 3780 —
1578 3742 1637 3795 c.
1668 3741 1731 3796 Δ.
1763 3754 1947 3796 comm.
1979 3746 2040 3805 2;
2092 3766 2155 3780 —
2210 3741 2265 3792 G.
2303 3740 2363 3791 G.
2397 3750 2583 3790 comm.
2614 3742 2674 3803 23
2724 3763 2783 3775 -
2836 3736 2894 3788 C.
2923 3736 2997 3790 Μ.

415 3814 514 3938 ⁰⁸3⁸
544 3803 1009 3938 «fussffc'ossts‘i‘ayenn
1040 3865 1092 3917 di
1124 3865 1319 3938 cumbio
1349 3866 1535 3938 coloro
1569 3866 1668 3939 che
1698 3868 1742 3918 s’
1766 3866 2146 3939 intromettono
2179 3874 2271 3927 per
2319 3863 2595 3936 negoziare
2643 3862 2823 3914 lettere
2855 3872 2890 3913 o
2920 3858 3000 3914 hi·

413 3926 572 3991 ghetti
606 3924 658 3976 dt
692 3926 920 3990 cambiO,
949 3927 1016 3980 od
1051 3929 1168 3980 altri
1202 3928 1360 3980 efletti
1396 3927 1620 3990 pagabm
1659 3929 1934 3981 all’ordine
1967 3940 1999 3978 o
2033 3929 2083 3977 al
2117 3926 2401 3990 portatore,
2439 3925 2706 3977 mediante
2747 3936 2821 3976 un
2855 3925 2999 3976 certo

411 3988 629 4054 promto
665 3989 780 4039 loro
809 3991 1089 4042 accordato
1124 3991 1209 4041 dai
1245 3992 1558 4042 contraeati.
1590 3991 1893 4043 Chiamansi
1930 3991 2117 4041 sensim
2149 3988 2323 4054 quegli
2357 3987 2530 4049 agenti
2552 3987 2648 4038 che
2678 3985 2999 4038 s’intromet·

413 4055 544 4104 tono
581 4063 670 4115 per
702 4050 781 4103 tar
816 4052 1063 4114 vendere,
1097 4065 1376 4117 comprare
1410 4066 1441 4102 o
1478 4055 1745 4105 cambiare
1779 4053 2089 4113 mercanzie,
2143 4051 2406 4102 mediante
2453 4060 2532 4101 un
2563 4049 2687 4100 dato
2758 4048 2935 4099 rofitto
2965 4059 2999 4099 o

413 4114 614 4193 salario
647 4114 744 4165 che
775 4115 888 4166 loro
919 4117 963 4165 si
997 4126 1147 4180 paga.
1186 4136 1204 4159 ι
1244 4115 1512 4179 Bronzini,
1545 4117 1689 4167 Stude·
1723 4128 1832 4167 ecc.
1853 4140 1917 4153 —
1963 4115 2086 4168 God.
2122 4126 2321 4174 comm„
2355 4114 2454 4162 art.
2488 4113 2583 4176 323
2615 4137 2682 4148 —
2757 4145 2771 4160 .
2806 4112 2869 4161 Δ.
2899 4111 2995 4174 85;

410 4176 656 4311 —tssigogs
688 4191 890 4301 511),aeaess
907 4180 1025 4292 {5¹:3⁶
1058 4242 1150 4294 108
1188 4240 1247 4301 et
1278 4250 1464 4306 seqq.;
1512 4265 1577 4277 —
1626 4239 1683 4292 C.
1714 4240 1777 4292 Α.
1807 4252 1986 4291 comm.
2020 4240 2116 4302 183
2169 4262 2235 4276 —
2289 4237 2344 4289 C.
2399 4235 2459 4286 G.
2495 4247 2678 4288 comm.
2712 4236 2809 4295 635
2846 4258 2910 4271 —
2942 4231 2997 4285 C.

412 4298 497 4399 ’πὶ
519 4301 1111 4434 cfvitgffiss'mmerciosi
1143 4364 1352 4415 chiama
1381 4364 1744 4427 spedizioniere
1776 4363 1951 4428 quello
1985 4364 2082 4416 che
2113 4361 2393 4434 ral’invjo
2427 4357 2564 4411 dalle
2599 4357 2848 4431 merch-e
2881 4366 2993 4407 con·

413 4425 705 4485 sequatur-io
739 4424 878 4476 colui
912 4436 944 4474 a
977 4437 1057 4475 cni
1095 4436 1228 4476 sono
1261 4427 1465 4478 dircite.
1504 4428 1713 4487 Quanto
1747 4427 1796 4476 al
1832 4429 2093 4488 trasporto
2145 4438 2190 4475 st
2223 4423 2487 4484 distingue
2523 4423 2573 4472 lo
2607 4419 2994 4482 spedizloniere

411 4494 508 4547 per
537 4485 816 4546 trasport0‚
852 4484 888 4535 il
920 4488 1078 4549 quale
1109 4490 1151 4537 s’
1171 4489 1401 4539 incarica
1431 4487 1512 4539 del
1548 4489 1832 4551 trasporto.
1865 4501 1893 4539 e
1925 4489 1961 4539 il
1996 4489 2252 4539 vetturale
2284 4486 2383 4536 che
2430 4483 2837 4556 effettivamente
2872 4483 2996 4554 tras

410 4547 583 4609 porta.
612 4545 693 4618 ,ιο
724 4545 1100 4609 spedizioniere
1130 4550 1426 4611 garantlsce
1465 4560 1615 4601 come
1634 4551 1667 4601 il
1704 4550 1962 4602 vetturale
1992 4549 2202 4601 l'arrivo
2235 4549 2368 4601 delle
2404 4558 2581 4607 merci,
2604 4558 2634 4597 e
2655 4544 2788 4595 delle
2813 4552 2996 4595 avane

413 4605 807 4732 2‚pg¹:dssg⁰mffffi
827 4609 1516 4734 gfgre-bbgrofficggrrgaeg
1546 4611 1665 4665 Cod.
1683 4614 1779 4665 cio.
1801 4614 1975 4676 spica„
1995 4613 2098 4663 art.
2133 4612 2285 4674 moen
2318 4636 2383 4648 —
2404 4608 2525 4663 Cod.
2547 4620 2750 4670 comm„
2776 4607 2877 4659 art.
2901 4608 2990 4668 68;
