3292 5167
500 189 631 256 322
1206 182 1318 251 tie.
1368 206 1432 253 ιι.
1480 208 1695 253 macr.
1750 203 1838 253 vi.
1885 206 2043 253 mss.
2087 206 2168 252 iv.
2215 206 2346 252 cn.
2394 205 2480 250 ιιι.

501 314 554 380 le
593 310 777 399 parti
821 310 901 379 od
946 329 1075 376 una
1120 309 1186 377 di
1230 331 1356 377 esse
1399 330 1526 378 non
1572 330 1782 378 avesse
1825 310 2065 379 notizia
2113 308 2263 396 (art.
2317 308 2552 395 1776);
2604 323 2756 375 cum
2789 311 2952 376 tunc
2984 304 3114 377 dess

500 418 680 487 ficiat
719 417 1124 510 elementum
1158 416 1643 501 transactioniS,
1685 436 1802 487 seu
1840 416 1917 485 lis
1947 416 2235 502 incaepta
2267 415 2367 484 vel
2401 414 2766 496 nascitura3
2814 431 2890 482 ea
2924 415 3113 482 enim

493 527 628 613 jam
661 523 973 593 absoluta
1022 531 1142 592 est.
1194 525 1257 591 Si
1279 523 1409 613 pud
1441 512 1835 611 equalmente'
1856 525 2228 611 impuqnare
2259 542 2392 590 una
2421 522 2825 589 transazione
2855 521 2965 588 che
3000 520 3108 587 sia

498 644 660 702 stota
703 633 868 718 facta
911 630 980 698 in
1024 633 1376 699 esecuzione
1423 631 1488 699 di
1531 622 1620 699 ‘un
1665 632 1838 699 titolo
1883 631 2078 715 nullo,
2126 631 2299 698 solvo
2366 630 2473 698 che
2521 629 2572 696 le
2613 629 2790 717 parti
2835 626 3115 695 abbiano

499 751 972 828 eepressameme
1015 750 1272 806 tractato
1320 739 1481 807 della
1526 739 1764 806 nollit&
1810 738 1960 826 (art.
2011 739 2214 823 1774)
2247 738 2299 805 ¹.

897 1024 1049 1091 Αιιτ.
1096 1024 1200 1092 Ν.
1248 1058 1338 1070 -
1381 1026 1471 1090 De
1518 1021 1819 1089 bonorum
1861 1021 2292 1089 communione
2338 1017 2406 1089 i'n
2447 1040 2690 1107 qenere,

1052 1165 1126 1232 de
1168 1178 1486 1234 contractu
1530 1165 1837 1233 societatis
1880 1178 1935 1233 et
1980 1176 2302 1233 contractu
2361 1166 2552 1251 trino.

588 1395 784 1459 113⁷.
836 1401 905 1480 Q.
957 1401 1015 1465 1.
1066 1397 1229 1479 Quid
1275 1397 1347 1478 de
1395 1398 1698 1464 bonorum
1744 1401 2174 1465 communione
2219 1398 2289 1464 in
2331 1402 2600 1483 qenere?

589 1506 660 1573 R.
709 1506 1048 1571 Bonorum
1099 1504 1481 1573 communio
1534 1503 1898 1588 generatim
1950 1510 2218 1589 sumpta
2253 1511 2355 1571 est
2387 1504 2653 1572 duorum
2684 1502 2780 1569 vel
2814 1501 3106 1589 pluriam

500 1609 583 1677 ad
626 1611 882 1678 eandem
929 1632 1081 1694 rem,
1129 1612 1306 1697 cujus
1349 1606 1597 1697 quidem
1669 1608 2241 1697 compropriecatem
2301 1621 2528 1692 tenent,
2576 1609 2993 1698 partecipacio
3049 1607 3102 1675 ².

503 1721 685 1786 Tunc
731 1726 953 1787 autem
1002 1719 1380 1787 communio
1438 1726 1821 1786 contractus
1867 1737 2040 1787 verae
2115 1718 2454 1787 societatis
2517 1715 2808 1797 indolem
2857 1715 3100 1798 induit,

503 1842 652 1893 cum
700 1825 862 1891 inita
912 1833 1014 1893 est
1064 1825 1145 1892 ad
1191 1824 1372 1894 lucra
1419 1824 1571 1893 inde
1638 1823 2088 1911 provenientia
2161 1823 2531 1894 dividenda.
2604 1827 2737 1891 Hac
2788 1823 2871 1890 de
2925 1840 2997 1890 re
3043 1821 3100 1890 si

506 1931 810 2000 deficiant
858 1933 1176 2019 speciales
1216 1951 1250 2000 a
1288 1934 1581 2019 partibus
1617 1934 2001 2001 constitutae
2038 1935 2242 2018 legeS,
2277 1951 2358 2022 ep
2400 1932 2661 2001 Codicis
2703 1931 2913 1999 civilis
2951 1948 3097 1998 nor·

508 2056 667 2104 mae:
722 2040 784 2125 1)
821 2041 1371 2126 partecipantium
1405 2058 1774 2107 concursus
1825 2040 1888 2107 in
1930 2039 2193 2126 Juribus
2242 2048 2306 2108 et
2357 2040 2673 2109 oneribus
2709 2037 2914 2106 debet
2951 2055 3103 2123 pro-

506 2145 869 2231 portionari
920 2156 1142 2232 quotae
1192 2145 1657 2232 singulorum3
1728 2147 1796 2233 2)
1862 2146 2140 2232 quilibet
2189 2154 2411 2232 potest
2484 2164 2670 2214 suam
2719 2145 3103 2232 portionem

506 2253 809 2337 alienare,
859 2253 1113 2337 cedere,
1169 2255 1558 2342 hypothecae
1609 2254 1957 2340 subjicere,
2028 2253 2130 2322 vel
2165 2255 2365 2335 etiam
2403 2254 2470 2321 in
2505 2272 2626 2322 suo
2654 2253 2803 2339 jure
2835 2250 3101 2320 fruendi

503 2361 702 2428 alium
751 2363 1181 2446 substituere,
1234 2362 1359 2430 nisi
1410 2370 1640 2447 agatur
1687 2359 1768 2428 de
1807 2361 1958 2446 Jure
2007 2362 2373 2447 personali3
2447 2365 2516 2450 3)
2581 2363 2635 2431 si
2686 2362 2891 2447 major
2939 2379 3098 2447 pars

502 2487 636 2536 non
686 2471 1089 2552 consentiat,
1141 2471 1206 2537 in
1255 2488 1324 2536 re
1374 2469 1707 2536 communi
1759 2467 1902 2535 fieri
1943 2477 2279 2554 nequeunt
2312 2470 2770 2538 innovationes
2804 2469 2927 2536 etsi
2961 2467 3096 2534 uti-

502 2576 631 2645 les:
667 2578 904 2662 'potior
953 2584 1177 2644 autem
1225 2594 1375 2663 pars
1417 2584 1516 2643 est
1566 2593 1798 2644 eorum
1848 2576 1961 2661 qui
2012 2577 2373 2663 majoribus
2439 2578 2751 2645 fruuntur
2807 2576 3098 2663 juribus,

503 2685 572 2753 Si
620 2704 753 2753 non
803 2691 1231 2767 concordant,
1275 2685 1379 2753 vel
1427 2684 1482 2752 si
1531 2684 1686 2752 inde
1720 2703 1910 2770 grave
1949 2684 2422 2754 detrimentum
2457 2704 2563 2755 res
2597 2685 2904 2771 patiatur,
2942 2702 3102 2751 con-

502 2790 819 2861 troversia
868 2784 997 2862 eri't
1046 2812 1080 2861 a
1120 2791 1345 2880 judice
1392 2791 1764 2860 definienda
1789 2818 1809 2874 3
1855 2793 1923 2879 4)
1975 2793 2254 2880 quilibet
2303 2800 2593 2879 potesta
2628 2792 3100 2863 communione

502 2901 830 2984 recedere,
880 2902 1001 2969 nisi
1052 2910 1323 2986 tempus
1373 2898 1883 2969 determinatum
1931 2900 2038 2981 sit,
2091 2900 2271 2986 quod
2320 2921 2451 2969 non
2488 2902 2612 2970 erit
2652 2901 2823 2968 ultra
2859 2900 3099 2968 decen-

504 3009 704 3077 nium.
767 3012 906 3077 Imo
948 3008 1174 3094 judex,
1223 3008 1285 3075 si
1352 3015 1628 3092 urgeant
1699 3008 2237 3092 circumstantiae,
2286 3016 2509 3095 potest
2558 3008 3101 3077 communionem

503 3116 861 3185 dissolvere
898 3123 1049 3185 ante
1084 3115 1436 3184 terminum
1470 3115 2019 3201 praestabilitum3
2070 3115 2138 3201 5)
2181 3114 2398 3201 quoad
2434 3134 2680 3202 pascua
2723 3116 2920 3184 babet
2955 3115 3097 3182 lex:

499 3224 619 3290 Nei
662 3224 940 3291 territori
966 3243 1091 3290 ,ουρ
1136 3223 1168 3289 ὁ
1222 3222 1498 3289 stabilita
1537 3223 1600 3289 la
1646 3221 2015 3309 reciprocitc'i
2046 3222 2144 3288 clei
2168 3224 2429 3310 pascoli,
2466 3223 2513 3289 il
2537 3223 2959 3309 proprietario
2991 3222 3101 3288 che

501 3331 675 3396 vuole
719 3330 993 3398 recedere
1037 3331 1105 3396 in
1155 3341 1309 3397 tutto
1355 3329 1434 3409 od
1478 3330 1546 3395 in
1585 3342 1768 3416 parte
1816 3329 1989 3396 dalla
2047 3331 2410 3398 comunione
2470 3331 2567 3397 del
2627 3330 2905 3416 pas-colo,
2953 3328 3101 3395 deve

498 3436 683 3521 farne
729 3437 790 3502 la
835 3436 1146 3504 dennunzia
1194 3458 1280 3503 un
1328 3454 1495 3505 anno
1533 3435 1769 3522 prima,
1817 3456 1848 3502 e
1892 3437 1965 3502 al
2007 3438 2267 3504 termine
2335 3437 2645 3504 dell'anno
2706 3435 2980 3523 perderet
3047 3435 3097 3503 il

504 3543 711 3611 diricto
757 3543 821 3609 di
858 3544 1110 3631 pas-colo
1185 3542 1532 3611 nell'altrui
1597 3542 1787 3628 fondo
1833 3541 1901 3608 in
1941 3546 2359 3631 proporzione
2405 3543 2505 3611 del
2550 3556 2812 3625 terrene,
2860 3544 2968 3610 che
3014 3543 3102 3609 ha

501 3659 782 3716 sottratto
849 3649 1071 3715 all'uso
1144 3668 1417 3716 comune.
1463 3649 1560 3713 La
1622 3647 1936 3715 denunzia
1989 3650 2140 3716 sard
2186 3651 2499 3737 notificata
2552 3649 3100 3716 all'amministra-

500 3758 681 3824 zione
724 3756 1046 3822 comunale
1092 3776 1123 3822 e
1158 3754 1517 3842 pubblicum
1564 3754 1665 3820 nel
1737 3754 1916 3840 lnoyo
1988 3753 2150 3841 deqli
2216 3757 2406 3844 affissi
2458 3756 2556 3823 del
2626 3758 2920 3838 Commio,
2972 3774 3096 3822 ecc.

506 3862 652 3950 (art.
696 3861 877 3946 682).

565 4090 586 4129 1
630 4112 648 4133 .
684 4090 782 4141 Per
810 4090 1061 4153 esempio:
1096 4089 1307 4141 L‘erede
1340 4089 1735 4141 testamentario
1771 4090 2004 4151 transige
2038 4092 2121 4142 eol
2155 4090 2409 4153 legatario
2443 4089 2779 4203 sull'ogqetto
2814 4088 2899 4140 del
2922 4089 3095 4161 legato

501 4150 616 4216 (per
648 4152 833 4213 ipotesi
854 4153 992 4203 sulla
1023 4152 1244 4214 valuta),
1279 4151 1343 4202 ed
1376 4151 1484 4203 indi
1519 4154 1673 4203 viene
1705 4150 1973 4216 uindicato
2009 4153 2157 4203 nullo
2189 4153 2224 4203 il
2258 4153 2602 4215 testamento;
2674 4164 2705 4203 a
2753 4153 3093 4204 transazione

501 4213 723 4265 sarehbe
754 4215 917 4266 nulla.
954 4216 1018 4266 Se
1052 4216 1233 4266 iuvece
1264 4214 1344 4265 tra
1373 4214 1568 4265 l'erede
1603 4214 2004 4267 testamentario
2038 4228 2065 4265 e
2100 4216 2133 4266 il
2169 4216 2421 4276 legatario
2453 4215 2499 4265 si
2532 4213 2671 4265 fosse
2705 4216 2969 4265 transatio
3005 4214 3091 4265 sul

499 4277 670 4338 legato
702 4276 758 4327 in
790 4278 932 4328 virtu
963 4276 1100 4328 della
1133 4277 1429 4341 possibilita
1459 4278 1555 4327 cbe
1588 4277 1620 4327 il
1659 4279 1978 4328 testamento
2014 4278 2228 4327 venisse
2261 4276 2555 4327 dichiarato
2591 4275 2756 4335 nullo,
2793 4276 2846 4326 la
2878 4277 3088 4327 transa-

502 4339 651 4389 zione
684 4350 791 4388 non
861 4340 1076 4391 otrebbe
1108 4340 1452 4402 impugnarsi,
1476 4339 1855 4404 ‘qnand’ancbe
1888 4339 1922 4388 il
1960 4340 2273 4411 testamento
2309 4338 2520 4389 venisse
2554 4337 2847 4389 dichiarato
2871 4338 3037 4390 nullo.
3064 4357 3085 4383 ι

565 4398 591 4439 ²
631 4422 648 4443 ·
686 4401 775 4450 Nel
848 4401 999 4453 odice
1030 4402 1075 4453 si
1108 4404 1441 4453 riscontrono
1474 4404 1587 4453 vari
1622 4402 1729 4453 casi
1765 4400 1816 4451 di
1845 4411 2182 4460 comunione,
2228 4412 2378 4451 come
2401 4400 2484 4450 nel
2514 4411 2637 4451 caso
2672 4401 2721 4450 di
2750 4400 3086 4452 mescolanza

505 4461 558 4512 di
595 4463 811 4513 materie
843 4465 969 4521 (art.
1004 4466 1149 4525 471);
1184 4463 1236 4514 di
1268 4464 1589 4523 comunione
1638 4464 1690 4515 di
1744 4464 1879 4515 inuri
1930 4466 2058 4514 (art.
2092 4462 2237 4574 456¹);
2288 4460 2340 4513 di
2407 4463 2756 4526 partecipanti
2785 4462 2981 4513 all'uso
3032 4462 3087 4514 di

504 4522 768 4595 un'acqua
798 4526 929 4582 (art.
959 4529 1099 4588 657);
1137 4526 1216 4576 fra
1272 4527 1285 4576 i
1332 4527 1562 4585 coeredi,
1607 4526 1689 4576 rra
1721 4524 1746 4575 i.
1770 4524 2000 4587 coniugi,
2037 4525 2053 4574 i
2085 4536 2177 4574 soc
2246 4525 2375 4583 (art.
2425 4525 2561 4585 1433,
2616 4526 2776 4585 1701).
2812 4526 2852 4575 E
2888 4524 2976 4574 nei
3021 4526 3085 4577 ri—

505 4588 713 4650 spettivi
749 4586 879 4637 titoli
912 4600 1047 4639 sono
1066 4589 1186 4640 date
1212 4587 1259 4638 le
1287 4600 1473 4639 norme
1493 4588 1730 4649 speciali,
1754 4585 2088 4638 contenendo
2114 4586 2296 4638 invece
2325 4586 2359 4636 il
2418 4589 2622 4639 resente
2651 4586 2799 4639 titolo
2828 4587 2874 4637 le
2891 4597 3084 4640 norme

505 4647 733 4712 generali
768 4651 1012 4712 spectanti
1047 4662 1078 4700 a
1112 4652 1240 4701 tutte
1272 4663 1306 4701 o
1338 4650 1438 4700 alla
1474 4650 1711 4713 maggior
1743 4649 1891 4713 parte
1923 4647 1974 4698 di
2009 4658 2142 4700 esse.
2182 4670 2202 4693 ι
2238 4649 2371 4701 Cara
2403 4649 2508 4700 elli.
