<?xml version="1.0" encoding="UTF-8"?>
<!DOCTYPE html PUBLIC "-//W3C//DTD XHTML 1.0 Transitional//EN"
    "http://www.w3.org/TR/xhtml1/DTD/xhtml1-transitional.dtd">
<html xmlns="http://www.w3.org/1999/xhtml" xml:lang="en" lang="en">
 <head>
  <title>
</title>
<meta http-equiv="Content-Type" content="text/html;charset=utf-8" />
  <meta name='ocr-system' content='tesseract 3.04.00' />
  <meta name='ocr-capabilities' content='ocr_page ocr_carea ocr_par ocr_line ocrx_word'/>
</head>
<body>
  <div class='ocr_page' id='page_1' title='image "./theologiamorali04scavgoog_0041.png"; bbox 0 0 3292 5167; ppageno 0'>
   <div class='ocr_carea' id='block_1_1' title="bbox 1053 261 2722 328">
    <p class='ocr_par' dir='ltr' id='par_1_1' title="bbox 1053 261 2722 328">
     <span class='ocr_line' id='line_1_1' title="bbox 1053 261 2722 328; baseline 0.004 -6"><span class='ocrx_word' id='word_1_1' title='bbox 1053 279 1127 323; x_wconf 72' lang='lat' dir='ltr'><strong>nii:</strong></span> <span class='ocrx_word' id='word_1_2' title='bbox 1175 277 1420 323; x_wconf 62' lang='lat' dir='ltr'><strong>acrinus</strong></span> <span class='ocrx_word' id='word_1_3' title='bbox 1470 274 1809 324; x_wconf 62' lang='lat' dir='ltr'><strong>natisionis</strong></span> <span class='ocrx_word' id='word_1_4' title='bbox 2636 261 2722 328; x_wconf 79' lang='lat'><strong>37</strong></span> 
     </span>
    </p>
   </div>
   <div class='ocr_carea' id='block_1_2' title="bbox 186 379 2734 1266">
    <p class='ocr_par' dir='ltr' id='par_1_2' title="bbox 192 379 2726 945">
     <span class='ocr_line' id='line_1_2' title="bbox 311 379 2724 460; baseline 0.001 -15"><span class='ocrx_word' id='word_1_5' title='bbox 311 383 360 446; x_wconf 72' lang='lat'><strong>2.</strong></span> <span class='ocrx_word' id='word_1_6' title='bbox 398 379 649 444; x_wconf 88' lang='lat' dir='ltr'><strong>Nullum</strong></span> <span class='ocrx_word' id='word_1_7' title='bbox 694 396 838 443; x_wconf 89' lang='lat' dir='ltr'><strong>esse</strong></span> <span class='ocrx_word' id='word_1_8' title='bbox 881 389 1099 443; x_wconf 90' lang='lat' dir='ltr'><strong>votum</strong></span> <span class='ocrx_word' id='word_1_9' title='bbox 1143 380 1221 442; x_wconf 91' lang='lat' dir='ltr'><strong>de</strong></span> <span class='ocrx_word' id='word_1_10' title='bbox 1262 398 1385 444; x_wconf 78' lang='lat' dir='ltr'><strong>uon</strong></span> <span class='ocrx_word' id='word_1_11' title='bbox 1428 381 1691 443; x_wconf 78' lang='lat' dir='ltr'><strong>vovendo</strong></span> <span class='ocrx_word' id='word_1_12' title='bbox 1715 402 1740 453; x_wconf 89' lang='lat'><em>;</em></span> <span class='ocrx_word' id='word_1_13' title='bbox 1779 380 1925 460; x_wconf 87' lang='lat' dir='ltr'><strong>quia</strong></span> <span class='ocrx_word' id='word_1_14' title='bbox 1973 397 2101 444; x_wconf 91' lang='lat' dir='ltr'><strong>non</strong></span> <span class='ocrx_word' id='word_1_15' title='bbox 2147 389 2245 445; x_wconf 88' lang='lat' dir='ltr'><strong>est</strong></span> <span class='ocrx_word' id='word_1_16' title='bbox 2274 382 2352 445; x_wconf 91' lang='lat' dir='ltr'><strong>de</strong></span> <span class='ocrx_word' id='word_1_17' title='bbox 2380 381 2550 445; x_wconf 90' lang='lat' dir='ltr'><strong>bono</strong></span> <span class='ocrx_word' id='word_1_18' title='bbox 2584 400 2724 448; x_wconf 90' lang='lat' dir='ltr'><strong>me·</strong></span> 
     </span>
     <span class='ocr_line' id='line_1_3' title="bbox 194 461 2726 545; baseline -0.001 -16"><span class='ocrx_word' id='word_1_19' title='bbox 194 466 320 540; x_wconf 90' lang='lat' dir='ltr'><strong>liori,</strong></span> <span class='ocrx_word' id='word_1_20' title='bbox 350 467 463 524; x_wconf 85' lang='lat' dir='ltr'><strong>nisi</strong></span> <span class='ocrx_word' id='word_1_21' title='bbox 509 461 673 524; x_wconf 84' lang='lat' dir='ltr'><strong>forte</strong></span> <span class='ocrx_word' id='word_1_22' title='bbox 716 471 1135 540; x_wconf 70' lang='lat' dir='ltr'><strong>conjunctum</strong></span> <span class='ocrx_word' id='word_1_23' title='bbox 1178 465 1260 523; x_wconf 90' lang='lat' dir='ltr'><strong>sit</strong></span> <span class='ocrx_word' id='word_1_24' title='bbox 1302 477 1448 524; x_wconf 89' lang='lat' dir='ltr'><strong>cum</strong></span> <span class='ocrx_word' id='word_1_25' title='bbox 1487 461 1593 524; x_wconf 88' lang='lat' dir='ltr'><strong>illa</strong></span> <span class='ocrx_word' id='word_1_26' title='bbox 1640 463 2047 524; x_wconf 90' lang='lat' dir='ltr'><strong>conditione:</strong></span> <span class='ocrx_word' id='word_1_27' title='bbox 2090 463 2162 524; x_wconf 78' lang='lat' dir='ltr'><strong>de</strong></span> <span class='ocrx_word' id='word_1_28' title='bbox 2204 464 2464 528; x_wconf 74' lang='lat' dir='ltr'><strong>oonsilio</strong></span> <span class='ocrx_word' id='word_1_29' title='bbox 2493 463 2726 545; x_wconf 72' lang='lat' dir='ltr'><strong>confes·</strong></span> 
     </span>
     <span class='ocr_line' id='line_1_4' title="bbox 192 541 2721 623; baseline -0.001 -12"><span class='ocrx_word' id='word_1_30' title='bbox 192 545 317 610; x_wconf 75' lang='lat' dir='ltr'><strong>iiii-ii·</strong></span> <span class='ocrx_word' id='word_1_31' title='bbox 349 542 821 623; x_wconf 72' lang='lat' dir='ltr'><strong>expostulando,</strong></span> <span class='ocrx_word' id='word_1_32' title='bbox 862 544 939 605; x_wconf 87' lang='lat' dir='ltr'><strong>ad</strong></span> <span class='ocrx_word' id='word_1_33' title='bbox 985 542 1317 605; x_wconf 85' lang='lat' dir='ltr'><strong>vitandum</strong></span> <span class='ocrx_word' id='word_1_34' title='bbox 1361 554 1577 607; x_wconf 89' lang='lat' dir='ltr'><strong>votum</strong></span> <span class='ocrx_word' id='word_1_35' title='bbox 1625 559 1925 621; x_wconf 66' lang='lat' dir='ltr'><strong>praeceps.</strong></span> <span class='ocrx_word' id='word_1_36' title='bbox 1969 541 2034 605; x_wconf 90' lang='lat' dir='ltr'><strong>Si</strong></span> <span class='ocrx_word' id='word_1_37' title='bbox 2085 554 2292 606; x_wconf 92' lang='lat' dir='ltr'><strong>tamen</strong></span> <span class='ocrx_word' id='word_1_38' title='bbox 2343 547 2460 607; x_wconf 88' lang='lat' dir='ltr'><strong>bac</strong></span> <span class='ocrx_word' id='word_1_39' title='bbox 2505 545 2721 608; x_wconf 88' lang='lat' dir='ltr'><strong>condi·</strong></span> 
     </span>
     <span class='ocr_line' id='line_1_5' title="bbox 195 622 2720 702; baseline 0 -13"><span class='ocrx_word' id='word_1_40' title='bbox 195 630 328 689; x_wconf 88' lang='lat' dir='ltr'><strong>tione</strong></span> <span class='ocrx_word' id='word_1_41' title='bbox 366 640 484 685; x_wconf 92' lang='lat' dir='ltr'><strong>non</strong></span> <span class='ocrx_word' id='word_1_42' title='bbox 535 623 872 698; x_wconf 86' lang='lat' dir='ltr'><strong>obstante,</strong></span> <span class='ocrx_word' id='word_1_43' title='bbox 913 622 1123 686; x_wconf 89' lang='lat' dir='ltr'><strong>adbuc</strong></span> <span class='ocrx_word' id='word_1_44' title='bbox 1165 623 1518 686; x_wconf 87' lang='lat' dir='ltr'><strong>deliberate</strong></span> <span class='ocrx_word' id='word_1_45' title='bbox 1561 625 1703 702; x_wconf 83' lang='lat' dir='ltr'><strong>quis</strong></span> <span class='ocrx_word' id='word_1_46' title='bbox 1749 632 1999 698; x_wconf 79' lang='lat' dir='ltr'><strong>voveat,</strong></span> <span class='ocrx_word' id='word_1_47' title='bbox 2055 624 2229 687; x_wconf 88' lang='lat' dir='ltr'><strong>valet</strong></span> <span class='ocrx_word' id='word_1_48' title='bbox 2292 634 2532 700; x_wconf 89' lang='lat' dir='ltr'><strong>votum,</strong></span> <span class='ocrx_word' id='word_1_49' title='bbox 2574 641 2720 689; x_wconf 90' lang='lat' dir='ltr'><strong>cum</strong></span> 
     </span>
     <span class='ocr_line' id='line_1_6' title="bbox 192 702 2724 782; baseline -0 -13"><span class='ocrx_word' id='word_1_50' title='bbox 192 705 373 770; x_wconf 87' lang='lat' dir='ltr'><strong>habeat</strong></span> <span class='ocrx_word' id='word_1_51' title='bbox 412 704 740 782; x_wconf 86' lang='lat' dir='ltr'><strong>objectum</strong></span> <span class='ocrx_word' id='word_1_52' title='bbox 808 707 961 765; x_wconf 85' lang='lat' dir='ltr'><strong>satis</strong></span> <span class='ocrx_word' id='word_1_53' title='bbox 1006 704 1309 766; x_wconf 88' lang='lat' dir='ltr'><strong>validum.</strong></span> <span class='ocrx_word' id='word_1_54' title='bbox 1364 702 1521 767; x_wconf 85' lang='lat' dir='ltr'><strong>Item</strong></span> <span class='ocrx_word' id='word_1_55' title='bbox 1577 702 1749 766; x_wconf 91' lang='lat' dir='ltr'><strong>valet</strong></span> <span class='ocrx_word' id='word_1_56' title='bbox 1811 713 2028 766; x_wconf 89' lang='lat' dir='ltr'><strong>votum</strong></span> <span class='ocrx_word' id='word_1_57' title='bbox 2093 703 2173 766; x_wconf 92' lang='lat' dir='ltr'><strong>de</strong></span> <span class='ocrx_word' id='word_1_58' title='bbox 2239 720 2367 766; x_wconf 92' lang='lat' dir='ltr'><strong>non</strong></span> <span class='ocrx_word' id='word_1_59' title='bbox 2443 705 2724 768; x_wconf 89' lang='lat' dir='ltr'><strong>ludendo</strong></span> 
     </span>
     <span class='ocr_line' id='line_1_7' title="bbox 192 784 2722 863; baseline 0 -15"><span class='ocrx_word' id='word_1_60' title='bbox 192 789 341 849; x_wconf 84' lang='lat' dir='ltr'><strong>etiam</strong></span> <span class='ocrx_word' id='word_1_61' title='bbox 382 785 530 847; x_wconf 88' lang='lat' dir='ltr'><strong>ludo</strong></span> <span class='ocrx_word' id='word_1_62' title='bbox 575 785 880 856; x_wconf 81' lang='lat' dir='ltr'><strong>bonest03</strong></span> <span class='ocrx_word' id='word_1_63' title='bbox 924 788 1069 862; x_wconf 82' lang='lat' dir='ltr'><strong>quia</strong></span> <span class='ocrx_word' id='word_1_64' title='bbox 1112 794 1290 847; x_wconf 85' lang='lat' dir='ltr'><strong>actus</strong></span> <span class='ocrx_word' id='word_1_65' title='bbox 1334 786 1597 863; x_wconf 86' lang='lat' dir='ltr'><strong>majoris</strong></span> <span class='ocrx_word' id='word_1_66' title='bbox 1640 785 1900 847; x_wconf 89' lang='lat' dir='ltr'><strong>virtutis</strong></span> <span class='ocrx_word' id='word_1_67' title='bbox 1931 793 2029 846; x_wconf 90' lang='lat' dir='ltr'><strong>est</strong></span> <span class='ocrx_word' id='word_1_68' title='bbox 2071 801 2138 848; x_wconf 88' lang='lat' dir='ltr'><strong>se</strong></span> <span class='ocrx_word' id='word_1_69' title='bbox 2168 784 2494 848; x_wconf 88' lang='lat' dir='ltr'><strong>abstinere</strong></span> <span class='ocrx_word' id='word_1_70' title='bbox 2526 788 2722 849; x_wconf 90' lang='lat' dir='ltr'><strong>etiam</strong></span> 
     </span>
     <span class='ocr_line' id='line_1_8' title="bbox 192 864 2010 945; baseline -0.002 -15"><span class='ocrx_word' id='word_1_71' title='bbox 192 865 475 945; x_wconf 83' lang='lat' dir='ltr'><strong>abaliquo</strong></span> <span class='ocrx_word' id='word_1_72' title='bbox 525 876 673 928; x_wconf 87' lang='lat' dir='ltr'><strong>actu</strong></span> <span class='ocrx_word' id='word_1_73' title='bbox 715 870 1003 928; x_wconf 86' lang='lat' dir='ltr'><strong>virtuoso</strong></span> <span class='ocrx_word' id='word_1_74' title='bbox 1047 866 1123 928; x_wconf 91' lang='lat' dir='ltr'><strong>ad</strong></span> <span class='ocrx_word' id='word_1_75' title='bbox 1172 866 1479 944; x_wconf 86' lang='lat' dir='ltr'><strong>maj0rem</strong></span> <span class='ocrx_word' id='word_1_76' title='bbox 1527 864 2010 943; x_wconf 80' lang='lat' dir='ltr'><strong>perfectionem.</strong></span> 
     </span>
    </p>

    <p class='ocr_par' dir='ltr' id='par_1_3' title="bbox 186 944 2734 1266">
     <span class='ocr_line' id='line_1_9' title="bbox 310 944 2734 1025; baseline -0.001 -17"><span class='ocrx_word' id='word_1_77' title='bbox 310 946 356 1008; x_wconf 89' lang='lat'><strong>3.</strong></span> <span class='ocrx_word' id='word_1_78' title='bbox 398 945 657 1008; x_wconf 77' lang='lat' dir='ltr'>Fideles</span> <span class='ocrx_word' id='word_1_79' title='bbox 702 962 828 1006; x_wconf 92' lang='lat' dir='ltr'><strong>non</strong></span> <span class='ocrx_word' id='word_1_80' title='bbox 876 961 1013 1008; x_wconf 91' lang='lat' dir='ltr'><strong>esse</strong></span> <span class='ocrx_word' id='word_1_81' title='bbox 1062 947 1417 1025; x_wconf 90' lang='lat' dir='ltr'><strong>promiscue</strong></span> <span class='ocrx_word' id='word_1_82' title='bbox 1465 945 1853 1010; x_wconf 87' lang='lat' dir='ltr'><strong>avertendos</strong></span> <span class='ocrx_word' id='word_1_83' title='bbox 1915 962 1950 1008; x_wconf 92' lang='lat' dir='ltr'><strong>a</strong></span> <span class='ocrx_word' id='word_1_84' title='bbox 2009 945 2173 1006; x_wconf 86' lang='lat' dir='ltr'><strong>votis</strong></span> <span class='ocrx_word' id='word_1_85' title='bbox 2239 944 2734 1024; x_wconf 75' lang='lat' dir='ltr'><strong>nuncupandis:</strong></span> 
     </span>
     <span class='ocr_line' id='line_1_10' title="bbox 191 1025 2725 1104; baseline -0 -16"><span class='ocrx_word' id='word_1_86' title='bbox 191 1025 273 1088; x_wconf 83' lang='lat' dir='ltr'><strong>sed</strong></span> <span class='ocrx_word' id='word_1_87' title='bbox 313 1030 511 1104; x_wconf 88' lang='lat' dir='ltr'><strong>potius</strong></span> <span class='ocrx_word' id='word_1_88' title='bbox 549 1027 616 1087; x_wconf 89' lang='lat' dir='ltr'><strong>in</strong></span> <span class='ocrx_word' id='word_1_89' title='bbox 657 1028 736 1088; x_wconf 90' lang='lat' dir='ltr'><strong>iis</strong></span> <span class='ocrx_word' id='word_1_90' title='bbox 782 1035 952 1088; x_wconf 91' lang='lat' dir='ltr'><strong>recte</strong></span> <span class='ocrx_word' id='word_1_91' title='bbox 997 1025 1392 1102; x_wconf 69' lang='lat' dir='ltr'><strong>dirigendos,</strong></span> <span class='ocrx_word' id='word_1_92' title='bbox 1438 1042 1519 1088; x_wconf 92' lang='lat' dir='ltr'><strong>ne</strong></span> <span class='ocrx_word' id='word_1_93' title='bbox 1567 1027 2014 1104; x_wconf 78' lang='lat' dir='ltr'><strong>imprudenter</strong></span> <span class='ocrx_word' id='word_1_94' title='bbox 2060 1034 2367 1102; x_wconf 80' lang='lat' dir='ltr'><strong>voveant,</strong></span> <span class='ocrx_word' id='word_1_95' title='bbox 2407 1041 2466 1087; x_wconf 85' lang='lat' dir='ltr'><strong>v.</strong></span> <span class='ocrx_word' id='word_1_96' title='bbox 2511 1044 2591 1103; x_wconf 83' lang='grc'><strong>3.,</strong></span> <span class='ocrx_word' id='word_1_97' title='bbox 2632 1027 2725 1104; x_wconf 86' lang='lat' dir='ltr'><strong>je·</strong></span> 
     </span>
     <span class='ocr_line' id='line_1_11' title="bbox 186 1106 2728 1187; baseline 0 -18"><span class='ocrx_word' id='word_1_98' title='bbox 186 1108 328 1184; x_wconf 84' lang='lat' dir='ltr'><strong>Junia</strong></span> <span class='ocrx_word' id='word_1_99' title='bbox 366 1109 717 1169; x_wconf 82' lang='lat' dir='ltr'><strong>sanitatem</strong></span> <span class='ocrx_word' id='word_1_100' title='bbox 765 1106 1032 1176; x_wconf 85' lang='lat' dir='ltr'><strong>laesnra‚</strong></span> <span class='ocrx_word' id='word_1_101' title='bbox 1090 1108 1532 1187; x_wconf 79' lang='lat' dir='ltr'><strong>eleemosynas</strong></span> <span class='ocrx_word' id='word_1_102' title='bbox 1598 1106 2009 1169; x_wconf 88' lang='lat' dir='ltr'><strong>facultatibus</strong></span> <span class='ocrx_word' id='word_1_103' title='bbox 2068 1121 2194 1166; x_wconf 92' lang='lat' dir='ltr'><strong>non</strong></span> <span class='ocrx_word' id='word_1_104' title='bbox 2267 1108 2728 1169; x_wconf 79' lang='lat' dir='ltr'><strong>accomodatas.</strong></span> 
     </span>
     <span class='ocr_line' id='line_1_12' title="bbox 192 1186 2725 1266; baseline 0.001 -18"><span class='ocrx_word' id='word_1_105' title='bbox 192 1187 303 1250; x_wconf 83' lang='lat' dir='ltr'><strong>Haec</strong></span> <span class='ocrx_word' id='word_1_106' title='bbox 332 1190 690 1266; x_wconf 79' lang='lat' dir='ltr'><strong>generatim</strong></span> <span class='ocrx_word' id='word_1_107' title='bbox 741 1186 960 1265; x_wconf 65' lang='lat' dir='ltr'><strong>regula</strong></span> <span class='ocrx_word' id='word_1_108' title='bbox 1011 1188 1309 1262; x_wconf 86' lang='lat' dir='ltr'><strong>tenenda,</strong></span> <span class='ocrx_word' id='word_1_109' title='bbox 1342 1199 1409 1250; x_wconf 92' lang='lat' dir='ltr'><strong>ut</strong></span> <span class='ocrx_word' id='word_1_110' title='bbox 1457 1187 1708 1250; x_wconf 72' lang='lat' dir='ltr'><strong>facilius</strong></span> <span class='ocrx_word' id='word_1_111' title='bbox 1754 1189 2209 1265; x_wconf 81' lang='lat' dir='ltr'><strong>permittantur</strong></span> <span class='ocrx_word' id='word_1_112' title='bbox 2251 1196 2395 1249; x_wconf 86' lang='lat' dir='ltr'><strong>vota</strong></span> <span class='ocrx_word' id='word_1_113' title='bbox 2442 1187 2519 1250; x_wconf 87' lang='lat' dir='ltr'><strong>ad</strong></span> <span class='ocrx_word' id='word_1_114' title='bbox 2567 1197 2725 1250; x_wconf 91' lang='lat' dir='ltr'><strong>tem·</strong></span> 
     </span>
    </p>
   </div>
   <div class='ocr_carea' id='block_1_3' title="bbox 190 1265 2733 1411">
    <p class='ocr_par' dir='ltr' id='par_1_4' title="bbox 190 1265 2733 1411">
     <span class='ocr_line' id='line_1_13' title="bbox 193 1265 2733 1348; baseline 0 -19"><span class='ocrx_word' id='word_1_115' title='bbox 193 1284 294 1344; x_wconf 86' lang='lat' dir='ltr'><strong>pus,</strong></span> <span class='ocrx_word' id='word_1_116' title='bbox 332 1283 379 1326; x_wconf 90' lang='lat' dir='ltr'><strong>v.</strong></span> <span class='ocrx_word' id='word_1_117' title='bbox 425 1286 482 1346; x_wconf 82' lang='lat' dir='ltr'><strong>g.</strong></span> <span class='ocrx_word' id='word_1_118' title='bbox 513 1316 531 1342; x_wconf 92' lang='lat'><strong>,</strong></span> <span class='ocrx_word' id='word_1_119' title='bbox 573 1268 896 1347; x_wconf 69' lang='lat' dir='ltr'><strong>jejunium</strong></span> <span class='ocrx_word' id='word_1_120' title='bbox 941 1269 1018 1331; x_wconf 89' lang='lat' dir='ltr'><strong>ad</strong></span> <span class='ocrx_word' id='word_1_121' title='bbox 1064 1270 1255 1339; x_wconf 87' lang='lat' dir='ltr'><strong>diem,</strong></span> <span class='ocrx_word' id='word_1_122' title='bbox 1302 1271 1367 1330; x_wconf 94' lang='lat' dir='ltr'><strong>in</strong></span> <span class='ocrx_word' id='word_1_123' title='bbox 1414 1285 1668 1343; x_wconf 81' lang='lat' dir='ltr'><strong>mense3</strong></span> <span class='ocrx_word' id='word_1_124' title='bbox 1711 1265 2023 1332; x_wconf 75' lang='lat' dir='ltr'><strong>castitatis</strong></span> <span class='ocrx_word' id='word_1_125' title='bbox 2065 1268 2144 1329; x_wconf 88' lang='lat' dir='ltr'><strong>ad</strong></span> <span class='ocrx_word' id='word_1_126' title='bbox 2189 1282 2455 1348; x_wconf 76' lang='lat' dir='ltr'><strong>⁸annum,</strong></span> <span class='ocrx_word' id='word_1_127' title='bbox 2506 1266 2608 1329; x_wconf 89' lang='lat' dir='ltr'><strong>vel</strong></span> <span class='ocrx_word' id='word_1_128' title='bbox 2653 1266 2733 1330; x_wconf 90' lang='lat' dir='ltr'><strong>de</strong></span> 
     </span>
     <span class='ocr_line' id='line_1_14' title="bbox 190 1347 939 1411; baseline 0.001 -2"><span class='ocrx_word' id='word_1_129' title='bbox 190 1364 288 1410; x_wconf 84' lang='lat' dir='ltr'><strong>uno</strong></span> <span class='ocrx_word' id='word_1_130' title='bbox 324 1347 390 1411; x_wconf 86' lang='lat' dir='ltr'><strong>ad</strong></span> <span class='ocrx_word' id='word_1_131' title='bbox 437 1347 619 1410; x_wconf 90' lang='lat' dir='ltr'><strong>aliud</strong></span> <span class='ocrx_word' id='word_1_132' title='bbox 664 1348 939 1411; x_wconf 86' lang='lat' dir='ltr'><strong>Festum.</strong></span> 
     </span>
    </p>
   </div>
   <div class='ocr_carea' id='block_1_4' title="bbox 669 1609 2198 1696">
    <p class='ocr_par' dir='ltr' id='par_1_5' title="bbox 669 1609 2198 1696">
     <span class='ocr_line' id='line_1_15' title="bbox 669 1609 2198 1696; baseline -0.001 -19"><span class='ocrx_word' id='word_1_133' title='bbox 669 1610 820 1677; x_wconf 79' lang='lat' dir='ltr'><strong>ART.</strong></span> <span class='ocrx_word' id='word_1_134' title='bbox 874 1613 930 1676; x_wconf 73' lang='lat' dir='ltr'><strong>i.</strong></span> <span class='ocrx_word' id='word_1_135' title='bbox 967 1648 1055 1660; x_wconf 91' lang='lat'><strong>--</strong></span> <span class='ocrx_word' id='word_1_136' title='bbox 1091 1613 1192 1678; x_wconf 48' lang='lat' dir='ltr'><strong>*De</strong></span> <span class='ocrx_word' id='word_1_137' title='bbox 1236 1611 1362 1676; x_wconf 80' lang='lat' dir='ltr'><strong>voti</strong></span> <span class='ocrx_word' id='word_1_138' title='bbox 1407 1610 1706 1677; x_wconf 76' lang='lat' dir='ltr'><strong>divisione</strong></span> <span class='ocrx_word' id='word_1_139' title='bbox 1750 1630 1826 1676; x_wconf 81' lang='lat' dir='ltr'><strong>ac</strong></span> <span class='ocrx_word' id='word_1_140' title='bbox 1865 1609 2198 1696; x_wconf 75' lang='lat' dir='ltr'><strong>requisitis,</strong></span> 
     </span>
    </p>
   </div>
   <div class='ocr_carea' id='block_1_5' title="bbox 193 1837 2834 4410">
    <p class='ocr_par' dir='ltr' id='par_1_6' title="bbox 246 1837 1704 2000">
     <span class='ocr_line' id='line_1_16' title="bbox 246 1837 1529 1912; baseline 0.002 -15"><span class='ocrx_word' id='word_1_141' title='bbox 246 1837 357 1898; x_wconf 72' lang='lat'><strong>5¹.</strong></span> <span class='ocrx_word' id='word_1_142' title='bbox 403 1838 471 1910; x_wconf 88' lang='lat' dir='ltr'><strong>Q.</strong></span> <span class='ocrx_word' id='word_1_143' title='bbox 518 1839 572 1900; x_wconf 77' lang='lat' dir='ltr'><strong>l.</strong></span> <span class='ocrx_word' id='word_1_144' title='bbox 620 1838 914 1912; x_wconf 82' lang='lat' dir='ltr'><strong>Quoenam</strong></span> <span class='ocrx_word' id='word_1_145' title='bbox 954 1845 1049 1902; x_wconf 78' lang='lat' dir='ltr'><strong>est</strong></span> <span class='ocrx_word' id='word_1_146' title='bbox 1086 1841 1217 1904; x_wconf 84' lang='lat' dir='ltr'><strong>voti</strong></span> <span class='ocrx_word' id='word_1_147' title='bbox 1257 1840 1529 1902; x_wconf 79' lang='lat' dir='ltr'><strong>divisio?</strong></span> 
     </span>
     <span class='ocr_line' id='line_1_17' title="bbox 253 1918 1704 2000; baseline 0 -19"><span class='ocrx_word' id='word_1_148' title='bbox 253 1918 306 1981; x_wconf 86' lang='lat' dir='ltr'><strong>R.</strong></span> <span class='ocrx_word' id='word_1_149' title='bbox 344 1919 609 1997; x_wconf 80' lang='lat' dir='ltr'><strong>Triplici</strong></span> <span class='ocrx_word' id='word_1_150' title='bbox 658 1922 848 1981; x_wconf 87' lang='lat' dir='ltr'><strong>modo</strong></span> <span class='ocrx_word' id='word_1_151' title='bbox 888 1932 1104 1982; x_wconf 89' lang='lat' dir='ltr'><strong>votum</strong></span> <span class='ocrx_word' id='word_1_152' title='bbox 1150 1926 1423 2000; x_wconf 87' lang='lat' dir='ltr'><strong>spectari</strong></span> <span class='ocrx_word' id='word_1_153' title='bbox 1468 1928 1704 1999; x_wconf 89' lang='lat' dir='ltr'><strong>potest:</strong></span> 
     </span>
    </p>

    <p class='ocr_par' dir='ltr' id='par_1_7' title="bbox 193 1996 2800 2962">
     <span class='ocr_line' id='line_1_18' title="bbox 316 1996 2732 2080; baseline -0 -20"><span class='ocrx_word' id='word_1_154' title='bbox 316 2000 364 2060; x_wconf 80' lang='lat' dir='ltr'><strong>l.</strong></span> <span class='ocrx_word' id='word_1_155' title='bbox 413 1999 687 2063; x_wconf 83' lang='lat' dir='ltr'><strong>Ratione</strong></span> <span class='ocrx_word' id='word_1_156' title='bbox 732 2003 863 2074; x_wconf 82' lang='lat' dir='ltr'><strong>rei,</strong></span> <span class='ocrx_word' id='word_1_157' title='bbox 924 2016 1064 2078; x_wconf 71' lang='lat' dir='ltr'><strong>quie</strong></span> <span class='ocrx_word' id='word_1_158' title='bbox 1131 2003 1552 2080; x_wconf 88' lang='lat' dir='ltr'><strong>promittitur:</strong></span> <span class='ocrx_word' id='word_1_159' title='bbox 1597 2011 1662 2061; x_wconf 91' lang='lat' dir='ltr'><strong>et</strong></span> <span class='ocrx_word' id='word_1_160' title='bbox 1708 2008 1928 2061; x_wconf 88' lang='lat' dir='ltr'><strong>votum</strong></span> <span class='ocrx_word' id='word_1_161' title='bbox 1993 1997 2166 2060; x_wconf 91' lang='lat' dir='ltr'><strong>aliud</strong></span> <span class='ocrx_word' id='word_1_162' title='bbox 2212 2006 2311 2061; x_wconf 87' lang='lat' dir='ltr'><strong>est</strong></span> <span class='ocrx_word' id='word_1_163' title='bbox 2350 1996 2732 2077; x_wconf 65' lang='lat' dir='ltr'><strong>positivum,</strong></span> 
     </span>
     <span class='ocr_line' id='line_1_19' title="bbox 193 2076 2731 2161; baseline -0 -22"><span class='ocrx_word' id='word_1_164' title='bbox 193 2078 329 2141; x_wconf 76' lang='lat' dir='ltr'><strong>aliud</strong></span> <span class='ocrx_word' id='word_1_165' title='bbox 373 2081 784 2161; x_wconf 70' lang='lat' dir='ltr'><strong>neyativum,·</strong></span> <span class='ocrx_word' id='word_1_166' title='bbox 826 2080 997 2143; x_wconf 79' lang='lat' dir='ltr'><strong>alind</strong></span> <span class='ocrx_word' id='word_1_167' title='bbox 1043 2082 1250 2157; x_wconf 76' lang='lat' dir='ltr'><strong>reale,</strong></span> <span class='ocrx_word' id='word_1_168' title='bbox 1294 2083 1466 2143; x_wconf 88' lang='lat' dir='ltr'><strong>aliud</strong></span> <span class='ocrx_word' id='word_1_169' title='bbox 1527 2082 1853 2158; x_wconf 80' lang='lat' dir='ltr'><strong>personale</strong></span> <span class='ocrx_word' id='word_1_170' title='bbox 1886 2129 1902 2154; x_wconf 93' lang='lat'><strong>,</strong></span> <span class='ocrx_word' id='word_1_171' title='bbox 1962 2079 2133 2141; x_wconf 91' lang='lat' dir='ltr'><strong>aliud</strong></span> <span class='ocrx_word' id='word_1_172' title='bbox 2200 2080 2513 2149; x_wconf 72' lang='lat' dir='ltr'><strong>mixtum;</strong></span> <span class='ocrx_word' id='word_1_173' title='bbox 2559 2076 2731 2141; x_wconf 87' lang='lat' dir='ltr'><strong>aliud</strong></span> 
     </span>
     <span class='ocr_line' id='line_1_20' title="bbox 196 2158 2734 2240; baseline 0 -21"><span class='ocrx_word' id='word_1_174' title='bbox 196 2158 444 2232; x_wconf 78' lang='lat' dir='ltr'><strong>liberum,</strong></span> <span class='ocrx_word' id='word_1_175' title='bbox 495 2161 671 2223; x_wconf 87' lang='lat' dir='ltr'><strong>aliud</strong></span> <span class='ocrx_word' id='word_1_176' title='bbox 718 2163 1165 2223; x_wconf 71' lang='lat' dir='ltr'><strong>necessarium.</strong></span> <span class='ocrx_word' id='word_1_177' title='bbox 1200 2195 1280 2208; x_wconf 91' lang='lat'><strong>—-</strong></span> <span class='ocrx_word' id='word_1_178' title='bbox 1321 2162 1479 2224; x_wconf 79' lang='lat' dir='ltr'><strong>Voto</strong></span> <span class='ocrx_word' id='word_1_179' title='bbox 1522 2162 1787 2240; x_wconf 72' lang='lat' dir='ltr'><strong>positivo</strong></span> <span class='ocrx_word' id='word_1_180' title='bbox 1831 2163 2226 2239; x_wconf 82' lang='lat' dir='ltr'><strong>promittitur</strong></span> <span class='ocrx_word' id='word_1_181' title='bbox 2271 2176 2373 2220; x_wconf 85' lang='lat' dir='ltr'><strong>res</strong></span> <span class='ocrx_word' id='word_1_182' title='bbox 2415 2158 2734 2237; x_wconf 81' lang='lat' dir='ltr'><strong>facienda,</strong></span> 
     </span>
     <span class='ocr_line' id='line_1_21' title="bbox 194 2238 2743 2322; baseline -0.001 -21"><span class='ocrx_word' id='word_1_183' title='bbox 194 2255 237 2301; x_wconf 86' lang='lat' dir='ltr'><strong>v.</strong></span> <span class='ocrx_word' id='word_1_184' title='bbox 269 2258 318 2319; x_wconf 84' lang='lat' dir='ltr'><strong>g.</strong></span> <span class='ocrx_word' id='word_1_185' title='bbox 360 2248 608 2315; x_wconf 85' lang='lat' dir='ltr'><strong>orati03</strong></span> <span class='ocrx_word' id='word_1_186' title='bbox 643 2244 931 2322; x_wconf 75' lang='lat' dir='ltr'><strong>neqativo</strong></span> <span class='ocrx_word' id='word_1_187' title='bbox 962 2245 1357 2320; x_wconf 88' lang='lat' dir='ltr'><strong>promittitur</strong></span> <span class='ocrx_word' id='word_1_188' title='bbox 1388 2241 1629 2321; x_wconf 87' lang='lat' dir='ltr'><strong>aliquid</strong></span> <span class='ocrx_word' id='word_1_189' title='bbox 1677 2241 2121 2315; x_wconf 88' lang='lat' dir='ltr'><strong>omittendum,</strong></span> <span class='ocrx_word' id='word_1_190' title='bbox 2158 2258 2213 2302; x_wconf 88' lang='lat' dir='ltr'><strong>v.</strong></span> <span class='ocrx_word' id='word_1_191' title='bbox 2250 2259 2305 2319; x_wconf 89' lang='grc'><strong>3.</strong></span> <span class='ocrx_word' id='word_1_192' title='bbox 2333 2239 2533 2318; x_wconf 81' lang='lat' dir='ltr'><strong>jocus,</strong></span> <span class='ocrx_word' id='word_1_193' title='bbox 2563 2238 2743 2301; x_wconf 79' lang='lat' dir='ltr'><strong>Reali</strong></span> 
     </span>
     <span class='ocr_line' id='line_1_22' title="bbox 197 2320 2743 2402; baseline -0.001 -20"><span class='ocrx_word' id='word_1_194' title='bbox 197 2325 559 2397; x_wconf 84' lang='lat' dir='ltr'><strong>promittitur</strong></span> <span class='ocrx_word' id='word_1_195' title='bbox 607 2339 710 2385; x_wconf 86' lang='lat' dir='ltr'><strong>res</strong></span> <span class='ocrx_word' id='word_1_196' title='bbox 750 2333 1016 2385; x_wconf 82' lang='lat' dir='ltr'><strong>externa</strong></span> <span class='ocrx_word' id='word_1_197' title='bbox 1064 2325 1288 2402; x_wconf 62' lang='lat' dir='ltr'><strong>praetio</strong></span> <span class='ocrx_word' id='word_1_198' title='bbox 1334 2323 1754 2397; x_wconf 64' lang='lat' dir='ltr'><strong>aestimabilis,</strong></span> <span class='ocrx_word' id='word_1_199' title='bbox 1801 2339 1859 2383; x_wconf 89' lang='lat' dir='ltr'><strong>v.</strong></span> <span class='ocrx_word' id='word_1_200' title='bbox 1902 2339 1957 2400; x_wconf 88' lang='grc'><strong>3.</strong></span> <span class='ocrx_word' id='word_1_201' title='bbox 2001 2322 2196 2396; x_wconf 81' lang='lat' dir='ltr'><strong>calix3</strong></span> <span class='ocrx_word' id='word_1_202' title='bbox 2237 2320 2560 2401; x_wconf 78' lang='lat' dir='ltr'><strong>personali</strong></span> <span class='ocrx_word' id='word_1_203' title='bbox 2593 2335 2743 2399; x_wconf 93' lang='lat' dir='ltr'><strong>pro-</strong></span> 
     </span>
     <span class='ocr_line' id='line_1_23' title="bbox 195 2400 2746 2480; baseline -0.001 -18"><span class='ocrx_word' id='word_1_204' title='bbox 195 2403 439 2464; x_wconf 80' lang='lat' dir='ltr'><strong>mittitur</strong></span> <span class='ocrx_word' id='word_1_205' title='bbox 486 2418 778 2480; x_wconf 84' lang='lat' dir='ltr'><strong>personae</strong></span> <span class='ocrx_word' id='word_1_206' title='bbox 823 2404 1008 2478; x_wconf 89' lang='lat' dir='ltr'><strong>actio,</strong></span> <span class='ocrx_word' id='word_1_207' title='bbox 1052 2421 1108 2463; x_wconf 88' lang='lat' dir='ltr'><strong>v.</strong></span> <span class='ocrx_word' id='word_1_208' title='bbox 1153 2422 1208 2480; x_wconf 84' lang='lat' dir='ltr'><strong>g.</strong></span> <span class='ocrx_word' id='word_1_209' title='bbox 1254 2403 1457 2465; x_wconf 82' lang='lat' dir='ltr'><strong>Missae</strong></span> <span class='ocrx_word' id='word_1_210' title='bbox 1488 2402 1769 2477; x_wconf 84' lang='lat' dir='ltr'><strong>auditi03</strong></span> <span class='ocrx_word' id='word_1_211' title='bbox 1813 2403 2028 2478; x_wconf 76' lang='lat' dir='ltr'><strong>mixto,</strong></span> <span class='ocrx_word' id='word_1_212' title='bbox 2064 2403 2230 2464; x_wconf 90' lang='lat' dir='ltr'><strong>actio</strong></span> <span class='ocrx_word' id='word_1_213' title='bbox 2264 2400 2621 2480; x_wconf 88' lang='lat' dir='ltr'><strong>personalis</strong></span> <span class='ocrx_word' id='word_1_214' title='bbox 2665 2400 2746 2460; x_wconf 88' lang='lat' dir='ltr'><strong>si·</strong></span> 
     </span>
     <span class='ocr_line' id='line_1_24' title="bbox 197 2482 2737 2562; baseline -0.001 -19"><span class='ocrx_word' id='word_1_215' title='bbox 197 2483 301 2543; x_wconf 89' lang='lat' dir='ltr'><strong>mul</strong></span> <span class='ocrx_word' id='word_1_216' title='bbox 340 2493 404 2544; x_wconf 90' lang='lat' dir='ltr'><strong>et</strong></span> <span class='ocrx_word' id='word_1_217' title='bbox 448 2500 552 2544; x_wconf 88' lang='lat' dir='ltr'><strong>res</strong></span> <span class='ocrx_word' id='word_1_218' title='bbox 599 2484 823 2562; x_wconf 74' lang='lat' dir='ltr'><strong>praetio</strong></span> <span class='ocrx_word' id='word_1_219' title='bbox 869 2483 1269 2546; x_wconf 74' lang='lat' dir='ltr'><strong>aestimabilis</strong></span> <span class='ocrx_word' id='word_1_220' title='bbox 1312 2495 1489 2546; x_wconf 82' lang='lat' dir='ltr'><strong>extra</strong></span> <span class='ocrx_word' id='word_1_221' title='bbox 1539 2500 1653 2544; x_wconf 90' lang='lat' dir='ltr'><strong>nos</strong></span> <span class='ocrx_word' id='word_1_222' title='bbox 1702 2489 1926 2561; x_wconf 87' lang='lat' dir='ltr'><strong>posita,</strong></span> <span class='ocrx_word' id='word_1_223' title='bbox 1979 2492 2045 2544; x_wconf 89' lang='lat' dir='ltr'><strong>ut</strong></span> <span class='ocrx_word' id='word_1_224' title='bbox 2088 2487 2138 2544; x_wconf 90' lang='lat' dir='ltr'><strong>si</strong></span> <span class='ocrx_word' id='word_1_225' title='bbox 2190 2498 2416 2545; x_wconf 87' lang='lat' dir='ltr'><strong>voveas</strong></span> <span class='ocrx_word' id='word_1_226' title='bbox 2454 2482 2737 2561; x_wconf 81' lang='lat' dir='ltr'><strong>peregri·</strong></span> 
     </span>
     <span class='ocr_line' id='line_1_25' title="bbox 200 2562 2800 2652; baseline -0 -30"><span class='ocrx_word' id='word_1_227' title='bbox 200 2567 488 2624; x_wconf 86' lang='lat' dir='ltr'><strong>nationem</strong></span> <span class='ocrx_word' id='word_1_228' title='bbox 537 2580 680 2627; x_wconf 88' lang='lat' dir='ltr'><strong>cum</strong></span> <span class='ocrx_word' id='word_1_229' title='bbox 727 2566 1054 2627; x_wconf 87' lang='lat' dir='ltr'><strong>oblatione</strong></span> <span class='ocrx_word' id='word_1_230' title='bbox 1097 2566 1332 2627; x_wconf 89' lang='lat' dir='ltr'><strong>calicis.</strong></span> <span class='ocrx_word' id='word_1_231' title='bbox 1373 2563 1588 2627; x_wconf 82' lang='lat' dir='ltr'><strong>Libero</strong></span> <span class='ocrx_word' id='word_1_232' title='bbox 1634 2580 1736 2626; x_wconf 91' lang='lat' dir='ltr'><strong>res</strong></span> <span class='ocrx_word' id='word_1_233' title='bbox 1781 2582 1910 2627; x_wconf 92' lang='lat' dir='ltr'><strong>non</strong></span> <span class='ocrx_word' id='word_1_234' title='bbox 1957 2573 2271 2642; x_wconf 81' lang='lat' dir='ltr'><strong>praecepta</strong></span> <span class='ocrx_word' id='word_1_235' title='bbox 2320 2562 2741 2652; x_wconf 77' lang='lat' dir='ltr'><strong>promittitur,</strong></span> <span class='ocrx_word' id='word_1_236' title='bbox 2795 2629 2800 2634; x_wconf 51' lang='lat'>‚</span> 
     </span>
     <span class='ocr_line' id='line_1_26' title="bbox 200 2643 2740 2724; baseline -0.001 -21"><span class='ocrx_word' id='word_1_237' title='bbox 200 2658 242 2703; x_wconf 80' lang='lat' dir='ltr'><strong>v.</strong></span> <span class='ocrx_word' id='word_1_238' title='bbox 275 2660 327 2722; x_wconf 83' lang='grc'><strong>3.</strong></span> <span class='ocrx_word' id='word_1_239' title='bbox 373 2643 729 2723; x_wconf 79' lang='lat' dir='ltr'><strong>Religionis</strong></span> <span class='ocrx_word' id='word_1_240' title='bbox 775 2648 1136 2724; x_wconf 75' lang='lat' dir='ltr'><strong>ingressu83</strong></span> <span class='ocrx_word' id='word_1_241' title='bbox 1184 2645 1442 2707; x_wconf 90' lang='lat' dir='ltr'><strong>tandem</strong></span> <span class='ocrx_word' id='word_1_242' title='bbox 1475 2655 1619 2706; x_wconf 87' lang='lat' dir='ltr'><strong>voto</strong></span> <span class='ocrx_word' id='word_1_243' title='bbox 1662 2646 2011 2708; x_wconf 80' lang='lat' dir='ltr'><strong>necessario</strong></span> <span class='ocrx_word' id='word_1_244' title='bbox 2046 2644 2438 2722; x_wconf 87' lang='lat' dir='ltr'><strong>promittitur</strong></span> <span class='ocrx_word' id='word_1_245' title='bbox 2477 2658 2579 2703; x_wconf 92' lang='lat' dir='ltr'><strong>res</strong></span> <span class='ocrx_word' id='word_1_246' title='bbox 2610 2656 2740 2718; x_wconf 81' lang='lat' dir='ltr'><strong>Jam</strong></span> 
     </span>
     <span class='ocr_line' id='line_1_27' title="bbox 202 2722 2745 2805; baseline -0 -23"><span class='ocrx_word' id='word_1_247' title='bbox 202 2725 250 2783; x_wconf 89' lang='lat' dir='ltr'><strong>in</strong></span> <span class='ocrx_word' id='word_1_248' title='bbox 288 2735 634 2802; x_wconf 81' lang='lat' dir='ltr'><strong>praecepto,</strong></span> <span class='ocrx_word' id='word_1_249' title='bbox 682 2741 736 2786; x_wconf 78' lang='lat' dir='ltr'><strong>v,</strong></span> <span class='ocrx_word' id='word_1_250' title='bbox 783 2744 838 2805; x_wconf 90' lang='grc'><strong>3.</strong></span> <span class='ocrx_word' id='word_1_251' title='bbox 883 2743 915 2788; x_wconf 88' lang='lat' dir='ltr'><strong>a</strong></span> <span class='ocrx_word' id='word_1_252' title='bbox 972 2729 1268 2788; x_wconf 86' lang='lat' dir='ltr'><strong>venereis</strong></span> <span class='ocrx_word' id='word_1_253' title='bbox 1338 2725 1746 2787; x_wconf 77' lang='lat' dir='ltr'><strong>abstinentia.</strong></span> <span class='ocrx_word' id='word_1_254' title='bbox 1803 2726 2017 2804; x_wconf 90' lang='lat' dir='ltr'><strong>Neque</strong></span> <span class='ocrx_word' id='word_1_255' title='bbox 2083 2733 2480 2802; x_wconf 84' lang='lat' dir='ltr'><strong>praeceptum</strong></span> <span class='ocrx_word' id='word_1_256' title='bbox 2550 2722 2745 2782; x_wconf 83' lang='lat' dir='ltr'><strong>officit</strong></span> 
     </span>
     <span class='ocr_line' id='line_1_28' title="bbox 200 2800 2744 2947; baseline -0.001 -84"><span class='ocrx_word' id='word_1_257' title='bbox 200 2811 345 2876; x_wconf 85' lang='lat' dir='ltr'><strong>vot03</strong></span> <span class='ocrx_word' id='word_1_258' title='bbox 391 2806 737 2947; x_wconf 74' lang='lat' dir='ltr'><strong>cnmdnihil</strong></span> <span class='ocrx_word' id='word_1_259' title='bbox 781 2807 990 2871; x_wconf 87' lang='lat' dir='ltr'><strong>obstet</strong></span> <span class='ocrx_word' id='word_1_260' title='bbox 1030 2811 1370 2886; x_wconf 86' lang='lat' dir='ltr'><strong>quominus</strong></span> <span class='ocrx_word' id='word_1_261' title='bbox 1406 2822 1485 2868; x_wconf 79' lang='lat' dir='ltr'><strong>ex</strong></span> <span class='ocrx_word' id='word_1_262' title='bbox 1520 2807 1760 2885; x_wconf 79' lang='lat' dir='ltr'><strong>duplici</strong></span> <span class='ocrx_word' id='word_1_263' title='bbox 1802 2818 2009 2884; x_wconf 90' lang='lat' dir='ltr'><strong>capite</strong></span> <span class='ocrx_word' id='word_1_264' title='bbox 2040 2822 2144 2868; x_wconf 89' lang='lat' dir='ltr'><strong>res</strong></span> <span class='ocrx_word' id='word_1_265' title='bbox 2178 2804 2386 2884; x_wconf 83' lang='lat' dir='ltr'><strong>aliqua</strong></span> <span class='ocrx_word' id='word_1_266' title='bbox 2426 2803 2546 2865; x_wconf 89' lang='lat' dir='ltr'><strong>sub</strong></span> <span class='ocrx_word' id='word_1_267' title='bbox 2585 2800 2744 2862; x_wconf 89' lang='lat' dir='ltr'><strong>obli-</strong></span> 
     </span>
     <span class='ocr_line' id='line_1_29' title="bbox 198 2886 667 2962; baseline 0.009 -17"><span class='ocrx_word' id='word_1_268' title='bbox 198 2886 421 2962; x_wconf 80' lang='lat' dir='ltr'><strong>gatione</strong></span> <span class='ocrx_word' id='word_1_269' title='bbox 462 2901 531 2947; x_wconf 88' lang='lat' dir='ltr'><strong>ca</strong></span> <span class='ocrx_word' id='word_1_270' title='bbox 584 2896 667 2949; x_wconf 89' lang='lat' dir='ltr'><strong>at.</strong></span> 
     </span>
    </p>

    <p class='ocr_par' dir='ltr' id='par_1_8' title="bbox 200 2960 2834 4410">
     <span class='ocr_line' id='line_1_30' title="bbox 329 2960 2750 3049; baseline -0.002 -23"><span class='ocrx_word' id='word_1_271' title='bbox 329 2966 383 3026; x_wconf 71' lang='lat'><strong>2.</strong></span> <span class='ocrx_word' id='word_1_272' title='bbox 427 2964 700 3029; x_wconf 82' lang='lat' dir='ltr'><strong>Ratione</strong></span> <span class='ocrx_word' id='word_1_273' title='bbox 743 2965 974 3046; x_wconf 78' lang='lat' dir='ltr'><strong>formae,</strong></span> <span class='ocrx_word' id='word_1_274' title='bbox 1019 2984 1138 3049; x_wconf 89' lang='lat' dir='ltr'><strong>qua</strong></span> <span class='ocrx_word' id='word_1_275' title='bbox 1187 2967 1257 3028; x_wconf 84' lang='lat' dir='ltr'><strong>fii</strong></span> <span class='ocrx_word' id='word_1_276' title='bbox 1301 2969 1669 3045; x_wconf 89' lang='lat' dir='ltr'><strong>promissio:</strong></span> <span class='ocrx_word' id='word_1_277' title='bbox 1715 2976 1779 3030; x_wconf 89' lang='lat' dir='ltr'><strong>et</strong></span> <span class='ocrx_word' id='word_1_278' title='bbox 1820 2965 1991 3030; x_wconf 88' lang='lat' dir='ltr'><strong>aliud</strong></span> <span class='ocrx_word' id='word_1_279' title='bbox 2027 2973 2125 3027; x_wconf 86' lang='lat' dir='ltr'><strong>est</strong></span> <span class='ocrx_word' id='word_1_280' title='bbox 2153 2975 2366 3026; x_wconf 82' lang='lat' dir='ltr'><strong>votum</strong></span> <span class='ocrx_word' id='word_1_281' title='bbox 2397 2960 2750 3025; x_wconf 72' lang='lat' dir='ltr'><strong>absolutum</strong></span> 
     </span>
     <span class='ocr_line' id='line_1_31' title="bbox 200 3046 2744 3123; baseline -0.001 -18"><span class='ocrx_word' id='word_1_282' title='bbox 200 3053 253 3106; x_wconf 84' lang='lat' dir='ltr'><strong>et</strong></span> <span class='ocrx_word' id='word_1_283' title='bbox 284 3046 808 3122; x_wconf 75' lang='lat' dir='ltr'><strong>conditionatum,</strong></span> <span class='ocrx_word' id='word_1_284' title='bbox 852 3050 1024 3111; x_wconf 91' lang='lat' dir='ltr'><strong>alind</strong></span> <span class='ocrx_word' id='word_1_285' title='bbox 1070 3048 1335 3109; x_wconf 81' lang='lat' dir='ltr'><strong>solemne</strong></span> <span class='ocrx_word' id='word_1_286' title='bbox 1377 3059 1442 3110; x_wconf 89' lang='lat' dir='ltr'><strong>et</strong></span> <span class='ocrx_word' id='word_1_287' title='bbox 1484 3048 1753 3117; x_wconf 72' lang='lat' dir='ltr'><strong>simplem</strong></span> <span class='ocrx_word' id='word_1_288' title='bbox 1779 3096 1794 3123; x_wconf 92' lang='lat'><strong>,</strong></span> <span class='ocrx_word' id='word_1_289' title='bbox 1843 3047 2016 3109; x_wconf 91' lang='lat' dir='ltr'><strong>aliud</strong></span> <span class='ocrx_word' id='word_1_290' title='bbox 2081 3052 2472 3107; x_wconf 80' lang='lat' dir='ltr'><strong>reservatum</strong></span> <span class='ocrx_word' id='word_1_291' title='bbox 2515 3052 2580 3103; x_wconf 90' lang='lat' dir='ltr'><strong>et</strong></span> <span class='ocrx_word' id='word_1_292' title='bbox 2619 3059 2744 3105; x_wconf 81' lang='lat' dir='ltr'><strong>nou</strong></span> 
     </span>
     <span class='ocr_line' id='line_1_32' title="bbox 202 3126 2750 3214; baseline -0.001 -30"><span class='ocrx_word' id='word_1_293' title='bbox 202 3135 597 3204; x_wconf 75' lang='lat' dir='ltr'><strong>reservatum,</strong></span> <span class='ocrx_word' id='word_1_294' title='bbox 641 3129 817 3192; x_wconf 87' lang='lat' dir='ltr'><strong>aliud</strong></span> <span class='ocrx_word' id='word_1_295' title='bbox 863 3146 1226 3209; x_wconf 71' lang='lat' dir='ltr'><strong>expressum</strong></span> <span class='ocrx_word' id='word_1_296' title='bbox 1271 3137 1334 3189; x_wconf 90' lang='lat' dir='ltr'><strong>et</strong></span> <span class='ocrx_word' id='word_1_297' title='bbox 1376 3131 1776 3208; x_wconf 80' lang='lat' dir='ltr'><strong>implicitum.</strong></span> <span class='ocrx_word' id='word_1_298' title='bbox 1817 3162 1890 3175; x_wconf 92' lang='lat'><strong>—-</strong></span> <span class='ocrx_word' id='word_1_299' title='bbox 1938 3126 2314 3190; x_wconf 76' lang='lat' dir='ltr'><strong>Absolutum</strong></span> <span class='ocrx_word' id='word_1_300' title='bbox 2358 3127 2430 3187; x_wconf 82' lang='lat' dir='ltr'><strong>tit</strong></span> <span class='ocrx_word' id='word_1_301' title='bbox 2485 3138 2643 3214; x_wconf 79' lang='lat' dir='ltr'><strong>pure</strong></span> <span class='ocrx_word' id='word_1_302' title='bbox 2686 3132 2750 3183; x_wconf 90' lang='lat' dir='ltr'><strong>et</strong></span> 
     </span>
     <span class='ocr_line' id='line_1_33' title="bbox 202 3204 2750 3288; baseline 0 -24"><span class='ocrx_word' id='word_1_303' title='bbox 202 3204 565 3284; x_wconf 79' lang='lat' dir='ltr'><strong>simpliciter,</strong></span> <span class='ocrx_word' id='word_1_304' title='bbox 611 3226 667 3270; x_wconf 90' lang='lat' dir='ltr'><strong>v.</strong></span> <span class='ocrx_word' id='word_1_305' title='bbox 705 3226 762 3286; x_wconf 86' lang='lat' dir='ltr'><strong>g.</strong></span> <span class='ocrx_word' id='word_1_306' title='bbox 799 3226 997 3272; x_wconf 90' lang='lat' dir='ltr'><strong>voveo</strong></span> <span class='ocrx_word' id='word_1_307' title='bbox 1042 3209 1533 3288; x_wconf 84' lang='lat' dir='ltr'><strong>eleemosynam.</strong></span> <span class='ocrx_word' id='word_1_308' title='bbox 1576 3209 2084 3271; x_wconf 75' lang='lat' dir='ltr'><strong>Condicionatum</strong></span> <span class='ocrx_word' id='word_1_309' title='bbox 2113 3212 2210 3267; x_wconf 88' lang='lat' dir='ltr'><strong>est</strong></span> <span class='ocrx_word' id='word_1_310' title='bbox 2237 3204 2493 3284; x_wconf 82' lang='lat' dir='ltr'><strong>quando</strong></span> <span class='ocrx_word' id='word_1_311' title='bbox 2529 3205 2750 3281; x_wconf 70' lang='lat' dir='ltr'><strong>adjun-</strong></span> 
     </span>
     <span class='ocr_line' id='line_1_34' title="bbox 204 3285 2796 3370; baseline -0.003 -25"><span class='ocrx_word' id='word_1_312' title='bbox 204 3285 348 3361; x_wconf 79' lang='lat' dir='ltr'><strong>gitur</strong></span> <span class='ocrx_word' id='word_1_313' title='bbox 387 3287 695 3364; x_wconf 89' lang='lat' dir='ltr'><strong>conditio,</strong></span> <span class='ocrx_word' id='word_1_314' title='bbox 741 3290 826 3351; x_wconf 86' lang='lat' dir='ltr'><strong>ita</strong></span> <span class='ocrx_word' id='word_1_315' title='bbox 874 3300 945 3353; x_wconf 91' lang='lat' dir='ltr'><strong>ut</strong></span> <span class='ocrx_word' id='word_1_316' title='bbox 986 3291 1324 3370; x_wconf 87' lang='lat' dir='ltr'><strong>promissio</strong></span> <span class='ocrx_word' id='word_1_317' title='bbox 1370 3306 1494 3352; x_wconf 91' lang='lat' dir='ltr'><strong>non</strong></span> <span class='ocrx_word' id='word_1_318' title='bbox 1547 3290 1776 3352; x_wconf 90' lang='lat' dir='ltr'><strong>babeat</strong></span> <span class='ocrx_word' id='word_1_319' title='bbox 1819 3292 1946 3351; x_wconf 87' lang='lat' dir='ltr'><strong>vim</strong></span> <span class='ocrx_word' id='word_1_320' title='bbox 1993 3286 2345 3363; x_wconf 83' lang='lat' dir='ltr'><strong>obligandi,</strong></span> <span class='ocrx_word' id='word_1_321' title='bbox 2388 3286 2514 3346; x_wconf 88' lang='lat' dir='ltr'><strong>nisi</strong></span> <span class='ocrx_word' id='word_1_322' title='bbox 2558 3300 2746 3361; x_wconf 89' lang='lat' dir='ltr'><strong>pona·</strong></span> <span class='ocrx_word' id='word_1_323' title='bbox 2793 3333 2796 3338; x_wconf 75' lang='grc'><strong>,</strong></span> 
     </span>
     <span class='ocr_line' id='line_1_35' title="bbox 206 3365 2750 3456; baseline -0.001 -30"><span class='ocrx_word' id='word_1_324' title='bbox 206 3374 290 3427; x_wconf 85' lang='lat' dir='ltr'><strong>tur</strong></span> <span class='ocrx_word' id='word_1_325' title='bbox 326 3369 608 3431; x_wconf 90' lang='lat' dir='ltr'><strong>conditio</strong></span> <span class='ocrx_word' id='word_1_326' title='bbox 657 3368 787 3445; x_wconf 89' lang='lat' dir='ltr'><strong>illa,</strong></span> <span class='ocrx_word' id='word_1_327' title='bbox 830 3387 887 3431; x_wconf 86' lang='lat' dir='ltr'><strong>v.</strong></span> <span class='ocrx_word' id='word_1_328' title='bbox 932 3388 1011 3456; x_wconf 71' lang='grc'><strong>3.,</strong></span> <span class='ocrx_word' id='word_1_329' title='bbox 1046 3387 1246 3432; x_wconf 78' lang='lat' dir='ltr'><strong>voveo</strong></span> <span class='ocrx_word' id='word_1_330' title='bbox 1276 3373 1884 3449; x_wconf 83' lang='lat' dir='ltr'><strong>peregrinationem,</strong></span> <span class='ocrx_word' id='word_1_331' title='bbox 1915 3372 1966 3431; x_wconf 89' lang='lat' dir='ltr'><strong>si</strong></span> <span class='ocrx_word' id='word_1_332' title='bbox 1999 3385 2032 3430; x_wconf 90' lang='lat' dir='ltr'><strong>a</strong></span> <span class='ocrx_word' id='word_1_333' title='bbox 2070 3369 2296 3428; x_wconf 90' lang='lat' dir='ltr'><strong>morbo</strong></span> <span class='ocrx_word' id='word_1_334' title='bbox 2324 3365 2750 3426; x_wconf 85' lang='lat' dir='ltr'><strong>convaluero:</strong></span> 
     </span>
     <span class='ocr_line' id='line_1_36' title="bbox 206 3444 2746 3531; baseline 0 -26"><span class='ocrx_word' id='word_1_335' title='bbox 206 3444 308 3508; x_wconf 86' lang='lat' dir='ltr'><strong>buc</strong></span> <span class='ocrx_word' id='word_1_336' title='bbox 345 3459 679 3512; x_wconf 87' lang='lat' dir='ltr'><strong>revocatur</strong></span> <span class='ocrx_word' id='word_1_337' title='bbox 722 3461 936 3513; x_wconf 89' lang='lat' dir='ltr'><strong>votum</strong></span> <span class='ocrx_word' id='word_1_338' title='bbox 982 3451 1147 3531; x_wconf 78' lang='lat' dir='ltr'><strong>quod</strong></span> <span class='ocrx_word' id='word_1_339' title='bbox 1195 3459 1429 3513; x_wconf 86' lang='lat' dir='ltr'><strong>vocant</strong></span> <span class='ocrx_word' id='word_1_340' title='bbox 1466 3452 1723 3530; x_wconf 68' lang='lat' dir='ltr'><strong>poenale,</strong></span> <span class='ocrx_word' id='word_1_341' title='bbox 1768 3452 1867 3512; x_wconf 88' lang='lat' dir='ltr'><strong>cui</strong></span> <span class='ocrx_word' id='word_1_342' title='bbox 1904 3464 2130 3526; x_wconf 90' lang='lat' dir='ltr'><strong>nempe</strong></span> <span class='ocrx_word' id='word_1_343' title='bbox 2168 3463 2278 3525; x_wconf 90' lang='lat' dir='ltr'><strong>per</strong></span> <span class='ocrx_word' id='word_1_344' title='bbox 2313 3447 2569 3509; x_wconf 89' lang='lat' dir='ltr'><strong>modum</strong></span> <span class='ocrx_word' id='word_1_345' title='bbox 2601 3453 2746 3516; x_wconf 79' lang='lat' dir='ltr'><strong>oon·</strong></span> 
     </span>
     <span class='ocr_line' id='line_1_37' title="bbox 207 3525 2746 3611; baseline 0 -26"><span class='ocrx_word' id='word_1_346' title='bbox 207 3525 438 3591; x_wconf 85' lang='lat' dir='ltr'><strong>ditionis</strong></span> <span class='ocrx_word' id='word_1_347' title='bbox 482 3530 851 3593; x_wconf 89' lang='lat' dir='ltr'><strong>adnectitur</strong></span> <span class='ocrx_word' id='word_1_348' title='bbox 916 3549 1122 3611; x_wconf 87' lang='lat' dir='ltr'><strong>poena,</strong></span> <span class='ocrx_word' id='word_1_349' title='bbox 1167 3548 1222 3592; x_wconf 92' lang='lat' dir='ltr'><strong>v.</strong></span> <span class='ocrx_word' id='word_1_350' title='bbox 1267 3549 1366 3610; x_wconf 89' lang='grc'><strong>3.,</strong></span> <span class='ocrx_word' id='word_1_351' title='bbox 1424 3548 1625 3595; x_wconf 89' lang='lat' dir='ltr'><strong>voveo</strong></span> <span class='ocrx_word' id='word_1_352' title='bbox 1693 3531 2207 3609; x_wconf 82' lang='lat' dir='ltr'><strong>eleemosynam,</strong></span> <span class='ocrx_word' id='word_1_353' title='bbox 2261 3531 2314 3594; x_wconf 79' lang='lat' dir='ltr'><strong>iii</strong></span> <span class='ocrx_word' id='word_1_354' title='bbox 2385 3528 2615 3588; x_wconf 87' lang='lat' dir='ltr'><strong>iteruin</strong></span> <span class='ocrx_word' id='word_1_355' title='bbox 2669 3525 2746 3587; x_wconf 87' lang='lat' dir='ltr'><strong>ad</strong></span> 
     </span>
     <span class='ocr_line' id='line_1_38' title="bbox 210 3604 2752 3690; baseline 0 -25"><span class='ocrx_word' id='word_1_356' title='bbox 210 3604 393 3670; x_wconf 89' lang='lat' dir='ltr'><strong>ludum</strong></span> <span class='ocrx_word' id='word_1_357' title='bbox 442 3610 685 3673; x_wconf 87' lang='lat' dir='ltr'><strong>redibo.</strong></span> <span class='ocrx_word' id='word_1_358' title='bbox 732 3609 1004 3674; x_wconf 82' lang='lat' dir='ltr'><strong>Solemne</strong></span> <span class='ocrx_word' id='word_1_359' title='bbox 1071 3621 1209 3686; x_wconf 90' lang='lat' dir='ltr'><strong>est,</strong></span> <span class='ocrx_word' id='word_1_360' title='bbox 1276 3612 1440 3690; x_wconf 87' lang='lat' dir='ltr'><strong>qnod</strong></span> <span class='ocrx_word' id='word_1_361' title='bbox 1491 3614 1559 3673; x_wconf 83' lang='lat' dir='ltr'><strong>iit</strong></span> <span class='ocrx_word' id='word_1_362' title='bbox 1604 3612 1834 3674; x_wconf 86' lang='lat' dir='ltr'><strong>ritibus</strong></span> <span class='ocrx_word' id='word_1_363' title='bbox 1878 3609 1955 3672; x_wconf 90' lang='lat' dir='ltr'><strong>ab</strong></span> <span class='ocrx_word' id='word_1_364' title='bbox 2001 3608 2276 3670; x_wconf 86' lang='lat' dir='ltr'><strong>Ecclesia</strong></span> <span class='ocrx_word' id='word_1_365' title='bbox 2338 3607 2752 3685; x_wconf 64' lang='lat' dir='ltr'><strong>praescriptis,</strong></span> 
     </span>
     <span class='ocr_line' id='line_1_39' title="bbox 208 3689 2755 3772; baseline -0 -26"><span class='ocrx_word' id='word_1_366' title='bbox 208 3689 520 3753; x_wconf 84' lang='lat' dir='ltr'><strong>accedente</strong></span> <span class='ocrx_word' id='word_1_367' title='bbox 564 3707 795 3769; x_wconf 90' lang='lat' dir='ltr'><strong>nempe</strong></span> <span class='ocrx_word' id='word_1_368' title='bbox 839 3693 1138 3755; x_wconf 72' lang='lat' dir='ltr'><strong>Ecclesiae</strong></span> <span class='ocrx_word' id='word_1_369' title='bbox 1184 3693 1382 3763; x_wconf 85' lang='lat' dir='ltr'><strong>ipsius</strong></span> <span class='ocrx_word' id='word_1_370' title='bbox 1427 3693 1925 3772; x_wconf 89' lang='lat' dir='ltr'><strong>approbatione,</strong></span> <span class='ocrx_word' id='word_1_371' title='bbox 1969 3701 2033 3752; x_wconf 90' lang='lat' dir='ltr'><strong>et</strong></span> <span class='ocrx_word' id='word_1_372' title='bbox 2075 3689 2361 3751; x_wconf 89' lang='lat' dir='ltr'><strong>absoluta</strong></span> <span class='ocrx_word' id='word_1_373' title='bbox 2420 3689 2482 3748; x_wconf 89' lang='lat' dir='ltr'><strong>in</strong></span> <span class='ocrx_word' id='word_1_374' title='bbox 2517 3702 2755 3764; x_wconf 80' lang='lat' dir='ltr'><strong>perpe-</strong></span> 
     </span>
     <span class='ocr_line' id='line_1_40' title="bbox 210 3768 2752 3851; baseline -0 -24"><span class='ocrx_word' id='word_1_375' title='bbox 210 3775 357 3831; x_wconf 87' lang='lat' dir='ltr'><strong>tuum</strong></span> <span class='ocrx_word' id='word_1_376' title='bbox 399 3775 872 3850; x_wconf 87' lang='lat' dir='ltr'><strong>acceptatione:</strong></span> <span class='ocrx_word' id='word_1_377' title='bbox 923 3774 1047 3836; x_wconf 91' lang='lat' dir='ltr'><strong>tale</strong></span> <span class='ocrx_word' id='word_1_378' title='bbox 1078 3783 1176 3836; x_wconf 91' lang='lat' dir='ltr'><strong>est</strong></span> <span class='ocrx_word' id='word_1_379' title='bbox 1206 3772 1434 3837; x_wconf 85' lang='lat' dir='ltr'><strong>Votum</strong></span> <span class='ocrx_word' id='word_1_380' title='bbox 1471 3776 1803 3840; x_wconf 78' lang='lat' dir='ltr'><strong>castitatis,</strong></span> <span class='ocrx_word' id='word_1_381' title='bbox 1839 3771 2004 3851; x_wconf 85' lang='lat' dir='ltr'><strong>quod</strong></span> <span class='ocrx_word' id='word_1_382' title='bbox 2037 3768 2385 3833; x_wconf 90' lang='lat' dir='ltr'><strong>Ordinibus</strong></span> <span class='ocrx_word' id='word_1_383' title='bbox 2416 3769 2614 3828; x_wconf 87' lang='lat' dir='ltr'><strong>sacris</strong></span> <span class='ocrx_word' id='word_1_384' title='bbox 2644 3768 2752 3828; x_wconf 90' lang='lat' dir='ltr'><strong>ad·</strong></span> 
     </span>
     <span class='ocr_line' id='line_1_41' title="bbox 211 3848 2755 3934; baseline 0 -28"><span class='ocrx_word' id='word_1_385' title='bbox 211 3852 455 3913; x_wconf 87' lang='lat' dir='ltr'><strong>nectitur</strong></span> <span class='ocrx_word' id='word_1_386' title='bbox 498 3870 570 3915; x_wconf 90' lang='lat' dir='ltr'><strong>ac</strong></span> <span class='ocrx_word' id='word_1_387' title='bbox 617 3852 995 3932; x_wconf 77' lang='lat' dir='ltr'><strong>professioni</strong></span> <span class='ocrx_word' id='word_1_388' title='bbox 1033 3853 1369 3931; x_wconf 81' lang='lat' dir='ltr'><strong>religiosae.</strong></span> <span class='ocrx_word' id='word_1_389' title='bbox 1417 3853 1695 3934; x_wconf 74' lang='lat' dir='ltr'><strong>Simpleae</strong></span> <span class='ocrx_word' id='word_1_390' title='bbox 1733 3854 1973 3915; x_wconf 90' lang='lat' dir='ltr'><strong>nullam</strong></span> <span class='ocrx_word' id='word_1_391' title='bbox 2007 3852 2198 3913; x_wconf 87' lang='lat' dir='ltr'><strong>babet</strong></span> <span class='ocrx_word' id='word_1_392' title='bbox 2231 3850 2420 3911; x_wconf 88' lang='lat' dir='ltr'><strong>talem</strong></span> <span class='ocrx_word' id='word_1_393' title='bbox 2454 3848 2755 3907; x_wconf 90' lang='lat' dir='ltr'><strong>solemni-</strong></span> 
     </span>
     <span class='ocr_line' id='line_1_42' title="bbox 209 3927 2757 4014; baseline 0 -26"><span class='ocrx_word' id='word_1_394' title='bbox 209 3936 370 3992; x_wconf 89' lang='lat' dir='ltr'><strong>tatem</strong></span> <span class='ocrx_word' id='word_1_395' title='bbox 417 3933 464 3992; x_wconf 74' lang='lat'><strong>1.</strong></span> <span class='ocrx_word' id='word_1_396' title='bbox 506 3933 916 3995; x_wconf 76' lang='lat' dir='ltr'><strong>Reservatum</strong></span> <span class='ocrx_word' id='word_1_397' title='bbox 960 3946 1052 3995; x_wconf 89' lang='lat' dir='ltr'><strong>est</strong></span> <span class='ocrx_word' id='word_1_398' title='bbox 1096 3935 1264 4013; x_wconf 88' lang='lat' dir='ltr'><strong>quod</strong></span> <span class='ocrx_word' id='word_1_399' title='bbox 1324 3937 1545 4014; x_wconf 87' lang='lat' dir='ltr'><strong>nequit</strong></span> <span class='ocrx_word' id='word_1_400' title='bbox 1611 3935 1930 4007; x_wconf 85' lang='lat' dir='ltr'><strong>relaxari,</strong></span> <span class='ocrx_word' id='word_1_401' title='bbox 1975 3933 2096 3994; x_wconf 87' lang='lat' dir='ltr'><strong>nisi</strong></span> <span class='ocrx_word' id='word_1_402' title='bbox 2156 3946 2190 3993; x_wconf 88' lang='lat' dir='ltr'><strong>a</strong></span> <span class='ocrx_word' id='word_1_403' title='bbox 2252 3927 2589 3999; x_wconf 79' lang='lat' dir='ltr'><strong>Pontissee;</strong></span> <span class='ocrx_word' id='word_1_404' title='bbox 2631 3943 2757 3989; x_wconf 79' lang='lat' dir='ltr'><strong>uon</strong></span> 
     </span>
     <span class='ocr_line' id='line_1_43' title="bbox 207 4007 2834 4099; baseline -0.001 -29"><span class='ocrx_word' id='word_1_405' title='bbox 207 4019 583 4088; x_wconf 71' lang='lat' dir='ltr'><strong>reservatum,</strong></span> <span class='ocrx_word' id='word_1_406' title='bbox 625 4014 808 4092; x_wconf 86' lang='lat' dir='ltr'><strong>cujus</strong></span> <span class='ocrx_word' id='word_1_407' title='bbox 855 4015 1162 4077; x_wconf 87' lang='lat' dir='ltr'><strong>relaxatio</strong></span> <span class='ocrx_word' id='word_1_408' title='bbox 1197 4014 1414 4078; x_wconf 85' lang='lat' dir='ltr'><strong>baberi</strong></span> <span class='ocrx_word' id='word_1_409' title='bbox 1453 4024 1658 4093; x_wconf 88' lang='lat' dir='ltr'><strong>potest</strong></span> <span class='ocrx_word' id='word_1_410' title='bbox 1688 4016 1765 4077; x_wconf 92' lang='lat' dir='ltr'><strong>ab</strong></span> <span class='ocrx_word' id='word_1_411' title='bbox 1801 4014 1926 4074; x_wconf 89' lang='lat' dir='ltr'><strong>alio</strong></span> <span class='ocrx_word' id='word_1_412' title='bbox 1958 4007 2315 4091; x_wconf 74' lang='lat' dir='ltr'><strong>superiore.</strong></span> <span class='ocrx_word' id='word_1_413' title='bbox 2352 4007 2761 4099; x_wconf 21' lang='lat' dir='ltr'><strong>Ewprteseaum,</strong></span> <span class='ocrx_word' id='word_1_414' title='bbox 2823 4071 2834 4081; x_wconf 63' lang='grc'><em>,</em></span> 
     </span>
     <span class='ocr_line' id='line_1_44' title="bbox 208 4088 2761 4173; baseline 0 -24"><span class='ocrx_word' id='word_1_415' title='bbox 208 4091 347 4165; x_wconf 83' lang='lat' dir='ltr'><strong>quod</strong></span> <span class='ocrx_word' id='word_1_416' title='bbox 404 4095 617 4156; x_wconf 84' lang='lat' dir='ltr'><strong>verbis</strong></span> <span class='ocrx_word' id='word_1_417' title='bbox 674 4100 957 4158; x_wconf 79' lang='lat' dir='ltr'><strong>exterius</strong></span> <span class='ocrx_word' id='word_1_418' title='bbox 1025 4094 1393 4173; x_wconf 81' lang='lat' dir='ltr'><strong>profertur,</strong></span> <span class='ocrx_word' id='word_1_419' title='bbox 1453 4107 1521 4159; x_wconf 89' lang='lat' dir='ltr'><strong>ut</strong></span> <span class='ocrx_word' id='word_1_420' title='bbox 1580 4096 1911 4158; x_wconf 86' lang='lat' dir='ltr'><strong>ordinarie</strong></span> <span class='ocrx_word' id='word_1_421' title='bbox 1974 4093 2310 4168; x_wconf 83' lang='lat' dir='ltr'><strong>contingit.</strong></span> <span class='ocrx_word' id='word_1_422' title='bbox 2356 4088 2761 4165; x_wconf 77' lang='lat' dir='ltr'><strong>Implicitum,</strong></span> 
     </span>
     <span class='ocr_line' id='line_1_45' title="bbox 208 4169 2755 4254; baseline 0 -23"><span class='ocrx_word' id='word_1_423' title='bbox 208 4172 431 4245; x_wconf 79' lang='lat' dir='ltr'><strong>quando</strong></span> <span class='ocrx_word' id='word_1_424' title='bbox 473 4177 617 4253; x_wconf 87' lang='lat' dir='ltr'><strong>quis</strong></span> <span class='ocrx_word' id='word_1_425' title='bbox 660 4178 1076 4240; x_wconf 88' lang='lat' dir='ltr'><strong>advertenter</strong></span> <span class='ocrx_word' id='word_1_426' title='bbox 1119 4176 1361 4254; x_wconf 86' lang='lat' dir='ltr'><strong>aliquid</strong></span> <span class='ocrx_word' id='word_1_427' title='bbox 1411 4176 1587 4253; x_wconf 90' lang='lat' dir='ltr'><strong>vult,</strong></span> <span class='ocrx_word' id='word_1_428' title='bbox 1631 4178 1734 4238; x_wconf 87' lang='lat' dir='ltr'><strong>cui</strong></span> <span class='ocrx_word' id='word_1_429' title='bbox 1798 4181 2020 4236; x_wconf 89' lang='lat' dir='ltr'><strong>votum</strong></span> <span class='ocrx_word' id='word_1_430' title='bbox 2078 4181 2177 4234; x_wconf 91' lang='lat' dir='ltr'><strong>est</strong></span> <span class='ocrx_word' id='word_1_431' title='bbox 2229 4169 2579 4233; x_wconf 83' lang='lat' dir='ltr'><strong>adnexum:</strong></span> <span class='ocrx_word' id='word_1_432' title='bbox 2629 4170 2755 4231; x_wconf 86' lang='lat' dir='ltr'><strong>tale</strong></span> 
     </span>
     <span class='ocr_line' id='line_1_46' title="bbox 210 4249 2754 4337; baseline 0.001 -29"><span class='ocrx_word' id='word_1_433' title='bbox 210 4258 289 4309; x_wconf 84' lang='lat' dir='ltr'><strong>est</strong></span> <span class='ocrx_word' id='word_1_434' title='bbox 326 4262 576 4329; x_wconf 89' lang='lat' dir='ltr'><strong>votum,</strong></span> <span class='ocrx_word' id='word_1_435' title='bbox 618 4256 784 4332; x_wconf 84' lang='lat' dir='ltr'><strong>quod</strong></span> <span class='ocrx_word' id='word_1_436' title='bbox 833 4258 1151 4320; x_wconf 88' lang='lat' dir='ltr'><strong>emittitur</strong></span> <span class='ocrx_word' id='word_1_437' title='bbox 1214 4258 1291 4318; x_wconf 89' lang='lat' dir='ltr'><strong>ab</strong></span> <span class='ocrx_word' id='word_1_438' title='bbox 1357 4274 1432 4320; x_wconf 93' lang='lat' dir='ltr'><strong>eo</strong></span> <span class='ocrx_word' id='word_1_439' title='bbox 1495 4258 1604 4337; x_wconf 89' lang='lat' dir='ltr'><strong>qui</strong></span> <span class='ocrx_word' id='word_1_440' title='bbox 1665 4264 2076 4333; x_wconf 89' lang='lat' dir='ltr'><strong>promovetur</strong></span> <span class='ocrx_word' id='word_1_441' title='bbox 2120 4251 2196 4313; x_wconf 89' lang='lat' dir='ltr'><strong>ad</strong></span> <span class='ocrx_word' id='word_1_442' title='bbox 2245 4249 2754 4312; x_wconf 78' lang='lat' dir='ltr'><strong>subdiaconatus</strong></span> 
     </span>
     <span class='ocr_line' id='line_1_47' title="bbox 208 4326 2755 4410; baseline 0 -20"><span class='ocrx_word' id='word_1_443' title='bbox 208 4326 520 4410; x_wconf 86' lang='lat' dir='ltr'><strong>Ordinem;</strong></span> <span class='ocrx_word' id='word_1_444' title='bbox 565 4352 713 4398; x_wconf 89' lang='lat' dir='ltr'><strong>nam</strong></span> <span class='ocrx_word' id='word_1_445' title='bbox 760 4337 913 4399; x_wconf 88' lang='lat' dir='ltr'><strong>licet</strong></span> <span class='ocrx_word' id='word_1_446' title='bbox 955 4353 1086 4399; x_wconf 92' lang='lat' dir='ltr'><strong>non</strong></span> <span class='ocrx_word' id='word_1_447' title='bbox 1123 4335 1372 4400; x_wconf 89' lang='lat' dir='ltr'><strong>dicatur</strong></span> <span class='ocrx_word' id='word_1_448' title='bbox 1408 4355 1586 4401; x_wconf 85' lang='lat' dir='ltr'><strong>voveo</strong></span> <span class='ocrx_word' id='word_1_449' title='bbox 1644 4337 2049 4408; x_wconf 77' lang='lat' dir='ltr'><strong>castitatem,</strong></span> <span class='ocrx_word' id='word_1_450' title='bbox 2099 4340 2312 4394; x_wconf 89' lang='lat' dir='ltr'><strong>votum</strong></span> <span class='ocrx_word' id='word_1_451' title='bbox 2372 4339 2586 4393; x_wconf 89' lang='lat' dir='ltr'><strong>tamen</strong></span> <span class='ocrx_word' id='word_1_452' title='bbox 2636 4330 2755 4391; x_wconf 85' lang='lat' dir='ltr'><strong>boc</strong></span> 
     </span>
    </p>
   </div>
   <div class='ocr_carea' id='block_1_6' title="bbox 213 4409 2766 4578">
    <p class='ocr_par' dir='ltr' id='par_1_9' title="bbox 213 4409 2766 4578">
     <span class='ocr_line' id='line_1_48' title="bbox 213 4409 2766 4498; baseline -0 -26"><span class='ocrx_word' id='word_1_453' title='bbox 213 4409 270 4498; x_wconf 75' lang='lat' dir='ltr'><strong>lit</strong></span> <span class='ocrx_word' id='word_1_454' title='bbox 308 4414 605 4493; x_wconf 90' lang='lat' dir='ltr'><strong>implicite</strong></span> <span class='ocrx_word' id='word_1_455' title='bbox 652 4419 772 4480; x_wconf 88' lang='lat' dir='ltr'><strong>hoc</strong></span> <span class='ocrx_word' id='word_1_456' title='bbox 817 4420 974 4496; x_wconf 79' lang='lat' dir='ltr'><strong>ipsO,</strong></span> <span class='ocrx_word' id='word_1_457' title='bbox 1016 4417 1181 4496; x_wconf 86' lang='lat' dir='ltr'><strong>quod</strong></span> <span class='ocrx_word' id='word_1_458' title='bbox 1229 4421 1438 4481; x_wconf 86' lang='lat' dir='ltr'><strong>sciens</strong></span> <span class='ocrx_word' id='word_1_459' title='bbox 1487 4417 1834 4480; x_wconf 86' lang='lat' dir='ltr'><strong>Ecclesiam</strong></span> <span class='ocrx_word' id='word_1_460' title='bbox 1901 4414 2286 4476; x_wconf 83' lang='lat' dir='ltr'><strong>adnexuisse</strong></span> <span class='ocrx_word' id='word_1_461' title='bbox 2351 4412 2466 4475; x_wconf 86' lang='lat' dir='ltr'><strong>tali</strong></span> <span class='ocrx_word' id='word_1_462' title='bbox 2530 4409 2766 4474; x_wconf 85' lang='lat' dir='ltr'><strong>Ordini</strong></span> 
     </span>
     <span class='ocr_line' id='line_1_49' title="bbox 215 4493 1264 4578; baseline 0.009 -28"><span class='ocrx_word' id='word_1_463' title='bbox 215 4493 357 4555; x_wconf 82' lang='lat' dir='ltr'><strong>istud</strong></span> <span class='ocrx_word' id='word_1_464' title='bbox 402 4506 635 4574; x_wconf 85' lang='lat' dir='ltr'><strong>votum,</strong></span> <span class='ocrx_word' id='word_1_465' title='bbox 680 4497 866 4561; x_wconf 88' lang='lat' dir='ltr'><strong>illum</strong></span> <span class='ocrx_word' id='word_1_466' title='bbox 908 4499 1185 4578; x_wconf 86' lang='lat' dir='ltr'><strong>suscipit</strong></span> <span class='ocrx_word' id='word_1_467' title='bbox 1213 4498 1264 4559; x_wconf 80' lang='lat'><strong>².</strong></span> 
     </span>
    </p>
   </div>
   <div class='ocr_carea' id='block_1_7' title="bbox 259 4675 2740 4811">
    <p class='ocr_par' dir='ltr' id='par_1_10' title="bbox 259 4675 2740 4811">
     <span class='ocr_line' id='line_1_50' title="bbox 259 4675 2740 4750; baseline -0.002 -17"><span class='ocrx_word' id='word_1_468' title='bbox 259 4681 279 4720; x_wconf 84' lang='lat'>¹</span> <span class='ocrx_word' id='word_1_469' title='bbox 316 4684 367 4734; x_wconf 79' lang='lat' dir='ltr'><strong>V.</strong></span> <span class='ocrx_word' id='word_1_470' title='bbox 398 4685 585 4748; x_wconf 62' lang='lat' dir='ltr'><strong>Boniti,</strong></span> <span class='ocrx_word' id='word_1_471' title='bbox 622 4689 693 4738; x_wconf 83' lang='lat' dir='ltr'><strong>De</strong></span> <span class='ocrx_word' id='word_1_472' title='bbox 716 4685 842 4750; x_wconf 68' lang='lat' dir='ltr'><strong>,iure</strong></span> <span class='ocrx_word' id='word_1_473' title='bbox 872 4688 1221 4750; x_wconf 69' lang='lat' dir='ltr'><strong>montorium,</strong></span> <span class='ocrx_word' id='word_1_474' title='bbox 1257 4698 1381 4750; x_wconf 84' lang='lat' dir='ltr'><strong>pars</strong></span> <span class='ocrx_word' id='word_1_475' title='bbox 1416 4687 1486 4747; x_wconf 77' lang='lat'><strong>1⁸,</strong></span> <span class='ocrx_word' id='word_1_476' title='bbox 1518 4697 1564 4735; x_wconf 90' lang='lat' dir='ltr'><strong>c.</strong></span> <span class='ocrx_word' id='word_1_477' title='bbox 1600 4688 1658 4748; x_wconf 76' lang='lat'><strong>23</strong></span> <span class='ocrx_word' id='word_1_478' title='bbox 1691 4709 1752 4722; x_wconf 92' lang='lat'>—</span> <span class='ocrx_word' id='word_1_479' title='bbox 1787 4685 1944 4742; x_wconf 73' lang='lat' dir='ltr'><strong>Deua,</strong></span> <span class='ocrx_word' id='word_1_480' title='bbox 1981 4681 2210 4746; x_wconf 76' lang='lat' dir='ltr'><strong>Sylvius,</strong></span> <span class='ocrx_word' id='word_1_481' title='bbox 2248 4681 2460 4740; x_wconf 81' lang='lat' dir='ltr'><strong>suarez,</strong></span> <span class='ocrx_word' id='word_1_482' title='bbox 2493 4675 2740 4728; x_wconf 80' lang='lat' dir='ltr'><strong>Billuart.</strong></span> 
     </span>
     <span class='ocr_line' id='line_1_51' title="bbox 261 4744 1302 4811; baseline 0.006 -18"><span class='ocrx_word' id='word_1_483' title='bbox 261 4744 283 4783; x_wconf 68' lang='grc' dir='ltr'>ἱ</span> <span class='ocrx_word' id='word_1_484' title='bbox 319 4747 371 4796; x_wconf 79' lang='lat' dir='ltr'><strong>V.</strong></span> <span class='ocrx_word' id='word_1_485' title='bbox 403 4749 627 4802; x_wconf 80' lang='lat' dir='ltr'><strong>dicenda</strong></span> <span class='ocrx_word' id='word_1_486' title='bbox 662 4750 778 4801; x_wconf 83' lang='lat' dir='ltr'><strong>Lib.</strong></span> <span class='ocrx_word' id='word_1_487' title='bbox 815 4761 893 4811; x_wconf 86' lang='lat' dir='ltr'><strong>iii,</strong></span> <span class='ocrx_word' id='word_1_488' title='bbox 954 4752 1014 4801; x_wconf 75' lang='lat' dir='ltr'><strong>da</strong></span> <span class='ocrx_word' id='word_1_489' title='bbox 1044 4751 1302 4802; x_wconf 73' lang='lat' dir='ltr'><strong>coelibatu.</strong></span> 
     </span>
    </p>
   </div>
   <div class='ocr_carea' id='block_1_8' title="bbox 280 4822 2588 4918">
    <p class='ocr_par' dir='ltr' id='par_1_11' title="bbox 280 4822 2588 4918">
     <span class='ocr_line' id='line_1_52' title="bbox 280 4822 2588 4918; baseline -0 -22"><span class='ocrx_word' id='word_1_490' title='bbox 280 4830 533 4916; x_wconf 63' lang='lat' dir='ltr'><strong>Scavnvi,</strong></span> <span class='ocrx_word' id='word_1_491' title='bbox 593 4833 927 4918; x_wconf 74' lang='lat' dir='ltr'><strong>Theoloqia</strong></span> <span class='ocrx_word' id='word_1_492' title='bbox 973 4840 1098 4902; x_wconf 82' lang='lat' dir='ltr'><strong>etc.</strong></span> <span class='ocrx_word' id='word_1_493' title='bbox 1147 4837 1217 4902; x_wconf 90' lang='lat' dir='ltr'><strong>T.</strong></span> <span class='ocrx_word' id='word_1_494' title='bbox 1265 4833 1343 4901; x_wconf 91' lang='lat'><strong>11.</strong></span> <span class='ocrx_word' id='word_1_495' title='bbox 2546 4822 2588 4889; x_wconf 82' lang='lat'><strong>3</strong></span> 
     </span>
    </p>
   </div>
  </div>
 </body>
</html>
