3292 5167
483 271 614 339 172
649 240 655 257 ’
1484 287 1602 335 un.
1644 287 1711 333 u.
1759 287 1973 334 ruer.
2019 289 2075 334 v.

481 393 762 457 Ecclesia
823 405 950 453 non
997 396 1321 468 receptum
1366 387 1735 465 observent,
1780 388 2126 469 aliquando
2170 390 2235 451 in
2280 404 2391 452 sua
2439 389 2854 469 simplicitate
2904 392 3127 471 ipsos

484 490 625 539 esse
667 470 1149 550 relinquendos,
1191 472 1243 532 si
1288 468 1641 533 difficulter
1684 469 2159 533 abducerentur
2201 471 2279 534 ab
2323 484 2399 531 eo
2443 472 2611 550 quod
2661 471 2823 536 bona
2876 472 3033 535 fide
3071 484 3121 532 a

483 555 618 618 suis
654 552 1006 630 majoribus
1050 559 1460 629 acceperunt.

478 634 486 643 “
566 634 681 696 Hic
724 635 915 695 etiam
962 640 1276 704 notamus,
1318 628 1483 710 quod
1534 645 1661 691 non
1708 629 1917 690 omnia
1964 644 2108 708 quae
2148 630 2505 695 creduntur
2538 633 2888 711 praestigia,
2922 630 3121 694 talia

487 722 659 785 sunt,
712 729 862 776 nam
907 711 1123 791 piures
1169 720 1378 790 potest
1419 719 1633 789 partes
1680 709 1920 772 habere
1956 710 2236 772 hominis
2271 713 2602 789 phantasia
2628 730 2647 786 ;
2677 729 2864 793 quam
2901 714 3123 774 enim

532 804 856 873 raepotens
900 794 1005 865 sit,
1053 801 1332 872 quotque
1375 790 1688 854 malorum
1722 805 1931 863 causa,
1968 790 2329 870 philosophi
2372 795 2603 871 passim
2638 794 2917 870 probant
2952 793 3122 854 ine·

515 874 901 938 notabilibus
943 874 1332 950 argumentis
1378 882 1439 934 at
1489 887 1566 933 ue
1610 871 1814 933 factis.
1861 870 2030 933 Talis
2085 871 2208 934 tuit
2243 876 2593 950 peritorum
2620 873 2869 953 judicio
2907 888 3114 936 mor·

487 955 631 1030 bue,
680 955 787 1033 qui
833 971 948 1032 per
993 952 1380 1032 Hungariam
1426 968 1462 1012 o
1496 953 1577 1014 im
1623 950 2071 1030 grassabatur:
2117 951 2530 1031 putabantde
2554 962 2741 1016 nocte
2786 963 3121 1017 mortuos

491 1052 525 1098 e
549 1036 886 1113 -sepulcris
917 1035 1096 1095 exire
1121 1042 1184 1095 et
1219 1033 1596 1110 sanguinem
1635 1034 1928 1093 vivorum
1962 1032 2421 1099 dormientium
2455 1050 2684 1113 sugere
2713 1036 2846 1114 (isti
2884 1034 3125 1111 vulgo

489 1115 868 1178 dicebantur
913 1115 1236 1192 vampiri).
1273 1112 1487 1174 [nanis
1534 1112 1672 1174 baec
1714 1111 2063 1175 credulitas
2111 1121 2287 1176 tanto
2334 1116 2734 1192 percutiebat
2780 1118 3121 1178 homines

493 1198 746 1270 timore,
788 1206 860 1259 ut
904 1198 1021 1274 ipsi
1068 1200 1292 1255 verum
1332 1192 1620 1254 morbum
1671 1192 2147 1255 contraherent.
2191 1228 2269 1239 —
2312 1193 2370 1256 V.
2405 1195 2634 1272 Feller,
2688 1195 3123 1259 catechismo

483 1276 770 1356 filosofico
799 1297 822 1347 ‚·
864 1310 942 1321 —
984 1274 1253 1345 Mellini,
1294 1272 1737 1336 Institutione-s
1781 1270 2086 1344 Binum,-
2129 1307 2206 1320 —
2250 1274 2574 1351 Muratori,
2636 1276 2817 1340 Delia
2881 1277 3125 1357 forza

488 1356 978 1435 deiia'faatasia
1019 1370 1269 1417 umam.

652 1438 708 1499 4.
753 1436 1060 1499 monitum
1105 1433 1414 1497 Gousset:
1462 1458 1484 1488 ι
1533 1431 1856 1510 Riguardo
1892 1432 2020 1494 alle
2065 1449 2342 1511 persone
2390 1436 2509 1498 che
2576 1436 2777 1499 fanno
2838 1439 2972 1499 atti
3018 1435 3107 1497 di

494 1519 963 1597 superstizione
1008 1532 1119 1594 per
1166 1518 1510 1594 ignoranza
1558 1531 1594 1575 o
1637 1510 2018 1591 semplicita‚
2063 1513 2104 1574 il
2152 1514 2519 1577 confessore
2588 1516 2646 1579 le
2710 1519 2993 1581 istruira
3076 1530 3161 1577 e·

289 1590 296 1599 “
403 1630 410 1637 »
499 1596 559 1659 le
596 1598 866 1659 indurra
908 1613 937 1658 a
987 1598 1360 1660 rinunziare
1403 1595 1478 1656 ad
1527 1595 1677 1671 ogni
1725 1595 1963 1671 pratica
1999 1597 2469 1672 superstiziosa.
2507 1597 2762 1661 Evitera
2802 1599 3115 1661 tuttavia

495 1693 609 1757 per
657 1679 1003 1758 prudenza,
1048 1676 1109 1738 di
1159 1686 1384 1737 notare
1428 1676 1492 1736 di
1527 1683 1801 1753 peccato
1842 1674 2114 1745 mortale
2162 1675 2213 1736 la
2265 1677 2389 1738 tale
2433 1693 2467 1738 e
2538 1677 2810 1741 tal'altra
2880 1694 3120 1741 osser·

493 1774 716 1834 vanza,
760 1774 795 1819 e
842 1758 903 1819 di
952 1757 1105 1819 farsi
1154 1763 1543 1835 premettere
1587 1754 1705 1816 che
1734 1755 1792 1815 vi
1841 1757 2372 1832 rinunzieranno‚
2415 1773 2484 1820 se
2529 1773 2656 1821 non
2707 1760 2782 1821 ha
2830 1767 3117 1822 motivo

494 1838 555 1903 di
596 1855 856 1917 sperare
903 1837 1323 1900 l'esecuzione
1364 1836 1431 1897 di
1476 1842 1697 1915 questa
1746 1850 2089 1913 promessa.
2136 1834 2573 1912 Inutilmente,
2626 1855 2679 1918 p.
2726 1857 2803 1913 e.,
2845 1842 2900 1915 si
2948 1848 3113 1903 ten—

496 1919 760 1982 terebbe
805 1918 867 1979 di
913 1917 1318 1997 disti-uggere
1363 1915 1408 1977 il
1442 1913 1841 1995 pregiudizio
1885 1918 2340 1995 superstizioso
2384 1917 2447 1979 di
2496 1927 2670 1981 certe
2707 1919 2929 1981 donne
2968 1919 3119 1981 che

492 2000 657 2079 dopo
705 1999 751 2060 il
795 2008 975 2079 parto
1021 2015 1147 2060 non
1191 1997 1491 2074 vogliono
1528 1997 1993 2058 incominciare
2028 1997 2102 2058 ad
2138 1998 2379 2059 andare
2410 2014 2442 2060 a
2473 1997 2671 2063 Messa
2706 2002 2770 2062 in
2800 1999 3117 2064 venerdi

496 2097 533 2142 o
572 2082 689 2142 che
735 2096 862 2142 non
908 2079 1206 2157 vogliono
1251 2077 1430 2139 filare
1477 2079 1558 2137 ne
1605 2075 1740 2138 fare
1781 2076 1822 2136 il
1862 2077 2090 2139 bucato
2135 2079 2201 2139 in
2247 2080 2407 2140 certi
2474 2081 2707 2160 giomi,
2774 2080 3119 2143 temendo

496 2176 631 2222 non
677 2161 906 2222 accada
957 2159 1092 2220 loro
1137 2158 1405 2238 qualche
1450 2157 1804 2236 disgrazia:
1887 2157 1989 2218 uis
2034 2157 2421 2238 infirmatur,
2462 2168 2525 2222 et
2565 2178 2671 2239 eqo
2712 2177 2835 2223 non
2902 2161 3114 2242 infir-

491 2246 680 2303 mor?
707 2265 848 2381 »¹-
885 2239 955 2301 V.
984 2238 1217 2302 civiaci
1250 2237 1607 2310 Cattolica;
1653 2252 1775 2299 ser.
1822 2238 1850 2298 1
1887 2282 1902 2312 ,
1953 2245 1987 2297 t.
2035 2255 2095 2314 x,
2137 2248 2202 2301 et
2231 2239 2450 2305 xrz'La
2471 2242 2934 2321 superstizione
2989 2248 3119 2304 tra

444 2371 448 2381 .
496 2322 519 2383 i
560 2329 733 2384 catto
763 2322 870 2382 ici.
1726 2362 1735 2373 .
2703 2359 2707 2362 >

575 2401 665 2462 Ad
714 2417 847 2464 rem
891 2401 1085 2463 etiam
1147 2398 1547 2473 Frassinetti‚
1599 2396 1963 2476 Compendio
2026 2413 2175 2472 ecc.,
2244 2407 2391 2461 nota
2436 2398 2543 2463 30:
2603 2426 2631 2455 α
2680 2400 2810 2465 Etsi
2857 2418 3111 2481 super—

494 2482 771 2544 stitionis
837 2488 1086 2559 peccata
1135 2480 1216 2542 de
1275 2495 1343 2541 se
1406 2476 1699 2541 mortalia
1767 2478 1916 2552 sint,
1979 2485 2195 2540 tamen
2262 2479 2325 2541 in
2393 2481 2602 2559 praxi·
2638 2496 2767 2544 non
2824 2499 3117 2562 semper

497 2562 582 2624 ita
630 2573 780 2624 sunt
818 2559 1165 2639 ⁴iudicanda
1213 2560 1291 2622 ob
1327 2575 1547 2623 eorum
1595 2558 2053 2620 conscientiam
2099 2559 2203 2638 qui
2250 2574 2322 2621 ea
2371 2569 2777 2640 perpetrant:
2823 2578 3115 2642 semper·

495 2643 795 2705 mortalia
820 2651 990 2713 sunt,
1029 2642 1080 2725 si
1120 2656 1420 2720 expresse
1463 2637 1714 2701 daemon
1761 2641 2096 2700 invocetur
2138 2638 2234 2700 vel
2285 2639 2454 2702 adsit
2498 2642 2883 2705 manifestus
2928 2644 3110 2707 abu-

497 2739 605 2785 sus
652 2737 1009 2796 sacrorum,
1057 2731 1206 2784 tunc
1251 2724 1421 2783 enim
1468 2719 1661 2782 etiam
1708 2716 2004 2781 rudiores
2048 2727 2113 2780 et
2156 2720 2635 2796 ignorantiores
2679 2726 2972 2802 graviter
3024 2744 3117 2788 se

451 2808 454 2813 “
498 2801 887 2884 delinquere
932 2809 1342 2881 cognoscunt.
1385 2799 1622 2864 Verum
1668 2800 1719 2859 si
1767 2807 1992 2877 agatur
2035 2799 2114 2860 de
2158 2799 2304 2861 aliis
2374 2799 2973 2880 superstitionibuS,
3028 2816 3117 2869 ut

497 2894 669 2946 esset
711 2883 978 2955 credere
1024 2882 1304 2944 nefastos
1348 2889 1558 2942 certos
1603 2879 1763 2954 diez
1810 2881 1871 2940 in
1919 2879 2150 2958 quibus
2196 2881 2497 2959 proinde·
2532 2882 2626 2943 nil
2671 2885 3109 2962 tentandum,

496 2963 791 3027 divinare
835 2964 984 3043 quid
1033 2964 1111 3025 de
1156 2962 1370 3040 aliquo
1418 2959 1704 3022 futurum
1748 2960 1876 3021 erit
1919 2974 1999 3021 ex
2042 2975 2343 3023 mannum
2391 2964 2820 3041 inspection03
2891 2965 3113 3029 fidem

496 3048 704 3106 omnis
747 3044 1057 3108 adhibere
1103 3058 1216 3121 pro
1263 3055 1677 3104 numerorum
1723 3044 2086 3115 sortitione,
2151 3056 2378 3123 curare
2444 3043 2856 3108 infirmitates
2934 3061 3114 3108 non-

502 3125 704 3187 nullis
739 3128 939 3203 signis
982 3131 1094 3187 aut
1134 3125 1452 3184 mensuris
1495 3129 1560 3183 et
1604 3118 1865 3195 similia,
1908 3136 2050 3199 quae
2096 3120 2342 3184 fructus
2385 3133 2537 3186 sunt
2599 3125 2871 3204 stupidae
2938 3126 3118 3191 edu·

496 3207 768 3267 cationis
812 3220 1068 3269 cumqsu
1122 3208 1223 3265 ina
1270 3200 1657 3281 ignorantia,
1702 3199 1892 3263 rudes
1936 3208 2001 3262 et
2045 3200 2260 3264 idiotae
2297 3204 2405 3282 qui
2452 3203 2601 3265 talia
2638 3215 2978 3286 usurpant,
3015 3223 3119 3273 ne

497 3288 909 3363 suspicantur
951 3285 1056 3364 qui
1113 3300 1212 3347 em
1257 3299 1325 3345 se
1369 3279 1729 3344 mortaliter
1775 3296 2075 3360 peccare5
2113 3283 2238 3344 imo
2282 3284 2400 3346 etsi
2447 3285 2590 3364 quis
2618 3286 2816 3349 vellet
2849 3288 2977 3348 hoc
3022 3289 3115 3350 il-

498 3363 594 3427 los
638 3364 932 3439 edocere,
980 3363 1334 3426 nullimode
1398 3362 1761 3424 crederent.
1833 3359 2058 3423 Sciunt
2123 3362 2186 3424 id
2236 3361 2361 3424 non
2412 3374 2584 3426 recte
2632 3367 2794 3444 fieri,
2836 3375 2905 3429 et
2972 3368 3114 3431 ali-

416 3474 420 3479 ·
498 3444 753 3523 quando
818 3461 885 3507 se
931 3451 1251 3517 accusant,
1295 3442 1403 3505 sed
1452 3440 1680 3504 eodem
1728 3449 2011 3520 tempore
2058 3441 2215 3505 illud
2267 3453 2339 3506 ut
2386 3443 2779 3510 levissimum
2843 3447 3109 3513 malum

498 3523 767 3597 babent3
814 3526 942 3586 imo
985 3525 1168 3587 multi
1217 3523 1504 3593 absolute
1548 3522 1843 3584 convinci
1894 3533 2221 3599 nequeunt
2252 3523 2331 3585 de
2370 3534 2650 3603 peccato,
2689 3528 2840 3590 ideo
2877 3528 3112 3609 magis

498 3606 550 3667 si
597 3605 676 3666 ob
711 3606 989 3684 aliquem
1036 3605 1365 3667 fortuitum
1414 3618 1625 3666 casum
1664 3603 1955 3664 evenerit
2000 3602 2191 3680 quod,
2242 3613 2385 3683 post
2445 3607 2759 3670 stultitias
2806 3607 2979 3671 illas·
3037 3618 3117 3673 et

496 3701 695 3748 vanas
738 3686 1220 3757 observantias;
1262 3684 1666 3746 obtinuerint
1710 3680 1878 3762 quod
1925 3684 2041 3760 ipsi
2092 3682 2538 3749 intendebant.

579 3790 602 3821 ι
660 3765 807 3829 ideo
850 3764 1277 3827 confessarius
1323 3764 1624 3842 prudens,
1658 3764 1931 3839 inghisce
1961 3762 2234 3840 casibus,
2262 3765 2583 3829 videatne
2609 3776 2870 3830 moneat
2896 3772 3115 3847 poeni-

501 3856 739 3911 tentem
784 3845 864 3908 de
908 3854 1166 3925 peccato
1210 3845 1499 3919 mortali3
1543 3841 1708 3923 quod
1754 3841 2015 3922 quidem
2062 3849 2158 3907 vei
2193 3861 2321 3908 non
2354 3848 2664 3922 creditur,
2695 3847 2796 3908 vel
2850 3851 2902 3909 si
2951 3865 3105 3913 cre·

498 3927 674 3992 ditur
720 3942 844 3989 non
894 3926 1236 4004 impediret
1280 3941 1436 3987 nova
1487 3926 1858 3987 tentamina.
1907 3922 2366 4005 Reprehendat
2400 3931 2505 4006 qui
2548 3926 2661 3990 tali
2692 3931 3109 4007 superstioni

499 4009 794 4087 indulget
837 4006 1310 4070 manifestando
1355 4013 1792 4091 contemptum
1837 4019 2024 4082 quem
2074 4010 2205 4087 ipsa
2271 4017 2601 4082 meretur;·
2657 4019 2721 4068 at
2765 4009 2960 4071 simul
3012 4014 3113 4074 vi-

499 4088 648 4152 deat
710 4106 791 4150 ne
847 4087 977 4149 illis
1021 4088 1506 4166 superstitionis
1537 4086 1997 4149 conscientiam
2048 4088 2302 4165 ingerat
2332 4088 2411 4149 de
2449 4086 2737 4165 mortali3
2769 4090 2927 4170 quin
2965 4091 3115 4155 imo

499 4173 563 4229 in
610 4184 683 4230 ea
731 4170 1145 4249 persuasione
1189 4170 1274 4230 sit
1316 4173 1588 4245 oportet,
1632 4161 1801 4243 quod
1849 4162 1942 4228 illi
1991 4169 2057 4230 in
2104 4182 2325 4230 eorum
2375 4169 2739 4246 ignorantia
2788 4172 3109 4248 graviter

493 4263 626 4310 non
674 4250 1061 4328 delinquunt
1104 4264 1314 4311 coram
1364 4248 1509 4310 Deo.
1546 4269 1570 4299 ι
1674 4308 1683 4317 ,
1796 4264 1805 4275 ·

1556 4447 1676 4530 (Q)
1720 4448 1875 4531 Pay.
1919 4451 2018 4513 85.

573 4648 786 4716 m.
831 4656 898 4728 Q.
944 4655 998 4716 1.
1045 4654 1206 4729 Quot
1243 4660 1398 4716 sunt
1434 4653 1850 4719 divinationis
1894 4654 2125 4733 species
2152 4656 2186 4716 7

578 4735 648 4799 R.
691 4734 899 4799 Variae
943 4744 1094 4797 sunt
1136 4734 1554 4796 divinationis
1597 4734 1863 4811 species,
1906 4750 2063 4812 quas
2134 4746 2472 4799 enumerat
2532 4745 2596 4799 et
2681 4739 2949 4804 damnat
3011 4738 3113 4807 Si-

491 4825 641 4881 xtus
683 4815 737 4880 V
771 4814 949 4880 Bulla
999 4813 1150 4879 Goett·
1190 4821 1252 4876 ct
1293 4820 1480 4876 terroe
1523 4813 1700 4890 1586,
1745 4821 1812 4876 et
1856 4813 2150 4878 Urbanus
2192 4814 2350 4893 Vlll,
2399 4816 2577 4880 1631.
