3292 5167
557 196 684 263 122
1559 214 1676 261 un.
1726 214 1789 258 11.
1837 213 2049 258 ratior.
2097 209 2154 256 v.

549 320 699 381 tatis
741 315 1285 379 consideratione:
1327 315 1413 378 aa
1452 332 1543 377 me
1584 315 1791 394 ipsum
1831 314 2050 376 anima
2091 330 2225 379 mea
2266 311 2647 377 conturbata
2700 317 2859 375 est...
2921 326 3144 391 qnare

551 399 758 460 tristis
800 415 883 471 es,
925 397 1140 457 anima
1181 412 1315 458 mea
1333 398 1425 457 7...
1469 412 1652 474 spera
1694 396 1762 458 in
1805 394 1925 456 Deo
1967 394 2156 474 (Psal.
2201 394 2355 472 xm).
2398 393 2561 456 Hinc
2604 392 2927 456 secundus
2973 390 3143 453 effe·

551 488 689 540 ctus
731 486 828 538 est
869 476 1224 555 spiritualis
1269 475 1512 550 laetitia,
1554 491 1698 555 quae
1742 486 1969 554 sponte
2012 475 2344 552 consurgit
2384 490 2462 536 ex
2520 472 2941 536 meditatione
3014 470 3143 533 bo-

553 559 772 620 nitatis
815 557 970 618 Dei:
1007 572 1233 621 memor
1273 555 1375 635 sni
1421 555 1549 631 Dei,
1587 564 1654 618 et
1693 555 2036 617 delectatas
2079 571 2219 616 sam
2258 553 2449 633 (Psal.
2503 554 2753 634 mxxvi).

627 636 832 698 188.
875 638 942 710 Q.
985 636 1042 698 3.
1087 634 1378 710 Qaoenam
1419 636 1656 699 devotio
1699 638 1935 715 spuria,
1977 640 2040 697 et
2081 652 2215 714 quoe
2256 650 2402 696 vera
2430 635 2462 697 ‘t’

625 716 695 778 R.
741 716 829 777 Ad
879 717 944 779 1:
989 716 1200 789 Quoad
1250 717 1654 779 devotionem
1699 717 1985 795 spuriam
2053 714 2411 777 audiendus
2479 710 2679 792 Stapl,
2741 712 2774 792 5
2838 709 2951 772 55:
3009 708 3148 772 Er·

543 804 655 861 rat
692 797 889 876 siquis
937 805 1132 860 totum
1172 798 1433 860 virtutis
1477 797 1788 876 neqotium
1831 797 1982 859 solis
2024 795 2488 875 affectiuncalis
2551 792 2904 872 consectum
2947 788 3152 853 arbi·

547 885 852 953 traretnr,
897 883 1162 956 tempore
1202 877 1511 940 orationis
1552 877 1795 939 easdem
1836 878 1919 949 vi,
1952 877 2176 939 aliisve
2218 876 2451 954 ineptis
2511 874 2729 936 niediis
2794 873 2961 933 ciere
3002 869 3147 933 vel·

548 958 650 1033 let,
692 965 879 1036 atque
919 956 1032 1020 ubi
1072 964 1334 1020 conatus
1377 959 1493 1021 iste
1536 975 1658 1020 non
1692 975 1769 1019 em
1804 965 1940 1020 voto
1983 957 2278 1032 succedit,
2323 956 2533 1017 tristis
2576 962 2639 1016 et
2697 955 2979 1031 dejectus
3049 948 3147 1013 ab

545 1042 688 1117 ipsa
729 1039 1009 1100 oratione
1050 1038 1395 1101 desisteret.
1436 1038 1970 1117 Neque-exempla
2012 1036 2258 1111 desunt,
2301 1044 2601 1099 naturam
2643 1032 3153 1096 hisce'suavita-

548 1116 716 1180 tibus
761 1119 1102 1181 inescatam
1147 1117 1228 1179 ad
1272 1120 1442 1196 ipsas
1486 1119 1704 1182 carnis
1746 1118 2093 1197 spurcitias
2133 1117 2491 1197 proniorem
2545 1116 2834 1190 evasisse,
2900 1112 3027 1203 ita·
3068 1119 3156 1174 nt

545 1199 777 1259 misera
819 1199 1135 1273 navicula,
1176 1200 1431 1261 ductore
1472 1197 1681 1262 sobrio
1725 1194 2049 1271 destituta,
2081 1205 2269 1277 atque
2311 1200 2511 1259 ventis
2542 1196 2827 1258 secundis
2856 1195 3152 1254 nimium

543 1277 736 1355 fidens
774 1279 1082 1356 pudendis
1124 1279 1397 1357 seopulis
1443 1280 1888 1358 impelleretur.
1934 1276 2224 1340 Scilicet:
2269 1279 2396 1340 nisi
2454 1278 2778 1339 sincerum
2842 1282 2944 1335 est
2999 1287 3151 1346 vas,

546 1358 972 1438 quodcunque
1037 1358 1349 1434 infundiS,
1392 1364 1645 1422 acescit.
1712 1359 2072 1423 Praesertim
2132 1360 2204 1419 de
2268 1357 2403 1420 illis
2465 1354 2935 1437 affectiuncalis
3006 1351 3151 1414 hoec

544 1436 846 1514 obtinent,
889 1456 1022 1518 quoe
1064 1456 1187 1500 non
1232 1448 1360 1503 tam
1402 1456 1480 1501 em
1521 1440 1759 1519 qratia,
1802 1456 1987 1519 quam
2028 1439 2236 1518 potius
2292 1454 2373 1500 ex
2435 1437 2620 1517 facili
2681 1443 2745 1498 et
2804 1433 3151 1495 mollicula

543 1525 785 1580 natura
830 1519 1221 1597 proveniunt.
1274 1519 1440 1599 Unde
1481 1519 1769 1599 soeminas
1813 1527 1917 1581 sat
1958 1520 2192 1581 multas
2237 1519 2548 1593 invenies,
2596 1533 2750 1596 quoe,
2792 1522 3149 1593 atcumque

541 1612 729 1661 sensu
768 1600 1109 1662 devotionis
1151 1603 1475 1663 exundare
1517 1600 1876 1674 videantur,
1922 1598 2125 1661 solida
2171 1607 2378 1662 tamen
2413 1600 2649 1662 virtute
2677 1604 2753 1659 ut
2778 1595 3147 1675 plurimum

541 1686 822 1742 careant.
871 1678 1034 1741 Sunt
1074 1697 1284 1758 pronoe
1324 1680 1406 1742 ad
1449 1682 1731 1759 suspiria
1771 1687 1834 1742 et
1876 1681 2187 1759 lacrymas
2236 1694 2371 1758 prae
2432 1678 2637 1741 cordis
2704 1674 3146 1739 teneritudine

541 1761 914 1836 fundendas,
955 1762 1193 1822 multas
1236 1761 1509 1841 quotidie
1549 1778 1760 1840 preces
1802 1761 2095 1834 recitant,
2130 1762 2464 1838 saepissime
2497 1759 2663 1821 Pane
2704 1757 3143 1845 anqelicore·

541 1840 648 1917 fici
691 1839 1006 1916 ambiunt,
1053 1847 1190 1917 etc.,
1238 1850 1342 1903 ast
1383 1842 1545 1902 domi
1588 1859 1714 1903 snoe
1743 1842 2143 1902 contentiosa·
2173 1847 2343 1915 sunt,
2374 1842 2551 1903 durae
2583 1839 2870 1913 cervicis,
2900 1836 3148 1911 lividas,

546 1922 1018 1984 criminatrices
1085 1928 1148 1983 et
1210 1922 1278 1982 in
1319 1921 1602 1985 omnibus
1664 1918 1790 1985 sibi
1853 1922 1954 1983 lar
2000 1921 2123 1983 iter
2186 1920 2530 2000 indulqent.
2593 1919 2809 1998 Neque
2874 1925 3146 1981 tantum

547 2000 866 2077 foeminas,
913 2000 1020 2062 sed
1072 2009 1137 2063 et
1179 2004 1354 2063 viros
1398 2002 1713 2072 invenies,
1758 2003 1865 2080 qui
1912 2002 1928 2061 i
1982 2017 2120 2063 eam
2168 2001 2581 2079 perfectionis
2619 2000 2924 2062 ad'suum
2964 1998 3149 2075 quis·

542 2096 666 2158 que
711 2084 968 2159 genium
1018 2082 1516 2158 accommodant,
1559 2098 1702 2143 cum
1750 2083 2012 2143 interim
2060 2083 2126 2142 in
2170 2081 2563 2160 exequendis
2602 2082 2732 2143 suis
2768 2078 2994 2139 officiis
3030 2076 3148 2138 de·

544 2160 739 2236 sideS,
782 2166 849 2223 in
897 2178 1088 2224 sensu
1134 2179 1247 2223 suo
1295 2162 1722 2236 abundantes,
1763 2164 2151 2241 pervicaces,
2196 2163 2617 2240 imcompositi
2684 2158 2883 2221 'nvidi
2930 2166 3142 2236 atque

545 2240 886 2303 infrenatae
933 2241 1168 2320 linguae
1214 2259 1355 2304 esse
1400 2243 1667 2305 soleant.
1711 2243 1894 2304 Tales
1938 2241 2215 2319 (iterum
2245 2239 2446 2320 Stapf,
2489 2241 2523 2322 5
2582 2178 2729 2319 ὃΐῶ
2778 2254 2906 2301 non
2973 2237 3137 2298 soli-

546 2320 690 2382 dam
741 2324 1065 2401 pietatem,
1108 2321 1216 2383 sed
1263 2324 1519 2385 inanem
1566 2323 1741 2385 illius
1785 2322 2073 2385 umbram
2122 2330 2514 2400 sequnntur;
2578 2337 2697 2382 nec
2760 2322 3001 2380 mirum
3074 2320 3135 2380 si

541 2402 799 2463 eosdem
845 2403 952 2480 qui
1001 2402 1118 2464 sibi
1165 2402 1242 2463 ad
1292 2405 1549 2465 tertium
1596 2403 1827 2466 coelum
1873 2402 2102 2464 sublati
2164 2402 2568 2476 videbantur,
2615 2404 2958 2479 ingruente
2988 2410 3145 2476 gra·

540 2482 707 2544 viori
753 2484 1128 2560 tentatione,
1173 2482 1659 2546 lacrimabiliter
1704 2499 2006 2546 corruere
2050 2492 2115 2544 et
2161 2498 2285 2545 imo
2348 2482 2738 2562 praecipitari
2803 2479 3138 2557 conspici·

542 2576 703 2625 mus.
748 2562 874 2623 Hos
916 2561 1182 2641 Segneri
1229 2580 1358 2624 non
1404 2565 1531 2625 alio
1576 2580 1768 2626 sensu
1810 2562 2178 2642 spirituales
2234 2563 2561 2642 appellare
2626 2576 2809 2640 posse
2873 2558 3142 2631 scribit,

540 2656 728 2721 quam
776 2645 943 2721 quod
988 2644 1428 2721 spiritualibus
1472 2646 1648 2705 vitiis
1691 2645 2127 2719 detineantur,
2171 2659 2401 2722 nempe
2431 2641 2822 2721 vanegloria,
2858 2641 3134 2702 iracun-

543 2723 647 2784 dia
693 2732 758 2785 et
804 2723 1046 2785 invidia
1110 2722 1384 2802 (Manna
1445 2725 1841 2801 dell’anima,¹
1878 2724 1912 2786 7
1972 2722 2183 2803 teba).
2252 2723 2531 2805 Videant
2593 2721 2972 2784 confessarii
3046 2735 3141 2782 ne

538 2818 765 2865 eornm
810 2803 1039 2882 agendi
1088 2806 1335 2866 ratione
1380 2807 1546 2869 banc
1592 2805 1815 2867 falsam
1861 2803 2267 2866 devotionem
2317 2808 2381 2866 in
2453 2806 2585 2865 suis
2655 2799 3141 2881 paenitentibus

540 2883 989 2962 quoquomodo
1035 2882 1309 2946 foveant.
1353 2918 1430 2930 —
1484 2885 1546 2948 V.
1590 2884 1786 2961 Sales,
1829 2884 2095 2960 Filotea,
2134 2890 2190 2948 c.
2237 2904 2255 2947 ι
2271 2903 2290 2959 ;
2334 2882 2884 2955 -Castelvetere,
2917 2879 3139 2944 mret-

542 2966 702 3028 torio
745 2964 1008 3035 mistico,
1054 2964 1093 3024 l.
1138 2981 1206 3040 11,
1237 2982 1287 3026 c.
1330 2965 1387 3026 ὅ.
2908 2993 2913 2998 -

617 3044 685 3105 R.
732 3043 822 3106 Ad
867 3045 943 3106 2:
991 3044 1275 3106 indolem
1305 3062 1464 3107 veroe
1507 3044 1866 3107 devotionis
1896 3042 2206 3106 describit
2233 3041 2513 3107 Salesius
2543 3042 2611 3123 (l.
2651 3060 2748 3119 ιιι,
2774 3039 3137 3119 Lett.16³):

551 3149 573 3177 ι
616 3124 732 3186 Voi
781 3140 907 3185 non
954 3123 1088 3185 solo
1131 3125 1360 3186 dovete
1403 3142 1616 3187 essere
1662 3125 1871 3187 divota
1918 3140 1955 3186 e
1998 3140 2174 3187 amar
2220 3125 2276 3187 la
2321 3125 2696 3197 divozione3
2738 3139 2836 3184 ma
2885 3120 3138 3185 dovete

537 3203 837 3267 renderla
882 3204 1174 3280 amabile,
1217 3206 1375 3268 utile
1418 3223 1453 3268 e
1496 3206 1744 3284 gradita
1789 3205 1868 3266 ad
1913 3218 2209 3283 ognuno;
2247 3204 2334 3284 gli
2381 3205 2641 3267 infermi
2673 3216 3026 3265 ameranno
3069 3201 3136 3265 la

534 3294 747 3347 vostra
792 3284 1148 3357 divozione‚
1196 3302 1263 3347 se
1308 3302 1585 3348 saratino
1630 3286 1707 3347 da
1751 3288 1853 3347 voi
1901 3300 2019 3347 con
2064 3289 2261 3348 carita
2307 3286 2648 3357 consolati3
2688 3284 2743 3345 la
2794 3292 3006 3344 vostra
3040 3281 3133 3344 fa·

536 3365 753 3444 miglia
804 3364 1079 3439 l’amera‚
1123 3382 1189 3427 se
1235 3367 1293 3427 vi
1338 3364 1680 3429 conoscera
1725 3368 1834 3445 piu
1875 3375 2117 3428 attenta
2150 3367 2209 3427 31
2254 3383 2368 3428 suo
2404 3367 2586 3438 bene,
2639 3365 2745 3442 piu
2789 3362 2973 3424 dolce
3005 3362 3133 3424 nel

535 3447 873 3523 maneggio
915 3445 1084 3523 degli
1130 3446 1331 3521 affari,
1376 3446 1482 3524 pii)
1518 3463 1806 3509 amorosa
1841 3448 1942 3509 nel
1987 3446 2409 3525 riprendere;
2453 3446 2583 3507 cosi
2632 3444 2675 3505 il
2722 3453 2935 3505 vostro
2984 3457 3132 3505 ma-

537 3524 683 3591 rito,
721 3540 786 3585 se
831 3524 1025 3587 vedra
1082 3526 1200 3588 clie
1244 3543 1274 3587 3
1322 3529 1556 3589 misura
1605 3528 1724 3589 che
1768 3543 1982 3589 cresce
2021 3528 2074 3589 la
2124 3536 2331 3589 vostra
2379 3528 2734 3600 divozione,
2777 3526 2937 3585 siete
3007 3524 3137 3601 pin

537 3603 820 3666 cordiale
858 3619 1040 3667 verso
1085 3607 1148 3667 di
1195 3605 1283 3667 lui
1328 3623 1363 3668 e
1410 3608 1514 3686 piu
1558 3610 1748 3669 soave
1792 3607 2194 3681 nell’amore;
2236 3605 2368 3670 cosi
2416 3610 2431 3668 i
2481 3607 2676 3668 vostri
2735 3605 2990 3684 parenti
3041 3604 3133 3666 ed

535 3687 747 3759 amici,
795 3703 862 3746 se
910 3689 972 3747 in
1019 3693 1114 3747 voi
1164 3687 1573 3750 rileveranno
1617 3692 1942 3765 maggiore
1966 3689 2291 3763 sincerae,
2324 3688 2426 3767 piu
2475 3689 2773 3767 pazienza
2819 3702 2855 3747 e
2899 3683 3137 3746 condi·

534 3766 891 3829 scendenza
939 3765 1064 3828 alle
1110 3769 1364 3830 volonta
1412 3768 1566 3840 loro,
1616 3782 1743 3828 non
1791 3770 2113 3830 contrarie
2179 3772 2329 3847 pero
2394 3784 2424 3829 a
2483 3765 2693 3848 quella
2750 3765 2812 3827 di
2862 3765 2998 3826 Dio,
3053 3763 3133 3827 In

533 3862 660 3909 una
704 3845 916 3925 parola
964 3847 1251 3926 bisogna,
1295 3864 1405 3926 per
1450 3855 1690 3926 quanto
1734 3850 1769 3909 e
1816 3850 2134 3926 possibile,
2193 3849 2466 3913 rendere
2532 3850 2588 3911 la
2656 3856 2869 3909 vostra
2934 3844 3131 3911 divo-

535 3931 723 3989 zione
766 3928 1115 4001 attrattiva,
1152 3931 1458 4007 graziosa,
1506 3927 1894 4006 obbligante.
1923 3951 1947 3982 o
2850 3962 2853 3965 Δ

613 4006 851 4070 Iterum
895 4006 1211 4070 Salesius:
1270 4032 1292 4062 ι
1334 4007 1415 4070 Se
1481 4023 1605 4069 non
1653 4007 1969 4085 vogliamo
2033 4024 2247 4071 essere
2291 4010 2480 4082 santi,
2544 4008 2661 4070 che
2726 4004 3008 4069 secondo
3062 4005 3130 4069 la

534 4091 791 4165 propria
838 4088 1118 4163 volonta,
1162 4104 1290 4150 non
1339 4087 1397 4150 lo
1442 4104 1689 4150 saremo
1734 4092 1890 4164 mai3
1953 4090 2224 4152 convien
2268 4089 2509 4152 esserlo
2573 4087 2850 4150 secondo
2893 4084 3128 4164 quella

536 4165 598 4227 di
644 4167 780 4242 Die,
823 4185 857 4228 e
921 4168 1229 4231 adattarci
1295 4168 1358 4230 di
1435 4170 1600 4230 buon
1643 4169 1843 4247 grado
1913 4186 1945 4232 a
1992 4178 2228 4249 quanto
2276 4169 2342 4231 'la
2407 4185 2664 4249 propria
2729 4166 3131 4229 condizioue

535 4246 729 4335 esige,
772 4264 960 4312 senza
999 4250 1176 4310 voler
1220 4249 1524 4327 pinttosto
1569 4251 1882 4313 attenerci
1925 4250 2048 4312 alle
2092 4251 2379 4329 praticbe
2423 4266 2459 4311 o
2518 4249 2717 4312 mezzi
2788 4247 2852 4310 di
2899 4246 3128 4326 perfe-

536 4341 719 4388 zione
762 4328 880 4389 cbe
921 4331 976 4390 ci
1023 4330 1359 4392 sembrano
1417 4329 1721 4408 migliori,
1770 4347 1806 4392 e
1848 4347 2036 4393 senza
2101 4329 2278 4392 voler
2321 4332 2533 4393 uscire
2597 4328 2772 4392 dallo
2814 4335 2982 4389 stato
3050 4330 3125 4390 in

535 4407 637 4491 cui
682 4407 881 4468 siamo
924 4406 1260 4483 collocati3
1303 4409 1778 4472 conciossiache
1808 4414 1953 4490 ogni
1988 4428 2105 4490 ape
2148 4410 2308 4472 deve
2355 4412 2644 4473 lavorare
2688 4408 2733 4471 ii
2772 4407 2965 4471 miele
3004 4408 3125 4471 nel

535 4502 649 4548 suo
693 4486 945 4548 alveare
989 4504 1023 4547 e
1067 4490 1164 4550 coi
1212 4490 1352 4551 fiori
1391 4490 1507 4552 che
1552 4492 1615 4552 vi
1646 4506 1924 4582 qascono
1969 4493 2309 4553 d'intorno.
2352 4516 2376 4545 ι
2433 4491 2595 4553 Hinc
2640 4488 2798 4553 illud
2846 4489 2908 4551 d.
2960 4488 3121 4551 Ber·

533 4566 744 4657 nardi,
792 4583 1162 4640 communia,
1228 4570 1331 4631 scd
1372 4578 1795 4639 communiter.
1841 4570 2075 4633 lterum
2111 4570 2428 4634 salesius:
2472 4573 2601 4633 «La
2650 4578 2860 4632 vostra
2929 4569 3119 4633 divo·

536 4662 718 4708 zione
765 4662 887 4707 non
927 4650 1014 4707 sia
1063 4649 1304 4725 nojosa,
1343 4651 1702 4727 spiacevole
1745 4668 1780 4711 e
1825 4650 2086 4713 molesta
2135 4669 2166 4712 a
2216 4668 2499 4725 verun03
2568 4667 2681 4712 ma.
2717 4651 3116 4713 condiscen-
