3292 5167
1258 247 1336 291 ns:
1381 235 1733 293 JunAusNro
2037 291 2041 296 ,
2717 227 2812 296 59

365 349 430 415 2.
483 348 596 415 Ex
645 347 966 416 Patribus:
1014 366 1222 416 unum
1273 349 1670 436 proferimus
1717 350 2182 435 Augustinum,
2222 348 2333 435 qui
2385 350 2654 420 scribit:
2699 354 2822 419 In-

202 456 477 525 uenimus
516 456 784 541 Jurasse
828 456 1099 538 Sanctus,
1136 457 1393 541 jurasse
1432 457 1729 543 primitus
1775 458 1981 543 ipsum
2028 458 2385 540 Dominum,
2419 458 2486 524 in
2516 476 2637 542 quo
2682 479 2812 527 non

206 576 281 633 aa
323 562 603 629 omnino
641 572 962 647 peccatum
976 586 1002 640 ;
1044 582 1173 629 non
1218 582 1365 649 erqo
1410 575 1497 629 est
1537 574 1858 649 peccatum
1892 564 2118 652 jurare
2153 571 2173 613 ¹
2203 616 2215 629 .

370 670 435 735 3.
489 670 598 735 Ex
643 669 924 735 ratione:
976 686 1125 736 nam
1175 669 1315 754 ipsa
1364 668 1676 753 dictante,
1724 676 1911 737 actus
1962 669 2069 737 ille
2118 671 2336 738 honus
2409 678 2511 738 est
2573 678 2654 739 et·
2686 673 2816 740 ho-

208 782 454 856 nestuS,
513 774 633 860 qui
692 776 904 842 Deum
975 775 1257 844 maxime
1326 775 1634 857 honorat,
1715 783 1781 844 et
1848 776 1993 862 ejus
2057 777 2370 845 attributa
2441 783 2816 847 veneratur.

211 879 397 966 Atqui
450 881 591 949 tale
642 888 745 948 est
805 880 1251 965 juramentum
1269 907 1287 962 3
1338 882 1403 949 in
1454 898 1745 967 quonam
1793 882 1966 950 enim
2018 881 2159 967 ejus
2209 890 2438 950 natura
2485 884 2608 950 sita
2658 865 2818 952 est?

211 988 279 1053 ln
307 983 459 1066 boc,
507 984 696 1079 quod
730 986 906 1061 Deus
939 985 1275 1068 habeatur,
1312 985 1619 1054 credatur
1651 994 1717 1054 et
1742 986 2087 1055 invocetur
2132 987 2225 1054 uti
2275 1006 2529 1055 summa
2547 996 2813 1060 „aeterna

209 1092 464 1160 Veritas
492 1092 566 1159 in
604 1091 1062 1160 testimonium
1096 1091 1373 1177 aliquus
1422 1093 1538 1161 rei.
1580 1091 1766 1161 Unde
1815 1091 2098 1160 dicitur:
2148 1093 2570 1162 laudabuntur
2606 1114 2817 1162 omnes

210 1201 311 1285 qui
348 1201 593 1285 juram
642 1200 711 1268 in
756 1220 825 1266 eo
858 1200 909 1266 ².
958 1200 1190 1268 Merito
1240 1218 1399 1285 ergo
1435 1218 1469 1265 a
1506 1201 1805 1269 Concilio
1846 1203 2336 1269 constantiensi
2376 1201 2678 1269 damnata
2714 1209 2816 1272 est

230 1305 369 1374 haec
416 1306 761 1392 Wiclephi
813 1307 1225 1392 propositio:
1273 1291 1644 1375 Juramenta
1690 1309 1915 1375 illicita
1942 1320 2107 1391 sunt,
2140 1327 2276 1393 quoe
2319 1310 2476 1395 fiunt
2514 1310 2600 1376 ad
2640 1311 2816 1377 robo-

213 1412 446 1480 randos
495 1414 810 1481 humanos
855 1426 1209 1481 contractus
1253 1427 1308 1481 et
1354 1415 1726 1481 commercia
1770 1415 2002 1481 civilia.

297 1522 434 1583 81.
490 1523 569 1600 Q.
611 1523 673 1588 4.
730 1521 1003 1602 Quinam
1034 1521 1262 1607 jurare
1300 1534 1564 1608 possunt
1607 1541 1684 1588 ac
1730 1521 1989 1588 debent?

306 1628 373 1693 R.
424 1624 533 1692 Ad
585 1629 613 1693 1
650 1649 665 1692 ε
716 1627 783 1692 Si
836 1624 918 1694 de
952 1628 1109 1711 Jure
1154 1634 1411 1695 naturae
1462 1645 1682 1695 sermo
1718 1635 1839 1709 est,
1868 1627 2084 1694 omnis
2119 1627 2320 1694 homo
2363 1629 2637 1696 rationis
2673 1647 2818 1713 par-

219 1733 420 1817 ticeps
464 1733 697 1817 jurare
748 1741 1011 1818 potest3
1058 1751 1210 1801 nam
1240 1737 1396 1803 Jure
1467 1742 1721 1802 naturae
1774 1735 2051 1820 quilibet
2100 1729 2368 1802 ratione'
2424 1743 2615 1803 utens
2664 1753 2819 1804 con·
2868 1733 2874 1740 ’

222 1838 486 1907 firmare
561 1847 787 1925 potest
858 1840 1107 1909 dictum
1180 1859 1374 1908 suum
1428 1860 1545 1926 per
1614 1841 2070 1909 testimonium
2145 1841 2412 1927 majoris
2491 1843 2816 1925 Veritatis,

202 1943 461 2032 ‘nempe
514 1948 794 2016 Divinae.
861 1948 927 2015 Si
976 1967 1132 2016 vero
1182 1967 1402 2017 sermo
1453 1956 1554 2017 est
1603 1948 1685 2017 de
1729 1951 1888 2018 Jure
1937 1949 2240 2034 positivo,
2313 1949 2642 2019 ordinarie
2713 1968 2818 2019 re-

224 2056 566 2141 pelluntur
614 2073 651 2122 a
721 2057 1097 2141 juramento
1148 2057 1507 2143 injudicio
1580 2057 1895 2126 ferendo:
1966 2059 2029 2142 1)
2101 2059 2442 2145 impuberes
2514 2060 2599 2127 oh
2647 2058 2823 2128 dete-

226 2172 397 2231 ctum
446 2155 894 2246 maturitatis}
941 2167 1011 2250 2)
1062 2165 1125 2232 in
1182 2183 1380 2233 causa
1437 2166 1757 2234 criminali
1807 2167 1996 2232 etiam
2037 2168 2311 2253 pubereS,
2364 2167 2472 2252 qui
2526 2166 2822 2235 nondum

229 2270 297 2338 ad
342 2279 618 2340 aetatem
656 2290 984 2340 annorum
1044 2273 1270 2359 viginti
1324 2273 1767 2358 pervenerint,
1793 2274 2086 2359 exceptis
2113 2273 2376 2342 casibus
2426 2273 2822 2358 quibusdam

227 2380 654 2464 gravioribus,
707 2379 803 2446 uti
854 2381 908 2456 si
948 2388 1178 2466 agatur
1224 2382 1304 2449 de
1352 2381 1710 2467 aperiendo
1746 2381 2021 2450 crimine
2054 2382 2234 2450 laesae
2285 2381 2670 2466 majestatis,
2716 2381 2819 2448 vel

229 2487 301 2556 de
345 2486 761 2555 revelatione
811 2486 1060 2556 domini
1112 2489 1312 2558 occisi
1350 2496 1417 2569 ³3
1468 2489 1535 2573 3)
1579 2490 1843 2576 perjuri,
1893 2489 2136 2574 quibus
2185 2489 2361 2555 nulla
2410 2487 2572 2556 fides
2606 2488 2653 2556 ⁴.
2706 2490 2824 2557 Ce-

231 2594 340 2662 teri
394 2613 630 2663 omnes
705 2597 1075 2680 generatim·
1141 2596 1475 2683 loquendo
1542 2596 1766 2681 jurare
1838 2604 2138 2681 possunt,
2188 2614 2339 2664 cum
2413 2595 2532 2662 hac
2603 2602 2822 2664 tamen

231 2701 665 2796 advertenti‘a:
718 2702 900 2788 quod
948 2703 1107 2770 olim
1149 2704 1601 2789 Juramentum
1657 2702 1941 2788 simplex
1994 2702 2293 2789 praestari
2332 2708 2596 2790 poterat
2624 2703 2823 2769 etiam

234 2827 343 2893 per
390 2817 926 2894 procuratorem3
978 2822 1153 2878 n'unc
1203 2830 1468 2896 semper
1517 2810 1963 2896 personaliter
2010 2808 2313 2895 praestari
2364 2808 2560 2876 debet
2597 2809 2644 2874 ⁵.

313 2915 649 2985 Diximus:
699 2918 1043 3004 generatim
1090 2918 1423 3003 loquendo;
1475 2917 1829 2986 videndum
1878 2917 2078 2999 enim,
2128 2917 2180 2984 si
2232 2916 2450 2984 adsint
2500 2915 2823 3001 speciales
2927 2913 2936 2922 ’

238 3024 405 3109 leges
456 3023 678 3109 quoad
727 3025 980 3109 aliquas
1031 3042 1347 3109 personas
1398 3025 1654 3093 ratione
1694 3032 1927 3107 status,
1978 3024 2082 3092 cui
2132 3024 2265 3092 sint
2314 3022 2614 3091 addictae.

317 3134 385 3200 R.
432 3130 529 3198 Ad
578 3134 655 3198 2:
707 3129 1121 3216 Regulariter
1192 3140 1382 3216 urget
1430 3131 1747 3217 obligatio
1790 3131 2090 3217 jurandi:
2145 3131 2209 3216 l)
2260 3132 2526 3216 quoties
2601 3129 2666 3197 id
2716 3147 2826 3198 ne-

236 3238 591 3306 cessarium
640 3247 742 3307 est
792 3238 873 3306 ad
920 3238 1444 3308 subveniendum
1507 3238 1854 3324 proximo:
1905 3238 2104 3324 idque
2153 3256 2233 3305 ex
2269 3238 2412 3322 lege
2448 3238 2787 3306 charitatis
2806 3264 2826 3319 3

240 3346 304 3430 2)
348 3346 612 3431 quoties
663 3362 697 3411 a
746 3346 1093 3430 superiore
1142 3346 1432 3431 legitime
1465 3345 1796 3431 exigitur:
1844 3345 1940 3414 sic
1987 3345 2318 3413 ordinarie
2364 3343 2447 3410 ad
2490 3345 2830 3436 Juramen-

246 3458 368 3519 tum
417 3452 803 3537 obligantur
850 3461 990 3521 tum
1028 3454 1141 3535 illi,
1192 3452 1304 3537 qui
1340 3454 1401 3520 in
1434 3443 1646 3537 aliqua
1686 3452 2159 3520 communitate
2208 3452 2639 3537 recipi-untur,
2671 3460 2827 3538 puta

246 3559 535 3644 collegi0‚
587 3566 663 3625 ut
708 3559 797 3625 ita
833 3559 1008 3627 illius
1039 3560 1303 3652 statutis
1353 3558 1755 3626 adamussim
1804 3557 2154 3640 studeant3
2206 3565 2344 3625 tum
2397 3558 2506 3641 illi,
2559 3559 2667 3645 qui
2708 3559 2826 3626 ali-·

247 3683 362 3751 quo
413 3666 686 3751 publico
736 3668 955 3734 officio
1027 3657 1378 3747 donantur,
1455 3668 1547 3732 uti
1621 3665 1953 3752 Episcopi,
2005 3666 2340 3748 Canonici,
2418 3666 2823 3748 Beneficiati,

247 3772 656 3856 confessarii,
706 3773 961 3857 Medici,
1012 3776 1262 3856 TesteS,
1312 3781 1436 3841 etc.
1488 3776 1626 3842 Hoc
1675 3792 1832 3841 sane
1879 3772 2063 3840 valde
2113 3773 2387 3853 confert,
2469 3780 2542 3840 ut
2592 3791 2826 3841 omnes

250 3882 577 3966 proprium
653 3899 893 3950 munus
965 3900 1085 3967 pro
1135 3882 1540 3950 conscientia
1589 3881 2030 3967 adimpleant3
2082 3881 2234 3950 hinc
2306 3880 2675 3967 propositio
2741 3883 2828 3949 75

234 3987 476 4072 ‚synodi
555 3989 1000 4071 pistoriensis,
1048 3989 1115 4056 in
1166 4007 1293 4075 qua
1341 3989 1803 4074 improbantur
1850 3989 1992 4056 haec
2034 3989 2426 4074 juramenta,
2488 3988 2732 4056 merito
2783 4005 2820 4055 a

253 4094 351 4162 Pie
384 4097 498 4163 Vll
550 4094 856 4163 damnata
898 4096 1021 4163 fuit
1057 4090 1106 4163 ⁶.
1897 4099 1906 4107 ’

317 4218 460 4279 82.
508 4221 686 4295 Quod
733 4221 1065 4299 speciatim
1109 4220 1186 4283 ad
1232 4218 1686 4282 ecclesiasticos
1732 4219 2032 4299 pertinet,
2082 4216 2299 4279 clerici
2350 4217 2588 4297 absque
2628 4217 2829 4281 licen·

249 4307 321 4370 tia
372 4301 728 4376 Ordinarii,
791 4302 1080 4380 Episcopi
1139 4301 1376 4380 absque
1444 4300 1700 4363 licentia
1767 4299 1951 4378 Papae
1995 4298 2191 4377 (sicut
2250 4297 2537 4376 religiosi
2587 4299 2834 4379 absque

296 4450 318 4492 ¹
349 4451 512 4504 serm.
548 4459 749 4500 ccxxx.
1742 4442 1766 4483 ¹
1799 4444 1883 4493 Ps.
1921 4453 2045 4492 mxu.

296 4513 318 4554 ⁸
351 4516 402 4566 L.
437 4525 516 4564 xx
550 4514 615 4563 de
646 4510 811 4564 testib.
849 4510 904 4561 L.
940 4522 975 4561 x
1005 4509 1066 4560 de
1095 4513 1254 4574 quest.
1291 4509 1347 4559 Ι..
1382 4513 1478 4558 xiv
1510 4507 1571 4557 dc
1604 4508 1775 4557 Senot.
1812 4516 1947 4555 cons.
1986 4505 2270 4556 Silaniano.

293 4575 316 4616 ὅ
348 4577 461 4628 cod.
495 4587 635 4639 poen.
674 4576 776 4625 art.
812 4574 923 4625 374.
1732 4567 1756 4607 δ
1794 4567 1915 4618 God.
1943 4569 2036 4618 civ.
2072 4569 2169 4617 art.
2208 4568 2346 4618 ¹362.
2382 4591 2446 4604 —
2480 4567 2533 4619 C.
2571 4567 2643 4616 M.
2677 4567 2826 4618 2398.

297 4640 318 4679 ⁸
346 4639 467 4702 [ιρι
498 4638 641 4689 civili
666 4636 883 4700 poenati,
918 4634 1015 4686 art.
1049 4635 1159 4696 233,
1195 4632 1436 4684 officialis
1471 4629 1716 4695 publicus
1748 4631 1838 4694 qui
1876 4640 2071 4681 munus
2101 4640 2262 4680 suum
2293 4634 2505 4680 exercet
2531 4629 2654 4679 ante
2689 4640 2824 4692 prae·

248 4702 409 4754 sutum
438 4701 818 4766 juramentum
855 4697 1156 4748 mulctatur.
