3292 5167
1248 265 1326 311 nn:
1373 264 1822 311 commortuus
2696 243 2821 311 307

227 373 648 434 crementum
697 374 897 453 atque
947 367 1009 435 in
1060 366 1307 436 laboris
1357 366 1730 454 praemium.
1778 366 2235 454 monopolium
2279 382 2435 436 vero
2502 367 2825 452 privatum

222 471 556 541 illicitum·
587 481 689 542 est
736 481 802 542 et
849 474 1170 562 injustum
1220 474 1286 542 in
1337 474 1520 544 bisce
1566 474 1868 543 casibus:

413 578 470 646 l.
520 580 587 648 Si
639 589 966 650 mercator
1012 580 1327 666 impediat
1374 580 1603 650 fraude
1657 580 1760 649 vel
1807 576 2180 664 mendacio,
2245 599 2328 648 ne
2376 579 2520 650 aliae
2570 598 2822 650 merces

225 683 680 769 advehantur‚
732 696 806 756 ut
853 688 997 774 ipse
1036 688 1220 756 solus
1268 706 1526 757 merces
1575 705 1729 756 suas
1772 685 1989 756 carius
2035 686 2471 757 vendaticum
2521 687 2692 774 gravi
2753 693 2820 757 et

225 790 498 878 publico
550 793 810 862 damno.

414 900 476 967 2.
513 900 580 968 Si
619 921 788 970 unus
838 901 935 969 vel
972 901 1161 987 pauci
1212 908 1432 969 emant
1480 918 1735 970 merces
1785 919 2039 984 omnes,
2075 909 2146 968 ut
2185 900 2331 969 illas
2366 901 2564 968 solito
2605 900 2821 969 carius

230 1009 516 1078 vendant
533 1036 552 1092 3
601 1010 700 1077 vel
751 1010 803 1076 si
854 1015 1189 1095 emptores
1238 1007 1631 1078 conveniant
1680 1007 1759 1076 de
1825 1027 1956 1077 non
2029 1007 2302 1076 emenda
2382 1025 2643 1090 merce,
2697 1006 2822 1075 nisi

231 1117 396 1185 infra
450 1117 734 1203 pretium
785 1116 1121 1184 infimum.
1170 1118 1337 1184 Item
1385 1116 1441 1185 si
1488 1116 1866 1186 venditores
1915 1116 2299 1203 conspirent
2349 1117 2523 1183 inter
2577 1133 2689 1198 se,
2751 1120 2823 1184 ut

229 1242 428 1311 supra
478 1223 765 1310 pretium
815 1241 1151 1291 summum
1200 1222 1482 1291 vendant
1500 1250 1519 1305 ;
1569 1242 1787 1309 neque
1837 1223 2011 1292 enim
2075 1222 2479 1308 privatorum
2529 1229 2629 1290 est
2680 1238 2820 1288 mu-

232 1340 371 1401 tare
421 1349 844 1400 communem
884 1349 956 1399 ac
1004 1331 1365 1416 legitimam
1414 1331 1608 1417 pretii
1659 1330 2081 1399 taxationem.
2126 1332 2292 1398 Item
2341 1341 2442 1398 est
2491 1330 2545 1397 si
2581 1329 2660 1397 ad
2693 1329 2821 1398 boc

230 1437 461 1505 falsam
512 1437 813 1504 notitiam
862 1443 1193 1522 spargant,
1242 1456 1299 1504 v,
1350 1454 1432 1522 g.,
1481 1455 1678 1505 naves
1727 1456 1876 1505 esse
1910 1437 2312 1516 submersas,
2351 1436 2499 1521 gelu
2543 1435 2823 1521 periisse

234 1543 491 1625 oliveta,
544 1564 647 1611 res
699 1543 994 1630 publicas
1046 1543 1157 1610 tali
1204 1545 1270 1611 in
1306 1543 1469 1614 ‘loco
1506 1563 1654 1613 esse
1705 1545 1997 1612 turbatas
2048 1550 2113 1612 et
2162 1543 2403 1610 similia
2453 1541 2815 1626 mendacia,

232 1660 303 1718 ut
336 1652 431 1719 sic
466 1651 712 1738 publici
763 1670 1003 1719 census
1037 1650 1440 1720 descendant
1482 1651 1708 1737 (vulgo
1740 1651 1918 1738 fondi
1943 1652 2205 1739 publici)
2227 1677 2251 1729 ;
2292 1669 2407 1718 eos
2441 1649 2562 1735 ipsi
2601 1655 2819 1718 emant

232 1757 506 1825 minoris
555 1765 621 1826 et
670 1764 901 1843 postea
946 1756 1230 1825 vendant
1278 1775 1476 1844 supra
1531 1746 1788 1845 justum
1837 1759 2147 1844 pretium.

406 1867 466 1933 3.
518 1865 587 1932 Si
638 1865 921 1932 artifices
971 1865 1407 1949 conveniant,
1458 1872 1530 1934 ut
1587 1884 1721 1933 non
1789 1865 2068 1934 doceant
2132 1871 2342 1933 artem
2416 1882 2639 1946 suam,
2693 1861 2815 1931 nisi

235 1972 445 2057 pretio
498 1971 775 2057 injusto:
824 1970 924 2039 vel
972 1978 1046 2038 ut
1094 1971 1316 2039 nullus
1365 1972 1824 2057 operariorum
1872 1972 2165 2057 perficiat
2215 1960 2383 2057 opus
2433 1969 2515 2036 ad
2559 1970 2702 2053 hoc,
2741 1974 2812 2036 ut

234 2080 325 2147 sic
370 2078 619 2166 injuste
667 2078 1152 2164 compellantur
1184 2078 1431 2148 domini
1481 2078 1562 2146 ad
1610 2079 1984 2166 augendum
2033 2082 2337 2165 pretium.
2386 2080 2550 2146 Item
2600 2078 2819 2145 dicen-

236 2184 389 2254 dum
437 2186 492 2254 si
547 2187 956 2254 officinarum
989 2187 1289 2272 magistri
1325 2187 1501 2255 inter
1530 2206 1602 2255 se
1637 2187 1881 2274 injuste
1916 2188 2312 2255 conveniant
2344 2185 2426 2253 de
2460 2184 2815 2253 minuendo

236 2293 544 2379 opificum
590 2293 863 2363 salario:
914 2293 1095 2380 quod
1141 2295 1340 2363 etiam
1376 2304 1424 2362 ‘a
1474 2294 1616 2380 lege
1669 2296 1943 2381 punitur
1980 2290 2031 2361 ¹.

316 2399 505 2467 418·
561 2401 722 2483 Quid
765 2402 836 2469 de
882 2413 1217 2468 mercatore
1261 2403 1369 2488 qui
1412 2413 1681 2489 tempore
1725 2402 1941 2470 messis
1986 2412 2096 2468 aut
2135 2400 2460 2467 vindemiae
2498 2419 2676 2466 omne
2706 2399 2818 2465 tri-

234 2509 416 2577 ticum
462 2521 577 2577 aut
621 2511 836 2576 vinum
881 2509 1155 2594 reqionis
1196 2510 1394 2596 pretio
1438 2509 1552 2577 viti
1595 2522 1743 2577 tunc
1802 2510 2079 2577 currenti
2145 2510 2293 2576 emit
2313 2561 2329 2591 ,
2377 2519 2446 2573 ut
2491 2507 2816 2573 caritatem

233 2617 501 2700 inducat,
550 2629 606 2684 et
650 2618 741 2684 sic
784 2617 1008 2683 vendat
1053 2618 1226 2683 ultra
1262 2618 1558 2704 pretium,
1605 2617 1769 2703 quod
1815 2618 1948 2704 ipso
1993 2603 2227 2684 sedluso
2274 2614 2640 2702 monopolim
2692 2633 2819 2681 non

236 2724 649 2791 venderetur?

314 2832 384 2900 R.
434 2831 824 2898 Communis
895 2836 960 2898 et
1031 2848 1183 2899 vera
1230 2831 1560 2899 sententia
1609 2837 1811 2912 tenet,
1864 2774 1989 2898 hoc
2039 2847 2187 2898 esse
2222 2837 2450 2898 contra
2489 2830 2815 2917 Justitiam

232 2945 294 3006 et
340 2938 772 3019 charitatem3
815 2955 966 3005 nam
1015 2939 1163 3006 talis
1213 2946 1475 3024 emptor
1511 2939 1575 3005 in
1628 2950 1825 3007 causa
1873 2944 2016 3022 est,
2068 2957 2187 3007 cur
2232 2939 2522 3025 pretium
2566 2937 2811 3025 injuste

235 3053 588 3131 augeatur3
639 3063 790 3113 cum
838 3063 971 3112 non
1025 3044 1110 3113 sit
1160 3045 1389 3130 privati
1440 3043 1603 3112 illud
1650 3053 1932 3113 mutare:
1985 3062 2189 3132 quare
2265 3052 2530 3114 tenetur
2577 3045 2813 3114 ceteris

234 3152 644 3240 emptoribus
714 3170 787 3221 ac
836 3151 1221 3239 reipublicae
1298 3152 1671 3222 restituere.
1730 3152 2022 3240 Excipe:
2076 3153 2140 3239 l)
2191 3153 2315 3221 nisi
2381 3171 2488 3222 res
2538 3152 2813 3237 emerit,

238 3277 379 3347 quae
418 3279 566 3330 -non
614 3261 746 3329 sint
793 3258 874 3327 ad
921 3259 1475 3353 sustentationem
1524 3259 1939 3343 necessariae,
1989 3260 2086 3328 uti
2140 3278 2417 3345 gemmae
2479 3262 2812 3346 pretiosae,

236 3369 380 3455 equi
432 3367 759 3455 generosi,
810 3376 1081 3436 ornatus
1131 3361 1519 3437 mulierum':
1568 3367 1792 3435 nullus
1842 3373 2000 3435 tunc
2042 3364 2532 3449 damnificatur3
2583 3368 2651 3453 2)
2688 3366 2811 3435 nisi

240 3476 463 3545 emerit
510 3475 822 3558 triticum,
872 3474 1116 3558 vinum,
1169 3480 1316 3559 etc„
1369 3481 1443 3542 ut
1489 3481 1717 3562 postea
1749 3473 1987 3543 vendat
2028 3474 2410 3561 reipublicae
2445 3474 2629 3561 justo
2670 3488 2812 3560 pre·

240 3585 344 3664 tie,
393 3598 528 3669 quo
575 3581 948 3673 venderent,
981 3583 1088 3651 alii
1140 3601 1213 3652 ea
1262 3582 1343 3651 de
1390 3582 1587 3668 longe
1634 3581 2128 3670 adsportantes;
2175 3583 2275 3651 vel
2312 3589 2388 3650 ut
2425 3582 2664 3651 vendat
2714 3582 2811 3650 ci-

242 3691 417 3760 vibus
463 3689 806 3758 moderato
856 3690 1086 3773 lucro,
1137 3696 1490 3776 postquam
1539 3688 1666 3776 ipsi
1705 3689 1843 3776 jam
1892 3690 2169 3758 emerint
2239 3689 2364 3758 sibi
2415 3687 2809 3769 necessaria,

242 3805 307 3864 ut
348 3796 502 3883 fecit
545 3796 791 3882 Josepb
841 3796 906 3864 in
955 3798 1256 3883 AEgyptO,
1293 3796 1404 3881 qui
1457 3804 1759 3883 tempore
1791 3795 2157 3864 fertilitatis
2191 3796 2349 3864 emit
2384 3796 2697 3876 triticum,
2740 3800 2813 3861 ut

248 3903 393 3972 illud
436 3903 752 3973 venderet
799 3922 951 3973 cum
1000 3904 1183 3971 lucro
1234 3910 1534 3990 tempore
1581 3904 1915 3988 caritatis,
1979 3903 2389 3992 providendo
2449 3901 2646 3970 simul
2693 3919 2813 3987 pu-

247 4010 399 4080 blico
445 4010 627 4080 bono
679 4029 751 4081 ac
800 4011 982 4097 regni
1035 4008 1441 4078 necessitati.

319 4123 693 4190 Mercatores
738 4117 997 4205 (addes)
1060 4118 1172 4205 qui
1231 4118 1633 4205 conspirant,
1680 4138 1758 4185 ne
1818 4136 2051 4186 merces
2115 4138 2266 4185 suas
2305 4117 2639 4199 vendant,
2687 4116 2814 4183 nisi

245 4248 488 4312 summo,
540 4229 674 4297 licet
706 4230 877 4317 justo
916 4230 1136 4316 pretio,
1176 4238 1511 4314 peccantne
1556 4240 1774 4295 contra
1808 4227 2123 4314 justitiam
2165 4237 2219 4292 et
2265 4225 2631 4292 charitatem
2649 4230 2679 4291 ?

320 4339 388 4405 R.
440 4335 670 4418 Quoad
711 4334 1034 4422 justitiam
1084 4334 1330 4420 duplex
1362 4334 1729 4402 sententia:
1763 4334 1871 4401 alii
1906 4351 2054 4402 cum
2091 4332 2566 4400 continuatore
2606 4334 2812 4400 Tour-

246 4444 396 4532 nely‚
447 4426 820 4529 Laymani),
869 4442 1238 4527 Roncaglia,
1308 4447 1477 4523 etc.‚
1529 4439 1963 4528 probabiliter
2009 4441 2348 4529 affirmant.
2379 4438 2529 4507 illos
2579 4446 2809 4508 contra

301 4710 320 4751 ¹
351 4712 407 4764 V.
447 4710 633 4764 Civictd
665 4711 820 4774 Cau„
852 4722 953 4763 ser.
993 4710 1067 4772 θ’,
1102 4712 1138 4764 t.
1172 4721 1235 4762 x:
1274 4709 1357 4763 Gli
1384 4708 1598 4773 sctopert
1628 4709 2046 4762 internazionati.
2079 4710 2144 4762 Et
2167 4708 2285 4762 God.
2304 4720 2466 4772 pom„
2504 4707 2602 4760 art.
2636 4707 2745 4758 385.
