3292 5167
1303 291 1754 338 monrium
2681 273 2811 342 397

225 392 392 467 ttici,
433 392 576 472 quei
613 391 709 472 pii
742 391 1047 469 cotcoiici,
1101 393 1127 455 i
1178 392 1356 473 quoii
1397 410 1510 473 per
1553 399 1919 456 testamento
1963 394 2257 475 leparono
2299 411 2522 456 somme
2569 396 2813 476 inqenti

226 473 290 536 ui
330 481 517 536 santo
559 489 735 553 scopo
775 474 842 536 di
882 473 1100 553 dotare
1137 489 1354 552 ponere
1397 473 1705 554 sanciuiie
1749 476 1817 536 in
1858 477 2263 538 circostanza
2290 476 2358 537 di
2387 477 2811 549 matrimonio,

225 557 282 616 si
318 569 757 632 proponessero
800 571 833 615 o
874 552 1112 633 fossero
1139 557 1417 618 contenti
1457 556 1524 617 di
1563 555 1843 635 favor-ire
1884 572 1997 617 con
2040 557 2136 617 cio
2173 557 2237 618 ia
2283 557 2679 635 turpitudine
2714 573 2814 619 or-

225 633 413 697 ribile
453 634 553 696 del
594 632 1027 698 concubinam.
1073 660 1094 689 ι
1151 634 1307 714 (Giv.
1354 636 1533 710 Catt,
1578 653 1700 698 ser.
1743 637 1829 711 6⁸,
1875 645 1917 697 t.
1964 653 2054 711 vi,
2087 652 2231 715 pag.
2273 635 2443 715 488.)

301 713 366 776 Si
416 730 568 776 vero
613 716 889 793 legatum
935 717 1020 778 sit
1062 715 1582 779 indeterminatis
1626 716 1943 797 relictum,
1990 732 2040 777 ir.
2100 733 2179 795 g.,
2225 716 2454 797 puellis
2499 730 2641 795 quae
2693 733 2811 779 nu-

225 797 494 875 pserint,
556 795 812 858 videtur
882 805 1057 859 certe
1102 797 1494 876 probabilius
1539 814 1682 860 cum
1727 797 2026 874 Barbosa,
2053 797 2244 875 Lugo,
2272 796 2505 859 Melina
2552 807 2617 859 et
2658 795 2816 860 Sau-

226 876 403 949 cbez,
448 874 610 938 illud
657 875 1052 956 Religionem
1101 877 1621 956 ingredientibus
1666 877 1803 940 dari
1852 894 1976 938 non
2029 895 2254 957 posse;
2315 878 2463 957 quia
2533 887 2700 939 esset
2744 880 2814 940 in

226 956 498 1019 aliarum
544 957 1007 1036 praeJ'udicium.
1072 957 1148 1020 Et
1220 973 1399 1021 mens
1474 962 1798 1021 testatoris
1861 958 2174 1021 servanda
2242 959 2447 1020 estin
2516 958 2812 1036 specifica

228 1037 427 1099 torma
474 1037 759 1116 quandiu
803 1045 1028 1117 potest,
1072 1053 1189 1100 nec
1235 1038 1697 1101 recurrendum
1742 1038 1821 1102 ad
1866 1039 2005 1118 ejus
2050 1039 2447 1101 voluntatem
2498 1053 2806 1117 praesum·

230 1127 418 1197 ptam,
466 1118 723 1198 quaudo
771 1118 1043 1180 babetur
1087 1117 1382 1181 voluntas
1430 1121 1754 1183 contraria
1801 1135 2140 1199 expressa:
2183 1119 2343 1180 tales
2387 1119 2562 1181 enim
2609 1126 2807 1181 testa-

231 1209 398 1261 tores
443 1214 611 1278 saepe
658 1206 721 1261 et
766 1200 866 1276 pie
911 1199 1246 1276 providere
1291 1201 1381 1262 sic
1426 1199 1774 1263 intendunt
1820 1200 2049 1280 puellis
2114 1200 2359 1263 nubere
2418 1199 2816 1274 volentibus,

231 1295 310 1342 ne
358 1278 643 1358 periculo
688 1287 1095 1357 exponantur
1141 1281 1637 1358 prostitutionis,
2766 1298 2771 1301 ·

305 1359 733 1422 probabiliter
775 1368 984 1422 autem
1033 1359 1189 1421 dicit
1230 1359 1529 1431 Concina,
1572 1361 1743 1439 quod
1787 1362 1839 1422 si
1888 1375 2014 1421 non
2061 1368 2356 1422 extarent
2424 1359 2819 1438 puellae‘nu·

229 1448 454 1518 pturae,
493 1440 770 1517 legatum
806 1452 974 1502 esset
1003 1440 1282 1504 dandum
1322 1440 1719 1519 Religionem
1754 1441 2288 1520 ingredientibus,
2327 1442 2449 1502 nisi
2485 1456 2564 1501 ex
2597 1449 2815 1502 mente

232 1523 552 1582 testatoris
596 1522 956 1599 oppositum
1001 1522 1173 1582 clare
1218 1521 1575 1599 colligatur.

301 1601 514 1661 580.
560 1600 626 1673 Q.
671 1602 725 1663 3.
759 1600 919 1674 Quid
946 1602 1003 1661 si
1032 1603 1305 1681 [effatum
1329 1603 1627 1664 relictum
1656 1601 1747 1663 sit
1774 1601 2099 1682 orphanis,
2135 1601 2360 1663 darino
2390 1600 2627 1680 poterit
2652 1616 2811 1679 pau·

225 1682 483 1761 peribus
526 1680 903 1744 habentibus
941 1688 1189 1761 patrem
1233 1683 1568 1745 inutilem?

309 1762 376 1824 R.
408 1760 474 1823 Si
519 1771 694 1824 extet
726 1777 1074 1824 concursus
1115 1778 1268 1825 vere
1312 1766 1771 1841 orphanorum,
1819 1761 2097 1836 legatum
2145 1760 2273 1823 illis
2319 1761 2456 1822 dari
2523 1776 2649 1821 non
2700 1776 2812 1838 po—

232 1850 351 1905 test
394 1845 537 1904 sine
575 1845 843 1921 justitiae
887 1843 1268 1917 violatione3
1314 1859 1452 1905 cum
1500 1843 1670 1905 enim
1720 1841 2015 1904 voluntas
2080 1849 2405 1904 testatoris
2449 1841 2650 1920 possit
2694 1842 2815 1902 im-

230 1923 390 2001 pleri
439 1926 506 1984 in
552 1939 742 1985 sensu
789 1926 1069 2002 proprio,
1104 1940 1226 1986 uon
1259 1933 1357 1985 est
1386 1923 1817 1986 attendendus
1856 1939 2081 1984 sensus
2121 1923 2433 2002 figuratus
2463 1920 2815 1999 (Clement.

229 2005 382 2144 guia
419 2005 752 2083 contingit,
800 2019 850 2065 c.
882 2021 929 2065 ιι
965 2005 1037 2067 de
1066 2005 1243 2084 reliq.
1288 2003 1550 2077 domib.;
1595 2013 1658 2065 et
1688 2019 1767 2065 ex
1801 2002 2202 2071 Tridentino,
2247 2020 2394 2063 sess.
2431 2018 2581 2074 xxir,
2629 2018 2679 2063 c.
2727 2002 2817 2079 8).

193 2104 210 2117 ’
273 2085 290 2146 i
341 2085 484 2147 talis
530 2100 877 2147 concursus
917 2084 1049 2146 'non
1096 2088 1197 2159 sit,
1242 2085 1497 2149 videtur
1544 2094 1870 2163 receptum
1916 2084 2083 2163 quod
2119 2084 2258 2145 dari
2297 2086 2535 2161 possit:
2578 2086 2669 2143 sic
2704 2096 2809 2142 vo-

231 2163 443 2227 luntas
492 2165 790 2243 impletur
856 2168 1198 2241 testatoris,
1308 2182 1406 2228 uae
1462 2174 1560 2227 est
1626 2166 1925 2243 opitulari
1976 2164 2126 2226 filiis
2174 2179 2297 2224 non
2349 2164 2732 2225 habentibus
2780 2177 2814 2223 a

231 2260 351 2324 quo
395 2245 675 2320 alantur,
712 2246 802 2307 uti
849 2253 999 2307 sunt
1041 2246 1148 2325 qui
1198 2248 1274 2309 ha
1327 2255 1438 2308 ent
1484 2255 1784 2324 parentes
1832 2246 2115 2317 inutiles,
2165 2243 2333 2323 quod
2385 2243 2552 2304 idem
2599 2254 2696 2305 est
2739 2257 2815 2303 ac

231 2340 356 2386 non
406 2325 682 2387 babere:
730 2326 976 2388 inutilis
1020 2328 1192 2389 enim
1243 2330 1306 2388 in
1347 2328 1492 2407 jure
1538 2333 1871 2404 reputatur
1916 2334 2248 2387 mortuus:
2295 2340 2373 2386 ex
2419 2323 2625 2402 glossa
2676 2322 2821 2385 Inn-

234 2406 419 2478 tilem,
466 2422 515 2466 c.
564 2423 615 2468 ιι
649 2409 816 2468 inter
857 2407 1166 2486 corporat.
1212 2417 1330 2469 etc.
2326 2414 2331 2419 ’

310 2486 493 2549 581.
540 2487 606 2561 Q.
650 2492 704 2546 4.
751 2485 912 2561 Quid
952 2487 1011 2548 si
1053 2489 1327 2569 iepatnm
1371 2489 1666 2550 relictum
1727 2487 1818 2548 sit
1852 2485 2105 2565 puellis,
2146 2492 2221 2546 ut
2276 2482 2541 2559 nubant,
2585 2490 2647 2545 et
2677 2483 2822 2561 jam

231 2566 375 2646 ipsoe
418 2568 555 2629 sine
595 2569 733 2631 dote
777 2569 1164 2647 nupserint?

306 2646 377 2709 R.
413 2646 676 2720 Quando
720 2650 998 2726 legatum
1045 2649 1335 2711 relictum
1382 2656 1479 2709 est
1523 2646 1755 2726 puellis
1800 2645 2268 2717 determinatis,
2316 2645 2415 2706 liis
2463 2643 2625 2704 bene
2673 2642 2815 2703 dari

231 2737 444 2805 potest
472 2730 591 2791 etsi
627 2731 757 2809 jam
792 2730 1051 2808 nuptis3
1096 2744 1237 2797 nam
1277 2736 1425 2791 tunc
1460 2737 1823 2807 perseverat
1857 2726 2004 2787 finis
2050 2726 2394 2799 testatoris»,
2427 2725 2556 2786 illis
2591 2738 2823 2802 nempe

231 2808 618 2885 providendi
686 2809 784 2871 vel
864 2819 933 2871 ut
978 2807 1242 2884 nubant,
1285 2809 1385 2871 vel
1433 2819 1501 2871 ut
1547 2817 1760 2887 nuptae
1807 2807 2140 2869 decentius
2185 2806 2426 2879 vivant,
2492 2804 2684 2883 idque
2739 2802 2821 2865 ob

187 2887 557 2966 ,peculiare
605 2907 754 2970 erga
802 2889 943 2952 illas
989 2890 1302 2953 affectum.
1341 2889 1574 2967 Excipe
1620 2889 1743 2950 nisi
1791 2894 2060 2961 constet,
2109 2901 2413 2965 expresse
2451 2894 2822 2947 testatorem

231 2967 515 3032 voluisse
559 2970 904 3034 subvenire
952 2970 1269 3033 nubendis
1332 2970 1407 3031 ad
1465 2969 1832 3048 periculum
1899 2969 2376 3047 prostitutionis
2444 2965 2820 3038 vitandum3

232 3056 385 3112 tunc
428 3051 603 3113 enim
650 3068 763 3131 per
809 3052 1310 3124 matrimonium,
1358 3059 1602 3112 remoto
1647 3047 1960 3128 pericul0,
2002 3055 2208 3110 cessat
2254 3046 2539 3126 profecto
2580 3045 2684 3123 jus
2740 3045 2819 3107 ad

232 3127 535 3209 legatum.
583 3130 736 3193 Item
797 3129 1075 3209 legatum
1140 3131 1434 3193 relictum
1481 3146 1592 3209 pro
1637 3129 1938 3193 dotandis
1985 3128 2213 3207 puellis
2254 3124 2660 3207 pauperibus,
2712 3141 2819 3205 po·

239 3218 363 3275 test
407 3210 548 3351 darii
587 3211 713 3291 jam
765 3214 1013 3290 nuptis3
1045 3227 1192 3273 nam
1241 3218 1610 3291 perseverat
1655 3212 1802 3273 finis
1849 3211 2195 3285 testatoris,
2238 3205 2629 3272 sublevandi
2667 3207 2827 3287 ipsa·

231 3306 372 3353 rum
421 3307 484 3351 ιιι
542 3293 553 3349 i
606 3293 908 3359 entiam..
1171 3312 1174 3315 “
1275 3312 1326 3343 .·
2538 3310 2541 3313 ’

308 3370 473 3444 Quid
507 3309 814 3451 (qguaeres)
859 3373 916 3433 si
959 3373 1231 3452 ieqatum
1275 3373 1365 3432 sit
1403 3369 1700 3432 relictum
1751 3367 2007 3449 filiabus
2052 3368 2450 3433 matrimonio
2513 3368 2820 3430 collocan-

228 3450 379 3514 dis?
427 3460 709 3530 potestne
750 3453 896 3515 dari
938 3454 1141 3514 viduis
1183 3453 1414 3517 iterum
1455 3451 1799 3531 nupturis?
1866 3448 2079 3511 Potest
2123 3450 2341 3529 utique
2386 3449 2551 3526 dari,
2594 3450 2645 3510 si
2696 3463 2823 3509 non

230 3534 364 3593 sint
411 3532 554 3594 aliae
595 3528 874 3594 l'oeminae
921 3540 1217 3613 nupturae
1260 3539 1447 3595 aetate
1494 3530 1767 3606 nubiles,
1806 3546 1888 3591 ex
1934 3528 2211 3608 benigna
2267 3530 2824 3608 interpretatione.

231 3609 432 3675 Secus
478 3621 688 3675 tamen
733 3616 786 3675 si
833 3613 1068 3688 adsint,
1116 3614 1263 3693 quia
1309 3613 1570 3675 nomine
1610 3611 1778 3692 filice,
1820 3611 2105 3672 mulieris
2142 3617 2251 3673 aut
2285 3609 2548 3690 foeminae
2582 3611 2645 3671 in
2694 3624 2823 3670 ma·

232 3694 606 3756 trimonium
653 3692 1043 3755 collocandae
1109 3710 1190 3755 ex
1227 3694 1373 3772 jure
1419 3695 1677 3773 proprie
1725 3690 2114 3769 intelligitur
2184 3700 2263 3753 ea*
2303 3707 2446 3769 quae
2491 3703 2822 3768 nunquam

228 3776 466 3854 nupsit,
491 3773 591 3835 vel
632 3772 913 3835 invalide
951 3774 1169 3851 nupsit
1197 3783 1306 3836 aut
1347 3775 1827 3835 matrimonium
1863 3789 1988 3833 non
2015 3774 2481 3835 consummavit
2510 3771 2615 3847 (ex
2652 3771 2688 3828 l.
2723 3767 2819 3829 bo-

229 3872 350 3931 ves,
395 3853 428 3934 5
474 3853 584 3915 hoe
625 3871 921 3930 sermone,
989 3854 1047 3914 ff.
1091 3853 1163 3915 de
1205 3853 1368 3916 verb.
1433 3852 1702 3934 signifi).
1777 3852 1862 3915 lta
1931 3854 2354 3928 communiter
2402 3851 2635 3913 docent
2680 3863 2825 3911 cum

229 3933 530 4007 Concina,
571 3934 940 4007 Roncaglia,
986 3933 1275 3995 Sancbez
1318 3944 1382 3996 et
1423 3931 2057 3996 SalmanticensibuS.

306 4013 513 4087 582,
559 4012 606 4087 Q
668 4015 724 4076 5.
773 4012 936 4088 Ouid
977 4014 1037 4075 si
1098 4013 1373 4094 ieyatnm
1439 4014 1528 4075 sit
1568 4014 1862 4077 relictum
1919 4010 2277 4091 virqinibns
2321 4012 2402 4073 ad
2447 4007 2828 4095 nubendum,

225 4095 544 4177 poteritne
584 4096 735 4157 dari
775 4097 1143 4174 corruptae?
1420 4104 1430 4114 ·
2709 4168 2719 4179 .

316 4173 384 4236 R.
432 4173 496 4236 Si
547 4176 798 4254 publice
843 4182 1097 4238 constat
1139 4173 1218 4236 de
1261 4174 1699 4252 corruptione,
1762 4186 1889 4234 non
1962 4179 2187 4250 potest,
2253 4171 2412 4249 quia.
2446 4183 2575 4229 non
2621 4167 2815 4229 adim·

232 4253 522 4334 pleretur
568 4256 716 4317 finis
764 4257 1093 4329 testantis3
1142 4269 1323 4316 secus
1368 4255 1418 4315 si
1459 4253 1620 4315 clam
1653 4255 1736 4315 sit
1766 4251 1976 4333 puella
2013 4259 2335 4330 corrupta,
2373 4250 2518 4329 quia
2555 4250 2617 4309 in
2654 4262 2825 4309 com·

233 4338 409 4399 muni
456 4338 883 4399 aestimatione
926 4339 1110 4416 virgo
1155 4338 1530 4417 reputaturi
1576 4350 1784 4412 neque
1832 4340 2089 4396 tenetur
2135 4332 2395 4394 foemina
2456 4344 2634 4391 suam
2683 4343 2826 4406 pro·

233 4416 387 4479 dere
436 4417 922 4496 turpitudinem.
966 4417 1261 4478 Attamen
1310 4413 1705 4495 probabilius
1750 4413 2011 4478 soemina
2050 4412 2162 4474 illa
2203 4428 2330 4473 non
2367 4417 2576 4491 potest
2602 4420 2825 4491 petere

240 4496 555 4576 legatnm3
612 4499 758 4576 quia
803 4498 996 4560 verba
1065 4497 1390 4559 testatoris
1435 4502 1585 4556 sunt
1629 4494 1943 4557 servanda
2014 4493 2219 4576 quoad
2268 4500 2499 4573 potest,
2545 4491 2823 4552 maxime

234 4581 375 4657 quia
426 4577 487 4639 id
538 4585 833 4659 vergeret
875 4580 940 4640 in
987 4577 1259 4640 aliarum
1306 4574 1771 4655 praejudicium.
1840 4574 2181 4656 Excipiunt
2223 4573 2500 4636 Concina
2549 4579 2614 4633 et
2659 4570 2825 4632 Ron-

234 4672 301 4721 ca
351 4658 458 4733 lia,
501 4661 552 4719 si
600 4657 745 4720 aliae
789 4659 1076 4737 virgines
1120 4657 1379 4732 desint;
1424 4657 1569 4736 quia
1619 4664 1769 4719 tunc
1816 4656 2091 4738 benigne
2137 4656 2397 4718 videtur
2434 4658 2616 4734 posse
2651 4652 2823 4731 lega-

237 4674 364 4801 tuffi
413 4738 571 4801 illud
615 4740 1059 4817 interpretari,
1103 4754 1332 4816 nempe
1378 4745 1678 4816 tanquam
1725 4736 1805 4799 de
1834 4738 2087 4818 virgine
2120 4739 2549 4801 communiter
2606 4732 2827 4796 babitu

233 4828 303 4882 ut
346 4817 477 4882 tali.
521 4851 601 4866 --
641 4817 923 4899 Liguori,
975 4817 1140 4898 Opus
1182 4818 1361 4894 Mor„
1404 4818 1445 4880 l.
1490 4834 1589 4895 ιιι,
1631 4834 1694 4881 n.
1736 4816 1878 4881 930.
