3292 5167
539 198 673 263 298
1056 218 1059 219 ⁷
1252 215 1369 261 ue.
1418 214 1482 259 11.
1531 213 1742 259 rium.
1791 215 1870 258 vi.
1915 214 2068 260 mss,
2120 212 2200 258 lv.
2249 215 2379 260 cae.
2432 214 2519 259 ιιι.

540 338 611 388 re
660 337 781 389 sua
828 319 1134 388 venditor
1179 317 1545 387 sustinere:
1594 317 1780 402 quod
1825 316 2015 400 valet,
2051 316 2176 385 etsi
2210 335 2315 385 res
2352 316 2435 385 sit
2470 335 2505 384 a
2538 315 2844 403 Principe
2882 319 3148 393 taxata;

539 444 688 495 nam
739 432 887 493 taxa
937 426 1208 512 respicit
1257 443 1398 493 rem
1438 429 1698 491 tantum
1746 423 2117 493 secundum
2165 442 2260 492 se.

716 536 780 601 2.
832 535 1109 602 Ratione
1154 533 1503 618 sinqularis
1549 534 1844 601 bonitatis
1885 547 1997 601 aut
2039 534 2328 601 raritatis
2372 533 2712 599 mercium.-
2786 549 2934 617 quae
2985 530 3138 617 qui-

538 642 687 710 dem
737 641 863 709 etsi
912 640 1323 728 probabilius
1373 640 1564 709 vendi
1630 646 1967 726 nequeant
2017 638 2244 727 quanti
2291 638 2577 727 plurimi,
2629 638 2863 724 utique
2910 645 3130 707 tamen

534 748 758 837 aliquo
809 749 1022 835 pretio
1066 750 1334 836 majori:
1385 766 1538 817 cum
1574 749 1805 817 raritas
1840 767 1920 819 ac
1950 749 2211 818 bonitas
2248 746 2597 836 peculiaris
2641 752 2918 833 augeant
2955 763 3147 815 com-

537 875 809 925 munem
839 858 1375 925 aestimationem.
1424 859 1593 925 Item
1643 855 1900 926 ratione
1950 856 2245 943 penuriae
2281 875 2399 924 seu
2434 853 2724 924 caritatis
2773 853 3010 921 mercis
3061 862 3138 921 et

538 963 935 1051 pluralitatis
985 970 1400 1050 emptorum3
1452 965 1607 1048 quia
1659 973 1815 1032 tunc
1861 963 2070 1050 pluris
2118 963 2289 1032 solet
2336 961 2575 1030 mercis
2625 959 2958 1029 aestimari.

716 1073 775 1139 3.
826 1071 1099 1140 Ratione
1145 1071 1432 1159 specialis
1479 1072 1775 1138 molestioe
1817 1071 2203 1138 obventurae
2253 1070 2379 1156 ipsi
2429 1068 2754 1138 venditori
2804 1069 2889 1137 ob
2940 1086 3144 1155 pecu-

537 1178 765 1247 liarem
814 1178 1119 1246 affectum
1169 1196 1324 1263 erga
1372 1196 1513 1246 rem
1563 1194 1772 1260 suam,
1820 1184 1892 1245 ut
1942 1177 2208 1245 tradunt
2255 1175 2702 1245 communiter
2750 1192 2824 1244 ac
2873 1173 3141 1253 verius;

537 1286 689 1372 quia
741 1284 1017 1370 privatio
1065 1285 1179 1368 rei,
1232 1302 1387 1369 erga
1437 1302 1634 1371 quam
1683 1283 1992 1353 dominus
2041 1291 2140 1351 est
2187 1283 2564 1369 specialiter
2617 1282 2913 1363 affectus,
2953 1301 3013 1349 v,
3051 1299 3142 1366 g.,

537 1391 591 1460 si
641 1409 784 1459 eam
832 1391 1199 1477 accepisset
1247 1410 1282 1458 a
1332 1391 1639 1476 Principe
1686 1391 1787 1458 vel
1838 1409 1874 1459 a
1921 1390 2282 1477 majoribus
2331 1390 2492 1471 suis,
2560 1390 2774 1475 pretio
2842 1388 3140 1457 aestima-

510 1497 686 1566 bilis
734 1504 839 1565 est
886 1503 937 1563 ¹.
989 1498 1058 1564 Si
1105 1516 1260 1566 vero
1310 1497 1441 1566 iste
1492 1498 1765 1566 affectus
1802 1498 1887 1566 sit
1922 1505 2177 1566 tantum
2210 1496 2277 1565 in
2313 1502 2636 1583 emptore,
2675 1495 2950 1565 carioris
2983 1510 3143 1564 ven-

535 1602 695 1672 dere
742 1621 877 1670 non
928 1602 1103 1686 licet,
1155 1611 1227 1671 ut
1274 1603 1516 1671 docent
1564 1603 2008 1673 communiter
2055 1622 2207 1672 cum
2254 1602 2607 1689 Angelico:
2659 1621 2853 1672 nemo
2910 1601 3140 1670 videli-

538 1718 644 1780 cet
692 1710 976 1779 vendere
1026 1717 1245 1796 potest
1295 1710 1474 1797 quod
1523 1728 1719 1778 suum
1770 1724 1901 1779 non
1943 1716 2086 1793 est3
2129 1711 2313 1797 atqui
2370 1710 2433 1778 in
2485 1710 2831 1796 hypothesi
2875 1708 3139 1777 affectio

536 1817 645 1886 illa
697 1816 1050 1903 peculiaris
1098 1817 1297 1887 estin
1335 1824 1659 1904 emptore,
1696 1837 1828 1886 non
1861 1808 2018 1905 ⁸vero
2060 1818 2127 1885 in
2184 1816 2558 1897 venditore:
2607 1835 2765 1902 ergo
2821 1816 2944 1884 iste
3000 1835 3138 1885 non

410 1966 421 1974 ·
533 1930 756 2012 potest
807 1942 949 1992 eam
998 1923 1204 2009 pluris
1251 1923 1536 1993 vendere
1585 1927 1634 1988 ².

722 2035 784 2099 4.
834 2031 1109 2101 Ratione
1170 2032 1359 2116 modi,
1406 2050 1542 2117 quo
1609 2049 1866 2100 merces
1937 2030 2334 2114 venduntur,
2385 2031 2439 2099 si
2490 2030 2773 2117 pretium
2843 2047 2978 2097 non
3049 2029 3140 2097 sit

534 2142 851 2207 taxatum.
901 2138 1010 2207 Sic
1059 2137 1171 2225 qui
1222 2157 1327 2207 res
1375 2139 1683 2207 minutim
1724 2137 2034 2221 vendunt,
2075 2145 2357 2225 ponunt
2405 2137 2819 2224 aliquantulo
2857 2137 3137 2205 carioris

536 2247 857 2328 vendere;
908 2246 1061 2332 quia
1110 2247 1393 2333 majores
1429 2246 1673 2315 debent
1705 2246 1968 2316 labores
2007 2253 2430 2333 et-expensas
2469 2245 2807 2314 effundere
2847 2245 2926 2312 ad
2959 2262 3135 2313 mer-

538 2372 650 2425 ces
698 2373 809 2423 eas
860 2353 1363 2423 conservandas.
1412 2355 1521 2422 Sic
1570 2361 1889 2423 excusant
1937 2372 2272 2440 caupones
2307 2361 2370 2423 et
2405 2352 2826 2436 stabularioS,
2864 2352 2974 2439 qui
3007 2352 3138 2422 foe-

535 2480 717 2544 num,
767 2478 1038 2529 avenam
1086 2478 1161 2528 ac
1209 2461 1427 2546 paleas
1477 2460 1751 2529 carioris
1798 2460 2090 2530 vendunt
2137 2478 2334 2547 quam
2384 2459 2513 2527 alii.
3066 2459 3082 2475 ’

713 2571 776 2636 5.
825 2567 1100 2636 Ratione
1145 2568 1459 2655 temporis,
1510 2586 1643 2654 quo
1696 2558 1982 2655 pretium
2030 2566 2421 2636 tradendum
2493 2571 2628 2633 est:
2702 2566 2796 2633 sic
2866 2570 3131 2633 certum

534 2682 637 2744 est
685 2693 824 2744 rem
872 2693 1075 2761 posse
1108 2675 1380 2743 carioris
1412 2674 1627 2757 vendi,
1662 2677 1716 2744 si
1750 2677 2037 2763 pretium
2078 2673 2467 2745 tradendum
2501 2673 2585 2741 sit
2627 2680 2950 2758 tempore,
2991 2690 3126 2759 quo

535 2801 640 2851 res
690 2781 833 2867 ipsa
883 2780 1090 2866 pluris
1140 2788 1239 2848 est
1287 2781 1586 2864 valitura,
1633 2781 1834 2851 modo
1884 2800 1918 2849 a
1968 2780 2308 2849 venditore
2355 2777 2436 2846 ad
2485 2778 2646 2846 illud
2695 2796 2908 2864 usque
2958 2785 3128 2847 tem-

533 2872 656 2978 pus
705 2886 1023 2956 servanda
1071 2886 1338 2957 fuisset:
1389 2889 1683 2976 alioquin
1734 2888 2044 2956 damnum
2094 2891 2463 2974 emergeret
2509 2883 2861 2953 venditori.

709 2998 772 3063 6.
822 2993 1097 3063 Ratione
1136 2995 1407 3082 periculi
1452 2997 1518 3064 in
1571 2996 1784 3083 pretio
1833 2994 2179 3082 exigendo.
2252 2997 2394 3063 Hoc
2454 2991 2614 3061 satis
2688 2992 3134 3061 communiter

534 3121 608 3170 ac
657 3101 1068 3188 probabilius
1116 3100 1475 3170 defendunt
1524 3102 1748 3188 plures
1800 3110 1871 3186 *ς
1933 3120 2084 3170 nam
2132 3101 2242 3168 tali
2296 3099 2594 3187 periculo
2643 3117 2717 3168 se
2764 3117 3127 3186 exponere,

533 3209 592 3278 si
640 3228 865 3278 revera
916 3208 1141 3293 adest,.
1172 3217 1274 3278 est
1321 3210 1535 3297 pretio
1585 3210 2014 3279 aestimabile:
2067 3208 2246 3296 quod
2293 3208 2358 3275 in
2410 3206 2707 3295 periculo
2749 3214 2869 3290 est,
2906 3207 3119 3279 mino-

541 3317 634 3385 ris
684 3318 1054 3386 aestimatur
1101 3335 1135 3384 a
1185 3317 1646 3404 prudentibus,
1699 3322 1862 3386 Cum
1911 3335 2113 3404 porro
2161 3316 2289 3385 tale
2323 3335 2513 3401 onuS,
2549 3315 2801 3385 scilicet
2837 3333 3130 3384 mercem

530 3440 717 3491 suam
768 3425 1065 3509 periculo
1114 3425 1491 3510 exponendi
1541 3427 1607 3494 in
1656 3444 1728 3494 se
1778 3424 2096 3511 suscipiat
2141 3423 2465 3507 venditor,
2493 3423 2603 3510 jus
2652 3423 2870 3504 habet,
2905 3429 2981 3490 ut
3011 3422 3132 3489 ali-

533 3529 694 3616 quid
743 3529 825 3599 de
874 3533 1086 3617 pretio
1134 3532 1259 3601 sibi
1311 3539 1650 3619 augeatur.
2043 3586 2053 3596 .

618 3639 691 3709 R.
737 3637 836 3706 Ad
880 3639 960 3704 2:
1019 3639 1313 3706 Pretium
1361 3639 1627 3725 vulgare
1677 3645 1897 3725 potest
1947 3638 2113 3706 infra
2162 3637 2449 3725 pretium
2522 3638 2819 3707 infimum
2892 3637 3128 3718 minui,

528 3738 648 3815 seu
697 3754 963 3832 emptor
1009 3753 1231 3832 potest
1281 3748 1441 3834 quid
1488 3748 1765 3817 minoris
1800 3753 1941 3815 tuta
1976 3746 2383 3816 conscientia
2419 3747 2713 3816 solvere:
2768 3748 2832 3831 1)
2867 3744 3130 3814 ratione

529 3855 741 3942 copiae
792 3855 1117 3923 mercium
1164 3862 1229 3924 et
1280 3844 1628 3943 paucitatis
1701 3862 2118 3941 emptorum:
2191 3855 2345 3942 quia
2412 3871 2669 3924 merces
2716 3870 2797 3923 eo
2845 3852 3131 3921 minoris
3177 3872 3192 3886 ·

585 4100 607 4140 ¹
648 4102 710 4174 V..
742 4102 974 4165 [aigum-i,
1024 4103 1186 4153 Homo
1235 4102 1431 4165 Apost„
1484 4101 1636 4153 tract.
1672 4113 1726 4165 x,
1761 4115 1817 4155 n.
1852 4102 1973 4168 {743
2011 4106 2062 4157 et
2097 4104 2186 4168 Op.
2223 4105 2377 4166 Mor„
2410 4103 2445 4155 1.
2483 4116 2560 4164 nt,
2611 4115 2704 4155 nn.
2737 4103 2850 4164 800,
2886 4101 2985 4154 etc.
3029 4102 3137 4153 No-

525 4173 631 4226 que
660 4163 828 4225 dicae,
861 4163 1106 4216 aflectum
1138 4163 1444 4226 hujusmodi
1479 4176 1589 4216 non
1622 4164 1758 4217 terre
1791 4167 2016 4231 emptori
2050 4167 2312 4232 peculiare
2346 4165 2725 4218 commodum·
2761 4167 2808 4216 si
2848 4164 2953 4216 hoc
2985 4164 3133 4215 vale·

524 4225 607 4277 ret
632 4236 829 4299 ‘neque
859 4225 927 4277 ob
949 4225 1209 4300 damnum
1243 4239 1514 4290 emergens
1536 4229 1589 4280 et
1612 4226 1818 4281 lucrum
1856 4240 2071 4282 cessans
2094 4231 2271 4294 posset
2292 4240 2373 4281 res
2396 4228 2565 4292 pluris
2587 4204 2746 4279 vendi
2769 4239 2784 4290 ;
2815 4226 2948 4278 nihil
2973 4227 3152 4297 enim-

524 4261 770 4338 uuintatns
801 4299 885 4338 em
926 4288 1025 4340 ton
1060 4293 1207 4341 vemt
1236 4301 1302 4340 ex
1335 4289 1625 4342 venditoris
1659 4290 1862 4343 damno
1896 4293 2192 4357 emergente
2225 4294 2277 4343 et
2307 4291 2458 4363 lucro
2493 4291 2752 4342 cessante.

528 4347 860 4461 affirssaa.tq.
964 4387 982 4414 ,
1014 4362 1063 4403 a.
1100 4354 1142 4403 ι.
1169 4376 1238 4465 ῖ-
1272 4352 1405 4466 Sugt
1433 4356 1609 4405 tamen
1646 4354 1826 4427 plures
1860 4354 2118 4415 moderni,
2152 4355 2246 4465 gui
2296 4356 2457 4405 etiam
2493 4352 2596 4403 hoc
2625 4348 2923 4403 secundum
2959 4348 3136 4403 licere

522 4422 946 4536 masefa
959 4416 1918 4551 enarrate«satietate,
1936 4415 2699 4550 saeuientes&
2729 4415 3137 4547 amaseae

515 4535 1305 4664 &gartifficglglcgaefflgx'ugsen
1341 4552 1395 4590 n.
1428 4541 1540 4602 480,
1572 4539 1665 4592 ubi
1698 4542 1946 4606 exposita
1977 4551 2139 4604 priori
2172 4540 2435 4592 sententia
2468 4538 2599 4615 olim
2650 4535 3132 4599 communissima,

578 4659 612 4703 β
656 4659 710 4710 V.
751 4660 977 4722 Lignori,
1014 4661 1106 4723 Op.
1138 4663 1295 4722 Mor„
1331 4662 1365 4711 l.
1396 4672 1475 4722 m,
1509 4673 1601 4713 nn.
1639 4665 1734 4715 765
1764 4664 1818 4715 et
1847 4666 1961 4716 810.

1320 4776 1346 4807 θ
