3292 5167
1214 218 1673 269 Annei-Ariouisti
2618 197 2741 267 {82

169 329 304 383 tates
386 318 510 380 assi
559 327 713 380 sunt
747 334 832 381 ss.
861 317 1260 395 Franciscus‚
1292 320 1626 395 Antonius,
1664 316 2070 381 Bernardusl
2102 317 2206 398 qni
2248 333 2354 380 eas
2404 317 2738 383 tolerando

170 400 320 465 Cruci
371 399 436 461 xi
483 399 841 477 imaginem
886 400 949 461 in
995 415 1066 462 se
1108 415 1187 463 ex
1236 409 1586 475 resseruut,
1615 409 1683 463 et
1710 399 2034 477 magnifici
2087 399 2152 459 in
2198 402 2541 462 sanctitate
2582 401 2735 464 facti

173 489 307 546 suut.
345 479 438 541 Ad
486 478 825 559 querelam
874 489 1088 543 autem
1133 489 1191 543 ta
1226 482 1356 544 ium
1399 498 1465 544 se
1505 481 1674 544 omni
1718 495 1903 540 sensu
1942 478 2282 541 destitutos
2348 480 2562 543 instar
2602 488 2737 543 sta·
2814 478 2821 486 ‘

175 569 392 625 tuarum
434 576 652 622 ceram
698 559 820 621 Deo
861 561 1099 633 sistere,
1144 560 1566 641 respondeat:
1613 561 1692 622 de
1740 561 1863 620 boc
1906 558 2042 637 ipso
2088 558 2501 638 gaudendum
2554 562 2753 624 vobis*
2858 586 2864 599 ·

114 658 124 668 ·
175 652 247 705 cst
280 639 710 719 qnodcoram
757 640 887 703 Deo
925 641 1104 719 juxta
1153 640 1631 720 beneplacitum
1698 640 1838 719 ejus
1901 649 2257 702 statuarum
2317 655 2585 704 munere
2629 641 2736 704 de·

177 723 318 799 iungi
364 722 668 800 possitis3
711 736 946 783 nonne·
970 721 1210 784 milites
1273 722 1443 785 idem
1509 721 1803 794 faciunt,
1862 720 1926 780 in
2000 720 2315 799 principis
2359 721 2735 800 obsequium

176 802 446 885 excubias,
485 800 803 879 agentes?
846 801 1141 864 Ceterum
1183 802 1263 865 ad
1309 803 1676 866 ariditatem
1725 799 2073 879 fugandam
2106 809 2386 879 praestat,
2434 812 2505 865 ut
2534 805 2735 880 poeni·

177 891 348 948 tcums
389 882 708 961 (maxime
751 881 1086 961 mulieres)
1131 883 1478 946 assuefiant
1521 883 1821 945 meditari
1868 897 2010 959 quae
2053 879 2346 943 Clu-istus
2383 897 2497 959 pro
2547 883 2737 953 nobis

173 981 358 1044 passus
401 973 524 1037 est,
574 971 648 1026 ut
690 961 944 1025 facilius
974 963 1124 1025 dum
1159 961 1513 1026 ‹vuibiliter
1559 963 1753 1025 Deum
1794 978 1861 1023 co
1905 962 2218 1024 noscimus
2245 1007 2262 1035 ,
2307 977 2419 1039 per
2462 961 2626 1023 hunc
2670 962 2738 1025 in

171 1042 562 1110 invisibilium
605 1059 879 1105 amorem
918 1045 1271 1123 rapiamur.
1316 1042 1377 1106 S.
1420 1044 1716 1118 Thomas,
1758 1043 1815 1119 2,
1902 1091 1917 1115 ,
1962 1059 2019 1120 q.
2050 1041 2143 1104 82
2180 1074 2258 1087 —
2294 1040 2427 1104 Huc
2459 1042 2736 1105 iaciunt:

171 1125 477 1199 salvatori,
519 1123 880 1203 Riflessioni
921 1125 1091 1187 sulln
1138 1125 1436 1188 Passieno
1478 1125 1544 1186 di
1591 1122 1761 1187 Geait
1808 1123 2033 1186 Crialo.
2079 1156 2155 1167 --
2201 1119 2508 1199 Ventura,
2550 1122 2607 1185 Il
2651 1131 2733 1185 tc·

170 1223 286 1269 mc
321 1212 632 1267 nasce-sto.
675 1237 756 1248 —
797 1205 885 1268 La
912 1206 1129 1268 scuola
1156 1206 1222 1268 di
1267 1204 1436 1268 Geso
1466 1206 1937 1284 appossionaco.
1973 1236 2050 1249 --
2080 1201 2462 1279 Bercbialla,
2495 1203 2584 1264 La
2627 1202 2737 1267 Via

174 1286 369 1353 erucis
411 1286 739 1348 meditata.

304 1366 358 1429 2.
401 1366 895 1429 Distraclioues:
935 1381 1079 1444 quae
1121 1365 1199 1428 ab
1242 1364 1546 1438 ariditate
1591 1364 1904 1431 differunt
1951 1365 2013 1424 in
2063 1365 2203 1437 boc,
2246 1363 2411 1440 quod
2459 1363 2729 1427 ariditas

169 1456 250 1513 ost
288 1445 575 1512 defectus
616 1446 947 1509 suavitatis
990 1446 1315 1509 sensibilis
1340 1463 1359 1519 3
1404 1444 1738 1519 distractio
1782 1454 1881 1508 est
1927 1450 2202 1507 varietas
2238 1443 2529 1522 quaedam
2572 1448 2736 1521 cogi-

169 1530 477 1603 tationum,
523 1542 668 1606 quaa
710 1527 986 1588 animam
1033 1528 1097 1588 in
1142 1525 1563 1589 meditatione
1594 1526 2006 1603 perturbant3
2050 1533 2151 1588 est
2193 1524 2368 1586 enim
2399 1523 2735 1588 distractio

167 1609 380 1671 utentis
419 1608 716 1687 evagatio
760 1606 839 1668 ab
882 1606 1132 1685 objecto
1179 1607 1518 1686 preposite.
1564 1604 1624 1668 S.
1663 1604 2027 1669 Bel-nardus
2063 1605 2143 1667 de
2173 1620 2241 1667 se
2286 1605 2420 1681 ipso
2465 1613 2736 1669 testatur

170 1704 466 1767 nunquam
515 1688 802 1767 potuisse
864 1690 1054 1765 potiri
1113 1688 1221 1749 illa
1289 1686 1657 1751 intellectus
1700 1687 1957 1765 quiete,
2014 1702 2157 1765 quae
2202 1685 2735 1748 distractionibus

169 1771 404 1833 omnino
446 1777 738 1832 careret:
778 1767 1143 1830 intellectus
1189 1783 1418 1846 nempe
1463 1777 1682 1830 noster
1749 1776 1924 1830 tanta
1983 1770 2047 1828 vi
2091 1776 2156 1830 et
2199 1766 2527 1829 activitate
2575 1781 2733 1844 prae·

170 1848 318 1912 ditus
356 1860 472 1923 est,
517 1859 588 1913 ut
628 1851 740 1910 vix
781 1850 1100 1913 contineri
1146 1863 1212 1910 in
1258 1863 1386 1910 nno
1422 1847 1639 1910 valeat
1681 1847 1905 1910 saltem
1940 1847 2131 1925 longo
2165 1848 2471 1923 temporis
2501 1847 2732 1924 spatio,

173 1929 398 2073 mad
424 1929 611 2009 plura
642 1928 836 1991 simul
865 1932 1043 2006 quasi
1071 1928 1330 1990 evolare
1354 1928 1686 1991 videatur:
1708 1929 1821 1991 vim
1852 1945 2044 1990 unum
2076 1928 2268 1990 Pater
2296 1933 2508 1989 noster
2534 1931 2738 2004 potest

340 2011 565 2084 dicere,
599 2011 758 2090 quin
798 2026 966 2072 mens
1000 2009 1084 2072 ad
1120 2009 1256 2072 alia
1282 2009 1539 2088 feratur
1566 2009 1688 2085 (ait
1717 2009 1775 2070 d.
1800 2009 2071 2070 Thomas
2106 2010 2166 2069 in
2204 2024 2247 2081 1,
2277 2005 2561 2069 Corinth.
2589 2023 2733 2082 xm,

177 2088 308 2154 lect.
339 2090 446 2169 3³).
492 2092 583 2153 Ne
618 2107 775 2169 ergo
806 2093 1019 2152 animo
1055 2090 1350 2152 concidat
1385 2092 1493 2169 qui
1532 2090 2018 2153 distractionem
2051 2091 2322 2167 patitnr;
2349 2088 2460 2149 sed
2495 2088 2733 2166 absque

186 2172 463 2234 anxietate
509 2171 586 2233 ad
636 2169 1119 2233 meditationem
1166 2171 1409 2243 redeat,
1456 2179 1521 2232 et
1563 2172 1651 2233 ita
1682 2187 1749 2231 se
1784 2179 1966 2248 gerat
2007 2171 2240 2231 iterum
2272 2178 2462 2247 atque
2498 2171 2732 2230 iterum

184 2253 356 2314 sciens
397 2269 466 2314 se
513 2260 611 2315 tot
653 2261 834 2314 actus
875 2253 1244 2325 meritorios
1287 2266 1548 2330 ponere,
1591 2262 1656 2313 et
1685 2248 1850 2313 bene
1879 2251 2365 2312 meditationem
2407 2265 2732 2327 peragere.

183 2329 429 2394 Ceterum
478 2342 634 2395 ante
678 2333 890 2393 omnia
923 2331 1303 2407 curandum,
1335 2342 1401 2394 ut
1436 2331 1927 2394 distractionum
1959 2345 2166 2394 causae
2200 2329 2635 2408 repellantur:
2666 2339 2732 2392 et

181 2421 301 2475 sunt
321 2415 672 2491 passiones,
690 2428 832 2491 quae
855 2415 1130 2474 animam
1157 2419 1470 2491 occupant
1482 2430 1501 2487 3
1534 2412 1902 2491 loquacitaS,
1927 2424 2067 2490 quae
2092 2412 2389 2490 spiritum
2408 2410 2735 2486 distrahit3

180 2492 853 2654 'Jugmmfnsggegggsm’
904 2507 1047 2554 nam
1090 2494 1356 2554 nonnisi
1409 2496 1472 2556 in
1501 2495 1717 2573 quiete
1764 2492 2069 2554 Dominus
2113 2494 2239 2571 (ιιι,
2264 2489 2415 2568 Reg.
2459 2493 2620 2568 xix).
2655 2522 2730 2536 -

222 2619 235 2634 .
309 2582 404 2652 tap
437 2620 454 2649 ,
781 2582 845 2634 et
886 2589 1058 2651 seqq.

305 2655 357 2716 3.
401 2653 709 2717 Somnus:
753 2669 834 2716 en
883 2654 1149 2715 tentatio
1196 2652 1465 2730 periculi
1513 2651 1700 2731 plena
1749 2654 2103 2731 praesertim
2175 2653 2240 2713 in
2305 2649 2728 2713 adolescenti·

178 2731 286 2809 bus,
326 2744 454 2798 tum
502 2736 656 2814 qnia
707 2742 953 2811 tempus
1000 2737 1252 2808 teritur,
1298 2742 1430 2797 tum
1475 2735 1620 2812 quia
1671 2749 1773 2794 res
1816 2734 2057 2795 divinae
2091 2732 2497 2812 negligenter
2541 2746 2735 2809 agun-

183 2821 274 2876 tur.
309 2815 391 2877 Ea
438 2823 651 2879 autem
700 2814 1083 2893 quandoque
1128 2814 1333 2877 oritur
1378 2830 1458 2874 ex
1519 2813 1795 2876 naturali
1863 2814 2150 2892 corporis
2218 2812 2733 2890 indispositione,

182 2896 524 2975 quandoque
569 2912 602 2957 a
649 2894 959 2957 daemonis
1005 2894 1249 2957 fraude.
1295 2894 1454 2956 Huic
1501 2894 1667 2957 malo
1712 2897 1959 2956 occurri
2029 2892 2218 2954 facile
2285 2900 2523 2970 potest:
2570 2892 2632 2969 l)
2678 2893 2731 2953 si

182 2982 392 3055 tempus
438 2977 848 3039 meditationi
894 2975 1361 3037 determinetur
1410 2985 1547 3053 post
1584 2985 2078 3050 convenientem
2116 2976 2402 3051 requiem
2444 2974 2732 3049 corporis

183 3054 393 3131 datam3
434 3058 508 3129 2)
548 3058 600 3119 si
647 3060 809 3117 situs
855 3055 1207 3118 meditandi
1255 3058 1339 3117 sit
1381 3056 1650 3118 devotus
1696 3064 1759 3117 et
1787 3056 2023 3135 absque
2061 3054 2305 3126 fulcris,
2343 3053 2573 3131 quibus
2608 3068 2728 3114 me·

183 3134 358 3200 ditans
389 3138 746 3210 innitatur3
790 3135 856 3214 3)
888 3136 938 3197 si
978 3135 1299 3197 meditans
1335 3138 1541 3214 erigat
1576 3153 1665 3209 se,
1701 3135 2090 3209 deambulet,
2131 3150 2359 3197 manus
2382 3131 2459 3195 ad
2499 3131 2731 3194 coelum

184 3217 414 3292 attollat,
460 3222 525 3280 in
574 3233 831 3279 crucem
876 3215 1256 3291 conformet,
1299 3217 1353 3277 si
1399 3217 1590 3279 solus.
1634 3215 1699 3278 Si
1748 3217 1923 3278 locus
1967 3217 2051 3277 sit
2096 3216 2405 3293 publicus,
2441 3213 2727 3292 genufle-

184 3304 299 3371 ctat,
337 3300 567 3377 jungat
607 3314 857 3371 manus,
899 3296 1116 3359 oculos
1159 3296 1367 3359 elevet
1401 3307 1463 3361 et
1506 3297 1741 3358 similia
1788 3297 1979 3359 faciat
2016 3295 2248 3374 quibus
2278 3310 2507 3372 corpus
2553 3294 2723 3356 exci-

187 3384 339 3449 tetur,
377 3396 532 3459 quin
581 3376 936 3456 singularis
978 3387 1300 3456 appareat.
1325 3377 1520 3439 -Licet
1562 3388 1774 3441 autem
1822 3384 2022 3439 totum
2070 3386 2317 3453 tempus
2353 3388 2731 3436 consumere

186 3455 377 3521 debeat
420 3465 484 3522 in
531 3474 762 3520 somno
803 3457 1202 3532 excutend0,
1246 3461 1410 3520 sciat
1454 3475 1520 3520 se
1564 3458 1770 3521 officio
1815 3474 1928 3519 suo
1973 3456 2380 3520 satisfecisse.

242 3537 381 3601 Cum
424 3558 472 3602 s.
515 3538 782 3602 Carolus
825 3538 1226 3607 Borromaeus
1271 3538 1659 3611 adverteret,
1703 3556 1770 3600 se
1801 3537 2072 3616 publicis
2111 3534 2550 3599 functionibus
2583 3533 2733 3595 assi·

187 3625 424 3682 stentem
472 3620 843 3683 vehementi
889 3634 1113 3680 somno
1181 3619 1688 3692 incommodari,
1733 3621 1860 3681 imo
1906 3629 1970 3681 et
2012 3617 2423 3690 obdormire,
2473 3623 2726 3676 noctur·

187 3712 305 3761 uam
344 3704 623 3779 quietem
673 3698 999 3779 paulisper
1043 3698 1521 3779 producendam
1568 3700 1771 3761 duxit.
1815 3701 2111 3763 Attamen
2151 3700 2297 3776 qnia
2330 3712 2444 3775 pro
2474 3694 2728 3756 diversa

188 3783 433 3859 corporis
476 3779 921 3859 complexione
950 3826 966 3855 ,
1010 3795 1082 3841 ac
1126 3779 1501 3857 diversitate
1571 3779 1808 3843 laboris
1837 3826 1854 3857 ,
1898 3780 2151 3842 diversa
2216 3792 2469 3856 qnoque
2521 3772 2728 3835 somni

190 3863 498 3924 necessitas
539 3861 750 3937 datur,
784 3860 1094 3923 absonum
1126 3858 1294 3922 roret
1329 3877 1444 3940 pro
1475 3860 1773 3925 omnibus
1801 3861 2070 3923 eandem
2105 3857 2391 3936 regulam
2423 3853 2727 3917 scribere.

193 3937 436 4003 Celerum
489 3942 549 4005 d.
608 3940 888 4005 Salesius
943 3941 1295 4003 consultum
1355 3942 1691 4004 ewistimat
1746 3951 1974 4003 cui-'are
1998 3986 2015 4013 ,
2087 3945 2164 4000 ut
2214 3937 2455 4015 vesperi
2508 3941 2727 4011 tempe-

191 4022 314 4082 stive
349 4022 626 4087 cubitum
669 4038 903 4096 eamus,
944 4038 1063 4100 quo
1103 4037 1337 4083 summo
1371 4039 1550 4085 mane
1578 4022 1985 4102 empcryefieri
2016 4026 2078 4081 et
2109 4033 2368 4097 surpere
2399 4015 2727 4105 possimus.

193 4099 404 4165 Aurora
439 4105 604 4166 enim
647 4118 773 4166 uon
816 4108 1064 4164 tamum
1103 4102 1297 4163 musis
1324 4149 1340 4177 ,
1382 4104 1486 4164 sed
1538 4104 1729 4165 etiam
1790 4101 2066 4165 orationi
2161 4097 2474 4177 raeprimts
2522 4108 2729 4156 amica

196 4191 450 4245 censetur.
492 4184 612 4247 Est
653 4189 864 4245 autem
905 4198 1092 4260 quam
1128 4182 1547 4262 periculosum
1579 4198 1859 4245 somnum
1899 4184 1967 4245 in
2008 4197 2113 4241 mu
2144 4187 2276 4240 tum
2315 4178 2473 4266 diem
2510 4175 2730 4254 perdu-

197 4274 334 4323 cere.-
365 4266 464 4343 qui
505 4268 672 4327 enim
712 4280 920 4325 somno
962 4264 1226 4326 nimium
1269 4264 1613 4344 inclament,
1656 4280 1906 4340 corpore
1945 4263 2191 4341 pariter
2226 4264 2287 4320 et
2314 4272 2522 4321 animo
2562 4256 2730 4318 elan·

199 4353 468 4421 mount,
505 4353 567 4409 ct
605 4346 680 4408 de
722 4345 861 4424 ipsa
899 4360 1140 4406 morum
1173 4345 1545 4425 inteqritate
1578 4343 1846 4405 multum
1871 4341 2346 4422 periclitantur,
2374 4337 2729 4417 proescrtim

201 4423 288 4498 qui
316 4423 375 4486 in
411 4427 676 4491 multum
720 4426 880 4487 diem
921 4432 1217 4488 sternunt
1247 4470 1264 4500 ,
1301 4424 1399 4486 vel
1442 4425 1601 4503 quod
1642 4427 1823 4501 pejus
1863 4421 2208 4499 semisopiti
2259 4419 2489 4499 plumis
2532 4415 2723 4479 inltoe·

200 4508 328 4566 rent.
361 4505 513 4569 Hinc
544 4507 808 4584 sueones
853 4508 1020 4569 omni
1059 4506 1232 4567 modo
1271 4506 1493 4584 urgeri
1533 4502 1772 4578 debent,
1815 4511 1888 4565 ut
1927 4508 2165 4569 statuto
2197 4508 2460 4585 tempore
2493 4496 2727 4575 absque

205 4585 665 4662 tergiversatione
706 4594 1015 4665 carpant,
1060 4593 1249 4664 atque
1290 4593 1594 4653 naturam
1635 4585 1981 4663 qenes-atim
2020 4583 2104 4646 ad
2143 4581 2423 4645 ordinem
2464 4580 2729 4658 pruden-

210 4669 284 4723 ter
314 4674 604 4730 statutum
647 4669 1027 4748 restringere
1070 4667 1444 4730 allaborent.
1487 4664 1688 4745 Stapf‚
1731 4663 1801 4745 §g
1848 4664 1980 4761 '¹3⁸³
2005 4670 2071 4726 et
2110 4661 2248 4725 549.

279 4764 526 4885 Scirum„
562 4769 1057 4854 Theoloqiaetc.
1109 4771 1177 4836 T.
1229 4769 1305 4836 ΙΙ.
2510 4763 2551 4827 9
