3292 5167
560 325 686 389 108
899 348 908 355 ·
1241 340 1357 388 ιιΒ.
1406 344 1469 388 ιι.
1519 343 1730 389 τιυιοτ.
1779 343 1835 388 v.
1882 342 2033 387 nisi».
2083 342 2146 386 ιι.
2194 341 2325 393 cap.
2374 341 2459 387 11-
3080 396 3085 401 ⁵

558 426 959 515 percipiendi
1011 427 1260 495 reditus
1310 427 1799 496 ecclesiasticos
1850 428 2308 512 praesupponit
2381 425 2672 494 officium
2726 422 3116 492 ecclesiasti-

556 554 708 604 cum
757 534 849 602 uti
898 535 999 603 sui
1048 551 1310 605 causam
1359 542 1558 620 atque
1604 532 1911 605 radicem.

641 645 849 710 Porro
890 662 1007 730 per
1049 662 1113 711 se
1158 641 1412 710 licitum
1444 641 1873 726 estvendere
1920 638 2303 725 temporale,
2351 637 2532 724 quod
2575 637 2991 704 antecedenter
3018 634 3118 702 ad-

554 766 796 817 nexum
843 757 946 817 est
992 749 1337 833 spirituali,
1389 756 1463 816 ut
1508 756 1854 834 argentum
1902 747 2086 816 calici
2104 773 2132 828 ·;
2178 764 2327 814 nam
2373 744 2483 812 illa
2518 763 2623 814 res
2656 761 2924 829 semper
2970 743 3118 810 reti-

553 864 664 926 net
711 875 904 925 suum
953 856 1240 924 valorem
1289 857 1722 924 intrinsecum
1770 873 1804 922 a
1853 875 1923 925 re
1971 854 2298 942 spirituali
2354 852 2928 938 independentem.
2964 849 3119 919 Hinc

550 965 614 1032 in
661 967 819 1032 lure
865 962 1183 1033 canonico
1231 963 1509 1047 legitur:
1553 964 1611 1037 si
1659 963 2006 1049 (Ecclesia)
2055 965 2275 1031 habeat
2317 964 2636 1051 superflua
2690 980 2931 1029 vasa...
2976 959 3121 1026 ime-

545 1090 667 1156 9ra
710 1071 858 1137 aliis
904 1070 1051 1138 locis
1093 1071 1544 1137 venerabilibus
1588 1073 1798 1158 oblata
1842 1072 2084 1153 dentur,
2130 1072 2227 1139 vel
2260 1072 2529 1157 conflata
2562 1068 2812 1135 cuilibet
2841 1067 2959 1134 alii
2986 1086 3121 1134 ven·

549 1180 781 1245 dantur
814 1173 880 1243 ¹:
932 1177 1107 1245 nulla
1158 1184 1378 1246 tamen
1426 1179 1491 1246 in
1545 1179 1759 1264 pretio
1810 1179 2030 1248 habita
2079 1179 2335 1248 ratione
2368 1177 2911 1248 consecrationis.
2945 1175 3118 1243 Dixi-

547 1303 696 1353 mus
736 1304 853 1372 per
894 1305 958 1352 se
973 1310 998 1365 ;
1039 1288 1195 1354 lure
1242 1285 1416 1354 enim
1466 1287 1915 1356 ecclesiastico
1965 1288 2289 1373 excipitur
2334 1282 2643 1355 Beneficii
2698 1282 3117 1371 ecclesiastici

547 1392 998 1474 commutatio,
1049 1391 1369 1477 Chrisma,
1422 1393 1656 1461 Oleum
1705 1394 2150 1477 benedictum,
2199 1393 2686 1474 coemeterium,
2737 1397 2865 1460 etc.

637 1501 796 1579 Quae
846 1516 999 1566 vero
1049 1506 1203 1566 sunt
1250 1498 1498 1569 adnexa
1548 1501 1873 1588 spirituali
1937 1501 2463 1584 concomitanter,
2515 1503 2857 1585 nequeunt
2902 1495 3118 1566 vendi:

545 1623 738 1673 secus
788 1625 892 1674 res
940 1606 1300 1692 spiritualis
1351 1608 1780 1690 venderetur,
1830 1626 1981 1676 cum
2028 1609 2162 1676 sint
2210 1608 2291 1676 ab
2341 1624 2415 1676 ea
2465 1606 2953 1693 inseparabilia,
2987 1603 3121 1671 sine

545 1712 786 1796 quibus
837 1729 1051 1797 neque
1101 1731 1207 1782 res
1256 1715 1398 1799 ipsa
1445 1716 1787 1783 subsistat.
1838 1714 2003 1783 Hinc
2053 1721 2335 1801 tempus,
2385 1712 2563 1799 quod
2608 1713 2986 1781 necessario
3034 1710 3121 1777 in·

544 1820 830 1887 sumitur
875 1820 955 1887 ad
1003 1821 1488 1889 confectionem
1532 1823 1958 1904 sacramenti,
2000 1840 2130 1890 non
2167 1828 2268 1890 est
2307 1822 2518 1907 pretio
2555 1819 3122 1888 aestimabile-Pa-

543 1929 703 1995 riter
750 1945 870 1995 nee
904 1945 999 2009 ea,
1039 1945 1190 2013 quae
1231 1942 1692 2014 consequuntur
1725 1948 1862 1997 rem
1898 1929 2333 2015 spiritualem,
2373 1927 2564 1996 vendi
2595 1932 2916 2013 possunt;
2952 1923 3122 2011 duod

542 2034 717 2103 enim
767 2042 869 2102 est
915 2033 1242 2103 adnexum
1291 2044 1783 2122 consequenter
1830 2037 2022 2105 alicui
2074 2037 2191 2120 rei,
2241 2054 2378 2105 rem
2431 2038 2639 2121 ipsam
2672 2034 3014 2122 supponit,
3062 2040 3123 2100 et

543 2160 614 2209 se
663 2141 860 2210 habet
904 2140 1107 2209 veluti
1154 2141 1331 2210 illius
1380 2144 1864 2213 accessorium:
1913 2143 1968 2211 si
2018 2163 2175 2229 ergo
2226 2143 2587 2230 principale
2635 2141 2866 2228 nequit
2913 2138 3118 2209 vendi.

545 2267 757 2336 neque
807 2248 988 2336 quod
1034 2268 1114 2317 ex
1165 2250 1277 2317 illo
1328 2251 1703 2319 necessario
1754 2252 2080 2337 sequitur.
2127 2253 2292 2320 Hinc
2339 2252 2621 2320 simonia
2692 2258 2795 2318 est
2843 2246 3120 2317 vendere

535 2357 645 2441 Jus
693 2355 945 2424 vivendi
997 2356 1077 2426 de
1125 2358 1319 2426 bonis
1368 2359 1792 2441 monasterii3
1839 2377 1992 2427 cum
2062 2359 2128 2427 id
2196 2359 2281 2428 sit
2351 2358 2728 2427 necessario
2798 2357 3119 2425 adnexum

542 2471 1032 2548 consequenter
1076 2464 1157 2530 ad
1210 2465 1710 2550 professionem,
1761 2484 1909 2552 quae
1958 2465 2319 2552 spiritualis
2369 2471 2489 2534 est.

629 2569 816 2630 148·
867 2573 939 2651 Q.
988 2574 1050 2639 5.
1104 2573 1416 2653 Quomodo
1462 2568 1767 2640 dividitur
1808 2574 2125 2641 simonia?

629 2682 703 2747 R.
753 2678 1046 2747 Simonia
1094 2680 1699 2749 vel'consideratur
1747 2682 2001 2750 ratione
2047 2681 2260 2764 modi,
2329 2698 2459 2766 quo
2534 2678 3009 2749 committitur:
3057 2685 3163 2746 et·

540 2784 664 2853 alia
710 2792 812 2853 est
858 2786 1182 2868 mentaliS,
1230 2787 1354 2854 alia
1401 2788 1943 2870 conventionalis,
1994 2788 2116 2855 alia
2166 2788 2382 2868 realis,
2434 2786 2557 2853 alia
2606 2783 3117 2855 confidentialis.

538 2893 654 2963 Vel
704 2893 957 2962 ratione
1001 2895 1197 2975 Juris,
1246 2912 1378 2979 quo
1429 2896 1852 2981 prohibetur:
1900 2902 1967 2963 et
2014 2902 2114 2963 est
2159 2896 2328 2981 jnris
2376 2893 2575 2962 divini
2628 2900 2695 2962 et
2742 2893 3032 2961 humani.

719 3002 774 3066 1.
824 3000 1103 3067 Simonia
1138 3002 1426 3069 mentalis
1469 3009 1591 3084 est,
1640 3019 1791 3071 cum
1825 3002 1972 3088 quis
2020 3002 2129 3070 dat
2197 3002 2559 3095 temporale
2591 3000 2811 3069 animo
2845 3002 3120 3071 alterum

539 3105 872 3191 obligandi
923 3106 1004 3173 ad
1054 3106 1470 3177 reddendum
1516 3109 1643 3177 sibi
1694 3110 2057 3195 spirituale,
2108 3117 2222 3177 aut
2257 3125 2295 3177 e
2334 3125 2675 3189 converse,
2711 3108 2873 3193 quin
2910 3115 3119 3175 tamen

540 3211 746 3279 ullum
795 3212 1201 3298 exprimatur
1242 3222 1507 3298 pactum
1554 3216 1887 3284 exterius:
1937 3215 2222 3302 ideoque
2270 3215 2546 3285 includit
2611 3214 2878 3302 quidem
2927 3213 3122 3283 actio-

541 3337 693 3387 nem
742 3337 890 3388 vere
940 3328 1324 3402 externam,
1374 3322 1492 3390 sed
1540 3324 1832 3391 exterius
1890 3343 2023 3393 non
2075 3331 2349 3411 apparet
2405 3325 2725 3405 intentio,
2775 3340 2906 3409 qua
2953 3321 3118 3389 actio

543 3426 651 3493 illa
687 3427 1018 3511 procedit.
1061 3428 1171 3495 Sic
1218 3429 1519 3498 simoniae
1560 3430 1864 3498 mentalis
1913 3450 2065 3500 reus
2116 3440 2292 3500 esset
2327 3432 2437 3518 qui
2491 3432 2817 3517 Episcopo
2854 3435 3121 3516 praestat

540 3530 926 3600 famulatum
960 3553 1041 3602 ex
1088 3535 1458 3605 intentione
1492 3537 1833 3605 obtinendi
1878 3540 2378 3607 canonicatum.
2416 3543 2558 3607 Non
2591 3548 2807 3607 tamen
2843 3536 3119 3606 simonia

541 3655 727 3708 reum
775 3638 1015 3708 dixeris
1065 3640 1176 3726 qui
1228 3641 1308 3709 ad
1345 3644 1621 3711 Sacrum
1671 3645 1937 3730 aliquod
1986 3663 2225 3715 munus
2275 3647 2374 3714 vel
2425 3645 2947 3715 ecclesiasticum
2996 3648 3119 3714 Be-

545 3746 852 3815 neficium
900 3747 1219 3834 aspiranS,
1272 3751 1773 3819 commodorum
1810 3753 2273 3837 temporalium
2307 3755 2504 3823 etiam
2539 3755 2867 3821 rationem
2906 3753 3115 3834 habet,

541 3855 629 3922 ita
679 3864 894 3923 tamen
946 3863 1018 3923 ut
1066 3875 1261 3925 omne
1310 3857 1652 3943 indignum
1699 3860 2204 3953 mercimonium
2256 3861 2591 3943 excludat3
2642 3863 2754 3948 qui
2803 3862 2980 3931 enim
3026 3859 3117 3929 of·

542 3961 766 4032 ficium
815 3964 1056 4048 quaerit
1101 3965 1212 4050 jus
1262 3966 1457 4034 habet
1506 3972 1577 4033 ut
1627 3984 1708 4034 ex
1754 3967 1866 4035 illo
1916 3967 2196 4038 honeste
2230 3977 2659 4038 sustentetur.

717 4073 779 4139 2.
830 4073 1328 4140 conventionalia
1374 4080 1494 4156 est,
1545 4092 1695 4141 cum
1744 4082 1920 4142 extat
1968 4078 2316 4145 conventio
2371 4094 2488 4145 seu
2535 4084 2798 4164 pactum
2847 4075 3114 4162 explici-

545 4180 718 4243 tum:
770 4196 823 4243 v.
873 4195 953 4262 g.,
1003 4180 1057 4246 si
1109 4179 1256 4264 quis
1305 4178 1385 4248 de
1435 4180 1812 4261 praestando
1849 4181 2162 4250 famulatu
2199 4185 2587 4252 conveniret
2620 4202 2770 4252 cum
2805 4182 3110 4253 Beneficii

544 4282 971 4351 ecclesiastici
1023 4293 1301 4371 patrono
1350 4285 1572 4354 addito
1624 4296 1815 4372 pacto
1865 4306 2204 4374 expresso,
2255 4296 2326 4361 ut
2375 4289 2454 4356 ad
2487 4290 2666 4358 idem
2712 4290 3118 4360 Beneficium

542 4404 666 4455 suo
715 4395 1015 4474 tempore
1064 4391 1462 4461 nominetur.
1509 4394 1579 4461 Si
1631 4401 1894 4479 pactum
1942 4413 1976 4462 a
2026 4403 2257 4465 neutra
2328 4404 2511 4483 parte
2577 4398 2665 4466 sit
2721 4405 3099 4479 executum,

544 4492 820 4561 dicitur:
861 4515 1023 4582 pure
1066 4501 1589 4567 conventionalis:
1637 4501 1691 4568 si
1743 4503 1823 4570 ab
1872 4519 1999 4569 una
2034 4509 2288 4571 tantum
2323 4510 2596 4590 partem,
2635 4503 3119 4572 conventionalis

544 4601 769 4683 mixta,
821 4602 969 4685 quia
1023 4605 1368 4690 participat
1416 4607 1663 4692 aliquid
1712 4608 1791 4676 de
1841 4608 2019 4677 reali.

608 4759 631 4802 ¹
666 4760 723 4813 C.
757 4763 860 4812 Hoc
880 4761 975 4825 jus
1002 4775 1054 4823 ιι,
1090 4763 1116 4824 5
1152 4766 1196 4823 1,
1232 4776 1277 4814 c.
1317 4768 1392 4825 10,
1429 4779 1481 4828 q.
1516 4770 1564 4817 Ξ.
1599 4793 1665 4804 -
1707 4768 1758 4817 V.
1798 4767 2026 4829 Lignori,
2063 4767 2154 4829 op.
2189 4769 2346 4830 Mor„
2379 4769 2413 4819 Ι.
2451 4782 2525 4831 ιιι,
2564 4782 2617 4831 n,
2651 4771 2730 4822 49.
