3292 5167
1049 299 1128 345 nn
1175 300 1421 347 acrinus
1471 303 1807 351 REmGiole
2665 285 2750 354 33

307 397 371 462 4.
427 398 673 466 Gravis
719 400 1105 487 infirmitas.-
1152 403 1272 471 hac
1320 404 1574 472 ratione
1623 416 2025 476 excusantur
2077 410 2156 478 ab
2210 409 2436 478 Officio
2472 429 2606 479 non
2646 429 2754 478 so-

162 501 271 570 lum
320 505 443 589 qui
496 512 653 574 actu
704 507 1010 577 laborant
1058 512 1294 578 morbo
1330 511 1504 595 gravi
1548 509 1601 593 ¹3
1637 513 1752 580 sed
1803 514 1999 582 etiam
2052 517 2160 601 qui
2215 523 2555 602 nequeunt
2591 514 2755 582 illud

164 610 423 679 recitare
474 613 737 700 absque
787 616 964 700 gravi
1014 616 1313 703 ejusdem
1363 618 1680 703 periculo,
1721 619 1786 686 νζ
1834 638 1892 706 g.
1943 622 1996 689 si
2052 623 2201 707 quis
2269 622 2632 709 prudenter
2669 605 2756 689 ‘ii-

166 725 316 786 meat
366 717 497 788 sibi
554 721 709 790 inde
758 725 1188 792 obventuram
1225 726 1584 795 notabilem
1620 727 1855 812 capitis
1890 728 2331 812 gravedinem,
2376 740 2486 798 aut
2521 730 2754 796 virium

170 826 640 897 lassitudinem.
682 830 890 916 quue
939 832 1370 918 probabiliter
1416 840 1616 915 tenet,
1667 836 1921 903 etiamsi
1959 835 2266 904 infirmus
2306 856 2422 923 per
2455 854 2760 922 magnam

173 933 280 1001 diei
334 945 597 1014 partem
651 937 902 1024 legeret
951 940 1156 1008 libros
1207 939 1288 1006 ad
1335 940 1684 1009 solandum
1735 942 2028 1010 animum
2046 968 2064 1023 ;
2116 943 2295 1027 quod
2333 944 2507 1011 enim
2541 943 2760 1026 legere

176 1051 355 1128 queat
405 1044 619 1113 libros
668 1048 1100 1114 recreationis
1149 1065 1364 1130 causa,
1418 1066 1547 1116 non
1601 1050 1905 1134 sequitur
1971 1068 2168 1134 posse
2218 1052 2427 1119 teneri
2481 1051 2758 1119 recitare

180 1151 511 1234 Officium,
567 1152 747 1239 quod
797 1143 1074 1239 requirit
1124 1163 1261 1222 tum
1314 1156 1751 1224 intentionem
1801 1165 1942 1224 tum
1991 1157 2464 1241 attentionem,
2519 1159 2763 1244 quibus

181 1258 372 1342 major
422 1260 726 1343 profecto
778 1261 1058 1328 inhaeret
1106 1261 1476 1330 difficultas.
1528 1265 1619 1329 lta
1657 1264 1864 1346 Elbel,
1913 1265 2250 1348 Holzman,
2293 1265 2764 1333 salmanticen-

178 1383 287 1446 ses,
336 1366 656 1451 Sancliez,
702 1378 767 1438 et
816 1371 1065 1454 Sporer
1096 1368 1144 1436 Β.

256 1473 444 1553 Quod
491 1475 577 1544 de
624 1486 1033 1561 aegrotante,
1084 1479 1280 1546 etiam
1329 1477 1411 1545 de
1458 1482 1910 1547 convalescente
1978 1479 2331 1548 dicendum
2387 1498 2534 1548 cum
2586 1482 2762 1547 Con-

180 1582 306 1648 cina
357 1599 432 1649 ac
483 1583 839 1668 Tournely.
892 1584 1123 1675 saltem
1167 1604 1283 1671 per
1313 1586 1565 1672 aliquot
1600 1586 1741 1654 dies
1777 1587 1856 1653 ad
1883 1586 2209 1672 judicium
2246 1586 2363 1653 viri
2404 1586 2765 1672 prudentis,

179 1687 376 1757 donec
428 1690 679 1759 viribus
729 1689 1094 1760 reficiatur:
1145 1699 1210 1761 et
1271 1694 1569 1779 quamvis
1640 1694 1906 1761 interim
1981 1693 2247 1762 Missam
2313 1695 2520 1761 valeat
2587 1692 2763 1760 cele-

179 1796 390 1872 brare:
442 1799 605 1884 quia
644 1799 847 1867 Missa
898 1819 1025 1867 non
1076 1802 1162 1867 ita
1216 1794 1567 1885 aggraiiare
1639 1801 1830 1869 solet.
1889 1803 1961 1868 ln
2037 1801 2238 1869 dubio
2289 1795 2374 1867 all
2421 1800 2769 1868 infirmitas

181 1905 469 1987 sufficiat,
524 1907 772 1991 poterit
823 1907 1097 1994 quilibet
1163 1910 1587 1994 acquiescere
1651 1909 1899 1990 judicio
1951 1909 2186 1977 medici
2239 1918 2350 1977 aut
2400 1909 2767 1994 superioris

180 2021 278 2079 ant
326 2014 444 2080 viri
499 2014 881 2099 prudentis:
931 2025 994 2083 et
1042 2011 1433 2101 regulariter
1481 2018 1902 2086 favorabilem
1955 2026 2207 2102 partem
2242 2018 2571 2103 amplecti,
2617 2033 2766 2084 cum

180 2120 509 2205 possideat
551 2122 662 2207 jus
712 2125 1008 2191 naturale
1056 2123 1137 2191 de
1187 2126 1451 2210 propria
1511 2124 2014 2193 conservatione
2049 2123 2099 2193 ⁸.

346 2232 408 2294 5.
461 2230 696 2297 Gravis
741 2233 1092 2317 occupatio:
1141 2249 1289 2317 quae
1340 2237 1501 2301 tunc
1549 2239 1804 2299 tantum
1855 2240 2125 2300 excusat
2175 2233 2255 2301 ab
2305 2232 2566 2313 Officio,
2619 2250 2772 2300 cum

182 2336 268 2402 rel
315 2353 451 2403 non
506 2337 723 2422 potuit
774 2338 1140 2423 praeveniri,
1191 2339 1289 2406 vel
1340 2356 1468 2407 non
1521 2333 1743 2424 potest
1791 2338 2005 2405 omitti
2059 2339 2203 2406 sine
2244 2340 2417 2423 gravi
2464 2337 2773 2407 scandalo

183 2449 281 2508 aut
329 2441 475 2511 sine
527 2444 705 2527 gravi
756 2444 995 2512 damno
1046 2446 1259 2522 alieno
1308 2454 1419 2513 aut
1468 2446 1762 2530 proprio,
1819 2463 2032 2531 neque
2076 2463 2226 2512 cum
2278 2444 2502 2512 Officio
2552 2450 2773 2529 potest

184 2549 546 2617 conciliari:
596 2569 747 2637 quae
797 2553 912 2620 ubi
960 2561 1376 2634 concurrant,
1428 2561 1740 2629 censetur
1775 2553 2007 2621 adesse
2043 2553 2438 2638 impotentia
2478 2552 2772 2633 moraliS,

70 2665 77 2676 ·
186 2654 464 2742 ideoque
516 2659 943 2744 obligationis
992 2660 1300 2728 cessatio.
1351 2661 1460 2728 Sic
1509 2667 1912 2728 excusantur
1951 2660 2252 2740 Paroclii,
2293 2661 2401 2744 qui
2447 2677 2774 2742 occupan-

186 2768 284 2829 tur
327 2772 466 2832 tota
519 2766 626 2834 die
674 2768 739 2834 in
790 2785 944 2835 cura
993 2768 1447 2849 infirmorum3
1495 2785 1646 2835 cum
1704 2785 1846 2835 eam
1915 2767 2088 2834 haud
2165 2768 2423 2853 possint
2479 2766 2770 2835 differre:

188 2869 329 2939 item
380 2873 795 2957 confessarii,
845 2875 958 2962 qui
1007 2894 1127 2962 per
1174 2883 1381 2943 totam
1428 2873 1603 2944 diem
1654 2874 2123 2943 consessiones
2195 2874 2566 2960 excipiunt,
2617 2889 2780 2959 quas

187 2980 451 3047 omnino
494 3001 621 3049 non
675 2989 959 3068 possunt
1006 2983 1085 3050 ad
1121 2983 1297 3050 aliud
1347 2980 1607 3068 tempus
1660 2983 2047 3068 protrahere
2098 2982 2200 3066 (ut
2251 2983 2515 3049 evenire
2561 2988 2782 3065 potest

188 3085 245 3151 ln
293 3089 499 3155 sacris
549 3090 1007 3175 Missionibiis)
1025 3116 1043 3172 3
1078 3091 1233 3158 item
1285 3090 1813 3170 concionatores,
1866 3090 1918 3155 si
1955 3097 2172 3156 tamen
2216 3095 2555 3173 nequeunt
2591 3086 2782 3156 omit-

193 3199 323 3262 tere
370 3196 769 3265 concionem
820 3199 963 3266 sine
1010 3197 1318 3267 scandalo
1346 3204 1480 3265 =aut
1529 3196 1810 3264 infamia.
1848 3198 1989 3264 Non
2028 3214 2179 3263 vero
2216 3203 2623 3264 excusantur
2667 3195 2776 3280 qui

192 3301 404 3369 studio
458 3314 687 3371 vacant
702 3330 724 3384 3
774 3323 967 3373 secus
1007 3314 1226 3372 actum
1278 3313 1457 3372 esset
1496 3303 1577 3371 de
1625 3304 1746 3370 hac
1781 3303 2210 3370 recitatione:
2259 3301 2411 3370 hinc
2457 3301 2782 3369 contraria

204 3412 572 3494 propositio
622 3412 749 3480 sub
800 3430 862 3478 n.
911 3414 987 3478 21
1047 3413 1126 3480 ab
1170 3401 1540 3494 Alexa'ndro
1588 3413 1703 3478 VII
1749 3409 2051 3477 damnata
2100 3417 2223 3479 est.

278 3516 393 3596 Qui
447 3524 665 3585 tamen
718 3517 1037 3604 praevidet
1090 3518 1597 3604 occupationem
1646 3517 1768 3584 sibi
1822 3518 1886 3585 in
1937 3516 2042 3584 die
2093 3517 2599 3598 obventuram‚'
2634 3533 2783 3601 quae

178 3632 361 3691 stare
409 3634 696 3711 nequeat
746 3643 896 3693 cum
946 3625 1355 3707 recitatione,
1407 3635 1479 3691 ut
1529 3625 1797 3708 longum
1847 3624 1974 3691 iter
2020 3632 2085 3691 et
2132 3641 2464 3709 asperum,
2523 3631 2788 3690 tenetur

196 3730 484 3799 Officium
536 3734 589 3799 si
641 3733 783 3818 ejus
812 3735 946 3819 jam
1020 3732 1340 3818 inceperit
1373 3733 1709 3817 obligatio,
1750 3732 1812 3797 in
1849 3738 2262 3798 antecessum
2301 3730 2596 3808 recitare,
2633 3747 2684 3793 v.
2727 3745 2785 3810 g.

194 3854 444 3906 summo
496 3856 708 3922 mane,
764 3857 918 3908 casu
956 3857 1087 3925 quo
1124 3847 1407 3924 nequeat
1441 3838 1712 3924 reliquis
1748 3836 1873 3906 diei
1913 3836 2092 3904 horis
2115 3863 2134 3919 3
2169 3836 2324 3923 quia
2353 3836 2488 3921 jam
2525 3851 2785 3901 summo

251 4123 271 4163 ¹
301 4125 668 4178 communiter
699 4125 893 4177 docent
920 4135 1042 4176 cum
1075 4126 1345 4188 FagnanO,
1380 4121 1741 4175 infirmitatem
1776 4132 2054 4181 excusare,
2091 4120 2192 4172 etsi
2215 4131 2310 4183 per
2333 4128 2549 4191 gravem
2573 4116 2787 4181 culpam

194 4188 536 4250 contractam,
573 4200 626 4239 v.
663 4199 736 4251 g„
770 4187 1116 4250 ebrietatem3
1151 4188 1279 4261 quia
1311 4196 1495 4236 revera
1533 4186 1619 4236 bic
1653 4188 1705 4235 et
1735 4196 1880 4236 nunc
1931 4184 2084 4234 adest
2133 4184 2465 4254 impotentia,
2503 4179 2566 4229 ad
2606 4190 2791 4254 ‘quam

195 4250 341 4301 unice
370 4250 594 4304 attendit
623 4250 735 4302 lex.
771 4276 835 4288 -
874 4251 927 4300 V.
965 4249 1194 4313 Lignori,
1233 4250 1322 4311 Op.
1361 4248 1518 4307 Mor„
1550 4249 1583 4298 l.
1619 4259 1709 4318 iv„
1733 4257 1786 4296 n.
1827 4248 1947 4308 mm
1981 4271 2044 4318 ·.·'
2077 4248 2345 4316 Ferraris;
2383 4244 2440 4294 V.
2478 4242 2724 4305 Officium.

248 4311 273 4350 ²
302 4315 564 4384 Diximus:
593 4313 771 4377 pravis
788 4314 1104 4375 sumita&
1125 4323 1251 4362 nam
1276 4310 1528 4372 obligatio
1561 4309 1733 4359 Officii
1767 4309 2102 4359 strictissima
2136 4307 2216 4357 est
2228 4319 2242 4369 ;
2280 4305 2398 4357 ideo
2431 4315 2540 4356 non
2566 4305 2792 4357 excusat

263 4386 383 4426 aevis
414 4389 477 4427 ca
519 4388 601 4437 sa,

196 4384 282 4487 gge
314 4436 464 4490 febris
481 4389 737 4493 ¹{tertiana
772 4438 855 4488 vel
887 4439 1170 4502 quartana,
1201 4447 1323 4486 cum
1360 4446 1467 4486 non
1503 4434 1670 4485 soleat
1706 4432 1889 4495 majori
1933 4432 2054 4482 diei·
2073 4432 2221 4494 parte
2269 4432 2619 4483 vehementer
2657 4427 2790 4479 affii-

195 4509 324 4560 gere3
358 4503 546 4576 excipe
575 4502 684 4553 nisi
724 4499 949 4550 nimium
982 4499 1192 4562 frangat
1224 4498 1379 4549 vires.
1413 4497 1658 4558 Sanchez,
1701 4494 2023 4567 Tambia-ini,
2052 4495 2151 4544 etc.

247 4564 267 4600 ⁸
295 4565 601 4616 canonicus
636 4565 817 4629 potest
849 4563 1090 4613 excusari
1125 4573 1157 4612 a
1191 4560 1504 4611 recitatione
1540 4559 1799 4608 Horarum
1837 4568 1888 4606 in
1922 4556 2109 4616 choro,
2145 4566 2250 4605 non
2313 4555 2490 4605 autem
2536 4564 2568 4626 a
2600 4551 2789 4603 recita-

194 4621 324 4678 tione
354 4628 567 4691 privata
601 4624 783 4685 domi,
819 4626 877 4674 ut
903 4624 944 4675 si
978 4636 1027 4672 v.
1067 4636 1135 4687 g.,
1174 4621 1400 4686 pedibus
1437 4621 1511 4671 ita
1542 4619 1767 4677 laboret,
1802 4622 1862 4669 ut
1893 4621 2123 4682 nequeat
2156 4617 2446 4690 Ecclesiam
2482 4615 2647 4676 adire,
2708 4613 2793 4663 vel

185 4687 224 4736 si
253 4689 389 4741 domi
424 4690 637 4742 morari
675 4687 890 4747 debeat,
924 4687 1047 4751 quia
1081 4685 1321 4737 nondum
1357 4684 1487 4734 satis
1520 4682 1713 4733 validis
1749 4679 1974 4740 viribuS,
2010 4682 2103 4731 aut
2136 4680 2200 4729 ad
2229 4678 2550 4729 medicinam
2575 4687 2788 4728 sumen·

183 4749 311 4816 dam,
345 4755 391 4805 si
428 4753 667 4806 morbus
702 4761 818 4801 non
855 4749 927 4802 ita
958 4750 1025 4801 sit
1058 4749 1253 4812 graviS‚
1292 4748 1393 4798 etc.
1428 4746 1717 4807 Navarrus,
1755 4744 2081 4807 neumaiam,
2123 4742 2399 4792 Bonacina.

636 4375 703 4427 ul
736 4377 911 4439 potest
941 4387 1055 4427 esse
1084 4375 1214 4426 levis
1249 4371 1529 4432 stomachi,
1564 4371 1756 4433 capitis
1790 4373 1882 4421 aut
1915 4370 2119 4421 ventris
2164 4369 2343 4431 dolor;
2396 4372 2448 4418 et
2498 4365 2789 4430 aliquando
