3292 5167
1221 308 1681 360 Annon-nones
2083 298 2105 323 ‘
2615 293 2742 362 387

153 424 349 486 meas,
393 410 627 474 Paulus
662 410 896 487 libros,
937 421 1056 474 etc.
1102 410 1165 474 Si
1214 411 1321 475 illa
1370 413 1713 493 dispositio
1763 422 1871 478 est·
1908 413 2115 477 valida
2142 459 2158 490 ,
2228 412 2498 478 facultas
2541 413 2751 494 dispo·

154 492 352 555 nendi
400 508 514 570 per
557 501 1011 555 testamentum
1057 503 1156 557 est
1199 494 1550 570 naturalis3
1595 497 1647 556 si
1710 511 1837 557 non
1868 504 1968 557 est
2000 495 2238 570 valida,
2278 504 2428 558 tunc
2461 495 2620 559 bona
2656 495 2759 558 de·

155 571 358 635 suncti
403 581 598 635 erunt
642 573 829 652 primi
875 577 1268 652 occupanm,
1312 585 1375 638 et
1423 592 1547 637 non
1619 574 1917 638 obstante
1954 574 2126 638 illius
2160 576 2600 654 dispositione,
2632 574 2759 639 ror·

152 654 278 714 tior
323 655 562 731 poterit
603 653 841 733 absque
885 662 1246 718 ceterorum
1306 656 1585 734 injuria,
1647 658 1861 719 omnia
1928 654 2048 717 sibi
2131 670 2455 733 arrogare.
2513 655 2592 717 At
2637 657 2757 720 hoc

152 742 346 796 rectae
389 735 624 796 rationi
671 745 736 797 et
777 733 968 796 obvio
1011 737 1226 798 sensui
1276 746 1619 815 repugnat:
1664 738 1911 799 etenim
1973 735 2140 799 nihil
2214 742 2313 798 cst
2367 742 2496 797 tam
2536 753 2753 799 conve·

150 814 329 876 niens
370 814 666 877 naturali
706 815 1040 893 «equitati,
1083 817 1175 880 ait
1215 815 1616 880 lastinianus
1642 864 1656 889 ‚
1708 834 1904 896 quam
1947 815 2330 878 voluntatem
2381 815 2619 879 domini
2660 835 2756 880 vo·

151 894 340 956 lentis
383 912 515 956 rem
556 912 776 970 suam,
820 896 888 958 in
930 895 1127 958 alium
1193 896 1580 976 transferri,
1625 906 1839 961 ratam
1901 895 2132 960 habere
2178 895 2363 973 (lust.
2411 896 2497 959 De
2538 913 2755 959 rerum

148 975 331 1037 divis.
377 973 412 1055 5
456 975 580 1055 40).
624 975 803 1038 Adde
846 992 925 1037 ex
969 976 1246 1039 naturali
1295 977 1434 1056 lege
1478 981 1750 1057 quisque
1802 992 1990 1041 suum
2064 977 2308 1039 donare
2373 985 2577 1054 potest
2633 977 2753 1040 sub
2795 990 2801 996 ·

152 1054 524 1117 conditione
568 1056 977 1136 suspensiva;
1021 1057 1169 1119 talis
1225 1066 1323 1120 est
1365 1058 1625 1120 donatio
1670 1075 1785 1137 per
1848 1065 2333 1133 testamentum:
2380 1068 2478 1119 est
2523 1072 2752 1137 nempe

152 1133 410 1198 donatio
455 1136 573 1198 sub
619 1136 989 1199 conditione
1034 1138 1274 1199 mortis.
1327 1137 1490 1200 Hinc
1559 1140 1852 1218 sequitur
1915 1153 2327 1218 quascunque
2384 1136 2749 1217 dispositio·

153 1230 283 1291 nes,
327 1215 474 1294 lege
523 1219 780 1295 positiva
817 1233 944 1278 non
991 1217 1162 1280 clare
1201 1218 1610 1295 prohibitas,
1668 1236 1807 1282 esse
1851 1219 2096 1282 validas
2141 1234 2254 1297 per
2297 1234 2397 1291 se;
2446 1216 2750 1282 facultate

152 1296 320 1358 euim
360 1297 642 1359 naturali
688 1297 899 1360 valide
942 1308 1006 1361 et
1051 1298 1226 1361 licite
1265 1302 1356 1360 uti
1433 1315 1749 1375 ossumus‚
1787 1300 1936 1362 dum
1973 1299 2149 1361 illius
2180 1315 2330 1361 usus
2363 1298 2536 1361 nulla
2575 1307 2750 1361 certe

153 1374 290 1453 lege
338 1379 777 1455 restringitur.
821 1377 1105 1442 Bouvier.
1149 1413 1228 1423 —
1278 1377 1343 1441 V.
1436 1384 1705 1452 arriere,
1755 1380 1840 1443 De
1880 1378 2337 1451 contractibus,
2385 1395 2442 1440 n.
2489 1378 2624 1441 497.

223 1456 432 1521 5821.
481 1456 796 1519 Monit-
828 1458 1099 1538 quoad
1146 1464 1786 1522 testamen-cumi
1835 1477 1912 1523 en
1957 1476 2305 1539 proecipua:

307 1538 362 1599 1.
407 1537 498 1600 Ne
545 1542 807 1601 testator
840 1543 904 1601 in
939 1542 1161 1601 mortis
1190 1556 1392 1619 agone
1425 1541 1684 1602 differat
1716 1543 1963 1613 testari,
2009 1538 2061 1603 si
2098 1541 2252 1601 velit
2281 1541 2499 1618 quieto
2531 1543 2749 1604 animo

153 1626 214 1680 et
254 1617 513 1680 meliori
560 1618 829 1681 consilio
873 1619 952 1682 de
984 1622 1115 1681 suis
1145 1619 1520 1700 disponere:
1564 1629 1778 1682 monet
1822 1624 1997 1683 enim
2058 1622 2482 1699 Augustinus:
2535 1620 2746 1684 Testa·

149 1704 424 1759 mentum
466 1698 685 1779 facito,
731 1700 878 1762 dum
929 1717 1123 1763 sanus
1167 1718 1251 1777 es,
1293 1701 1436 1763 dum
1483 1700 1642 1763 liber
1685 1718 1768 1775 cs,
1811 1702 1958 1763 dum
1989 1709 2135 1763 tuus
2165 1719 2247 1762 cs.
2284 1700 2514 1779 Utique
2562 1717 2748 1764 nemo

153 1780 412 1856 proprie
461 1780 820 1859 loquendo,
865 1797 945 1842 ne
995 1784 1058 1843 in
1110 1781 1249 1843 soro
1304 1781 1562 1860 quidem
1609 1783 2024 1844 conscientiae
2084 1791 2338 1844 tenetur
2382 1780 2456 1842 ad
2510 1789 2746 1845 testan-

154 1860 340 1933 dum3
379 1860 512 1937 ,iam
556 1863 730 1923 enim
773 1877 850 1923 eo
895 1861 958 1922 in
1005 1879 1154 1924 casu
1202 1861 1306 1923 lex
1353 1864 1653 1940 providit.
1698 1861 1982 1926 Tenetur
2030 1874 2241 1925 tamen
2278 1878 2390 1940 per
2426 1862 2746 1941 accidens,

152 1956 231 2001 ne
278 1938 454 2024 lites,²
491 1940 744 2020 aliaque
788 1942 1189 2005 incommoda
1236 1944 1571 2005 oriantur:
1616 1942 1784 2021 quod
1834 1943 2151 2022 praecipue
2198 1944 2403 2005 currit
2434 1941 2513 2002 de
2543 1941 2744 2005 eccle·

153 2021 453 2096 siasticis,
496 2023 604 2101 qui
641 2025 997 2100 generatim
1030 2023 1245 2101 plures
1279 2033 1500 2086 tenent
1544 2024 2164 2098 administrationes,
2198 2032 2265 2085 et
2294 2023 2453 2084 bona
2493 2021 2745 2086 diversa

154 2101 528 2180 possident,
577 2101 655 2163 de
712 2103 943 2181 quibus
1009 2103 1446 2166 diversimode
1491 2103 1964 2182 disponendum
2009 2112 2107 2166 est
2148 2120 2226 2166 ex
2269 2117 2599 2165 sacrorum
2643 2119 2744 2166 ca·

152 2195 394 2243 nonum
441 2181 871 2259 ordinatione,
915 2183 1014 2245 vel
1067 2185 1476 2261 conscientia-2
1520 2201 1592 2247 ac
1630 2186 1899 2262 justitiae
1947 2184 2453 2263 praescriptione.

307 2262 365 2322 Ξ.
415 2260 680 2325 Praestat
722 2270 791 2326 ut
834 2264 1167 2326 christiani
1216 2266 1504 2343 quaedam
1552 2268 1745 2326 etiam
1794 2266 1869 2326 ad
1934 2281 2153 2326 causas
2186 2280 2318 2343 pias
2350 2262 2744 2342 relinquant,

149 2349 215 2404 et
259 2342 384 2404 hac
428 2343 508 2404 de
552 2360 622 2406 re
667 2346 895 2405 merito
957 2360 988 2405 a
1038 2348 1307 2407 notariis
1371 2346 1523 2405 olim
1576 2344 2181 2424 interpellabamur.
2229 2344 2303 2405 Et
2349 2345 2746 2421 Augustinus

153 2422 388 2483 citatus
432 2422 553 2495 (De
597 2423 716 2486 div.
763 2440 950 2487 serm.
995 2428 1171 2500 xcix)
1216 2425 1456 2504 ajebat:
1521 2424 1755 2487 Faciat
1811 2426 1972 2505 quod
2032 2442 2190 2504 soepe
2233 2425 2527 2486 hortatus
2569 2441 2745 2485 sum:

152 2519 345 2563 unum
386 2502 590 2581 filium
634 2503 839 2579 habet,
892 2512 1074 2584 putet
1119 2506 1441 2568 Christum
1485 2506 1797 2577 atterum;
1842 2506 1997 2568 duos
2055 2504 2257 2581 habet,
2315 2512 2497 2583 putet
2562 2504 2740 2567 Chri·

153 2590 325 2645 stum
372 2586 671 2657 tertium;
717 2586 916 2648 decem
961 2585 1166 2661 habet,
1215 2586 1534 2648 Christum
1565 2588 1959 2649 undecimum
1994 2585 2214 2665 faciat.
2253 2588 2331 2647 At
2364 2584 2746 2647 indiscretas

152 2663 571 2727 haereditates
616 2682 868 2743 semper
913 2668 1125 2745 rejicit
1170 2666 1485 2729 Ecclesia:
1549 2667 1916 2746 Quicunque
1960 2668 2136 2743 vult,
2180 2669 2269 2728 ait
2313 2667 2544 2727 iterum
2590 2667 2744 2729 cita·

150 2751 252 2806 tus
297 2745 552 2821 noctur,
593 2745 986 2809 coekaercdato
1026 2747 1181 2827 filio,
1230 2746 1529 2809 haeredem
1591 2747 1805 2827 facere
1867 2747 2235 2822 Ecclesiam,
2299 2753 2546 2823 quaerat
2585 2747 2740 2809 alte·

149 2841 292 2886 rum
337 2827 446 2904 qui
488 2827 820 2905 suscipiat,
862 2845 984 2889 non
1030 2827 1453 2907 Auqustinum
1482 2848 1506 2896 ‚·
1551 2829 1694 2903 imo,
1743 2828 1863 2890 Deo
1900 2829 2201 2907 propitio,
2241 2828 2542 2889 neminem
2577 2827 2742 2889 inve·

150 2905 301 2968 niet.
350 2906 723 2987 Quanquam
768 2918 1029 2986 praestat
1076 2910 1301 2986 potius,
1347 2917 1418 2970 ut
1461 2910 1697 2970 divites
1742 2909 1807 2970 in
1852 2916 2005 2984 vita,
2063 2910 2225 2971 bona
2272 2908 2504 2987 quibus
2550 2907 2742 2970 abun·

149 2984 778 3065 dant‚elargiantur;
814 3004 981 3067 saepe
1011 2991 1181 3050 enim
1217 2988 1507 3051 liaeredes
1539 3005 1667 3050 non
1697 2991 1777 3050 ita
1811 2987 2091 3051 fideliter
2124 2990 2258 3068 pias
2282 2989 2742 3065 dispositiones

148 3078 602 3145 exequun‘tur3
662 3077 727 3131 et
787 3069 1097 3147 gubernia
1146 3069 1335 3131 liodie
1383 3071 1653 3131 nimium
1699 3068 2094 3132 difficultatis
2162 3068 2397 3131 babent
2464 3069 2527 3128 in
2601 3067 2742 3130 illas

146 3148 602 3225 permittendo.
648 3148 740 3210 Ad
779 3164 915 3211 rem
961 3169 1013 3210 s.
1053 3150 1243 3211 Lucia
1289 3150 1366 3212 ad
1398 3159 1668 3212 matrem
1701 3166 1913 3212 suam:
1954 3149 2093 3211 Non
2136 3149 2295 3211 satis
2345 3147 2503 3209 Deus
2548 3164 2740 3209 carus

146 3236 240 3290 est
286 3229 398 3306 qui
439 3229 543 3290 illi
584 3231 698 3291 dat
737 3230 897 3308 quod
937 3247 1143 3293 secum
1176 3229 1345 3309 ferre
1374 3246 1496 3292 non
1537 3237 1787 3308 potest,-
1833 3230 1893 3290 si
1934 3231 2029 3290 vis
2074 3229 2195 3291 Dco
2235 3237 2427 3307 yrata
2471 3246 2599 3290 esse
2626 3228 2742 3290 hoc

145 3308 250 3370 itti
289 3311 403 3451 aa}
435 3310 585 3372 dum
625 3309 829 3371 adhuc
872 3311 970 3372 uti
1007 3319 1200 3390 potes.
1245 3310 1406 3372 Hinc
1450 3312 1715 3388 vulgare
1760 3309 2095 3387 adagium:
2154 3309 2380 3373 Melius
2427 3315 2523 3371 est
2561 3309 2735 3384 darc,

188 3405 340 3451 uam
404 3407 434 3449 e
479 3406 607 3452 arc.

148 3404 182 3468 q
307 3470 364 3531 3.
415 3407 615 3532 [gabei
651 3469 933 3533 Rituale:
980 3469 1048 3532 Si
1078 3469 1327 3535 morbus
1356 3471 1614 3549 qravior
1645 3469 1743 3531 vel
1772 3486 1912 3531 cum
1954 3470 2229 3549 periculo
2257 3468 2479 3548 fuerit,
2508 3478 2739 3547 oeqroto

145 3550 415 3612 suadeat
477 3550 989 3630 (confessarius),
1046 3556 1120 3613 ut
1179 3554 1324 3613 dum
1367 3553 1616 3630 inteqra
1662 3557 1861 3612 mente
1905 3558 2017 3622 est,
2084 3567 2213 3612 rem
2281 3568 2460 3611 suam
2502 3567 2738 3612 omnem

143 3634 501 3693 constituat
538 3639 601 3693 et
662 3638 1099 3695 testamcutum
1154 3631 1376 3711 faciat.
1422 3632 1498 3693 Et
1540 3630 1738 3695 Stub:
1798 3656 1819 3686 ι
1866 3630 1911 3692 ΙΙ
1980 3632 2218 3694 dovere
2283 3632 2345 3693 di
2414 3636 2736 3693 avvertire

147 3709 487 3773 l’infermo
532 3716 566 3772 e
613 3713 720 3790 piu
764 3722 1057 3790 urgente,
1102 3714 1357 3793 quando
1403 3713 1446 3772 il
1505 3711 1841 3774 sacerdote
1885 3728 2101 3790 sappia
2148 3712 2267 3772 che
2312 3712 2376 3771 vi
2423 3728 2578 3772 sono
2624 3710 2759 3773 ob·-

143 3789 346 3869 blighi
394 3793 655 3870 speciali
704 3792 766 3855 di
814 3795 1192 3871 giustizia....
1234 3792 1313 3855 Se
1359 3792 1681 3854 l’inl'ermo
1728 3792 1872 3855 vuol
1934 3794 2109 3854 consi
2166 3793 2345 3853 liarsi
2393 3790 2488 3856 col
2534 3806 2735 3852 sacer·

142 3870 293 3935 dote
357 3874 619 3935 intorno
682 3873 810 3936 alle
852 3874 1267 3952 disposizioni
1318 3875 1820 3949 testamentarie,
1864 3875 2069 3952 questi
2157 3890 2193 3934 o
2252 3873 2546 3934 istruisca
2594 3888 2730 3949 pre·

142 3953 554 4031 cipuamente
599 3953 767 4032 degli
813 3953 1101 4033 obblighi
1147 3954 1210 4016 di
1257 3954 1579 4033 giustizia‚
1624 3954 1687 4015 di
1740 3953 2008 4016 lasciare
2051 3970 2083 4016 a
2132 3953 2232 4015 chi
2282 3950 2343 4012 di
2405 3950 2649 4026 diritto,
2699 3968 2734 4012 e

146 4031 209 4094 di
260 4033 662 4112 provvedere
705 4035 762 4095 ai
812 4038 1060 4113 parenti
1109 4036 1215 4112 piu
1266 4036 1497 4110 stretti,
1562 4035 1858 4098 massime
1902 4051 1971 4096 se
2016 4035 2080 4096 in
2132 4033 2464 4095 necessita.
2508 4031 2601 4092 Ma
2640 4036 2730 4115 'ri-

139 4113 391 4192 guardo
436 4113 562 4176 alle
606 4113 1021 4193 disposizioni
1067 4116 1431 4187 arbitraria,
1481 4115 1717 4193 meglio
1761 4119 1797 4178 e
1842 4132 1955 4195 per
1999 4114 2189 4176 solito
2252 4114 2544 4191 (excepta
2590 4127 2731 4188 spe·

139 4193 292 4255 ciali
336 4197 870 4274 circumstantia),
905 4198 1024 4258 che
1070 4199 1190 4258 mai
1238 4212 1305 4257 se
1355 4212 1432 4257 ne
1479 4199 1542 4257 in
1591 4199 1816 4270 erisca‚
1883 4194 2158 4258 dicendo
2204 4208 2322 4254 con
2388 4210 2433 4252 s.
2485 4190 2735 4271 Filippo

135 4273 309 4349 Neri,
359 4276 478 4337 che
526 4275 565 4336 l’
595 4276 861 4353 informo
926 4277 1084 4339 lasci
1126 4277 1189 4338 la
1231 4273 1388 4339 roba
1431 4292 1470 4336 a
1514 4213 1617 4337 0ἱί
1652 4276 1858 4351 ⁸vuole,
1902 4275 2136 4356 purch&
2180 4274 2344 4336 lasci
2387 4273 2651 4363 l'anima
2692 4288 2734 4333 a

133 4353 274 4416 Dio.
317 4355 369 4416 E
413 4364 801 4434 soprattutto
867 4356 1078 4436 tugga,
1121 4372 1298 4419 come
1343 4355 1571 4418 ordina
1621 4356 1665 4417 il
1714 4356 1997 4430 Rimata,
2058 4356 2116 4418 la
2184 4364 2333 4417 nota
2371 4353 2731 4415 d’interes-

134 4444 311 4510 sato:
353 4452 390 4497 e
440 4437 538 4497 cio
584 4451 714 4498 non
761 4452 918 4514 pure
983 4439 1245 4515 rispetto
1292 4436 1414 4499 alla
1465 4442 1719 4515 propria
1786 4452 2077 4515 persona,
2124 4449 2221 4497 ma
2291 4433 2587 4496 eziandio
2647 4435 2732 4495 ri·

134 4523 347 4595 spetto
393 4514 519 4579 alla
565 4533 675 4578 sua
744 4517 967 4579 Cbiesa
1013 4534 1047 4578 e
1091 4516 1217 4579 alle
1260 4533 1453 4595 opere
1502 4519 1602 4596 pie
1646 4516 1723 4578 da
1773 4516 1858 4579 lui
1900 4531 2239 4595 promosse
2289 4532 2325 4576 o
2363 4514 2618 4576 dirette.
2664 4513 2733 4604 Si

133 4605 404 4675 astenga
451 4596 679 4658 altresi
724 4596 826 4660 dal
873 4597 1255 4674 consigliare
1319 4596 1730 4675 disposizioni
1780 4599 1900 4658 che
1949 4597 2208 4659 tornino
2277 4612 2310 4657 a
2356 4605 2734 4673 svantaggio

133 4678 200 4741 di
246 4676 527 4757 qualche
600 4686 793 4754 terzo,
858 4694 985 4739 non
1052 4677 1493 4750 couvenend0‚
1556 4693 1734 4738 come
1780 4694 2037 4740 osserva
2100 4693 2148 4738 s.
2215 4674 2503 4750 Altonso,
2548 4673 2731 4737 chei

131 4757 424 4821 ministri
471 4757 537 4818 di
582 4755 651 4819 G.
695 4757 758 4821 C.
803 4759 853 4820 si
901 4758 1165 4821 attirino
1209 4757 1482 4821 odiosita
1530 4772 1641 4836 per
1687 4757 1801 4845 tali
1846 4759 2094 4820 motivi.
2138 4780 2161 4810 ι
2218 4755 2431 4819 Monet
2477 4756 2539 4817 d.
2595 4755 2736 4816 Am·
