3292 5167
1291 269 1371 316 nn
1418 266 1571 313 voro
2159 241 2168 278 ¹
2643 240 2731 305 55

154 372 283 440 uenit
320 371 405 438 ad
448 392 672 440 annos
711 373 1062 460 pubertatis
1099 373 1218 459 (ait
1267 373 1328 441 d.
1378 373 1715 458 Thomas),
1740 373 1795 439 si
1839 373 1920 438 sit
1968 371 2176 438 liberte
2217 367 2605 448 conditioni-³,
2643 377 2730 436 est

156 499 257 548 m
289 479 620 565 potestatis
668 473 975 565 quantam
1018 479 1105 546 ad
1161 500 1236 546 ea
1279 500 1417 566 quoe
1454 481 1767 566 pertinem
1810 478 1895 545 ad
1959 497 2145 558 suam
2179 494 2536 563 personam,
2580 486 2735 559 puta

159 586 291 674 quod
329 585 559 672 obliget
603 607 676 653 se
722 586 1033 671 Reliqioni
1068 607 1188 673 per
1216 598 1445 669 votum,
1484 587 1580 653 vel
1622 585 1789 682 quod
1815 585 2288 652 matrimonium
2319 582 2644 650 contrahat
2686 577 2733 647 ¹.

228 696 509 761 Possunt
562 691 1097 761 tamen'irritare
1134 692 1455 761 indirecte
1488 706 1632 760 vota
1661 692 1899 770 reatia;
1947 690 2098 777 quia
2148 690 2214 756 in
2263 687 2504 756 minori
2539 693 2735 755 aetate

165 801 481 872 constituti
528 800 975 868 filii-familias
1021 801 1355 876 bonorum
1388 819 1666 869 suorum
1715 807 1941 868 carent
1979 796 2571 875 administratione,
2607 791 2732 862 nisi

166 917 364 995 agatur
415 906 498 974 de
563 906 830 993 peculio
903 908 1223 978 castrensi
1276 915 1388 975 aut
1441 907 2019 994 quasi—castrensi,
2069 904 2165 974 vel
2222 904 2303 972 de
2351 903 2486 970 filio
2527 902 2664 988 jam
2697 918 2734 968 a

168 1018 349 1106 patria
384 1024 724 1102 potestate
772 1016 1062 1101 legitime
1109 1016 1439 1085 subducto
1488 1011 1539 1084 ².
2187 1095 2200 1115 ⁸

242 1127 389 1204 Quae
422 1122 504 1190 de
556 1131 743 1208 patre
789 1122 962 1190 dicta
1008 1132 1165 1191 sunt
1213 1131 1519 1209 respectu
1570 1122 2029 1206 filii-familias,
2077 1120 2306 1190 eadem
2374 1118 2590 1186 valent
2651 1114 2732 1184 de

170 1242 363 1300 tutore
409 1240 719 1317 respectu
768 1231 1085 1313 minoris;
1130 1250 1283 1300 cum
1330 1231 1642 1300 succedat
1691 1231 1754 1299 in
1804 1232 2026 1300 locum
2060 1229 2285 1315 patris.
2319 1230 2461 1295 Imo
2497 1225 2734 1328 proba-

168 1339 343 1409 bilius
387 1347 509 1420 est,
562 1338 732 1406 hanc
780 1344 1178 1424 potestatem
1230 1338 1427 1406 etiam
1494 1338 1685 1405 matri
1750 1338 1971 1408 inesse
2024 1337 2259 1406 saltem
2308 1332 2526 1421 quoad
2584 1338 2732 1399 vota

168 1444 533 1531 personalia,
583 1445 742 1513 licet
788 1453 976 1531 patre
1025 1445 1353 1514 existente
1370 1472 1389 1526 3
1424 1437 1576 1513 cuni
1608 1444 1734 1531 ipsi
1772 1463 2042 1531 quoque
2073 1442 2262 1510 matri
2315 1440 2429 1508 filii
2467 1450 2732 1509 tenean-

164 1561 250 1619 tur
316 1552 620 1629 obedire,
674 1559 742 1622 et
800 1553 1155 1638 Angelicus
1216 1553 1602 1622 indistincte
1667 1553 2052 1639 parentibus
2121 1553 2289 1619 hanc
2352 1537 2732 1617 facultatem

164 1660 365 1740 faciat;
410 1660 531 1727 sed
564 1679 719 1729 cum
769 1662 897 1729 hoc
943 1661 1346 1744 discrimine,
1383 1661 1563 1748 quod
1603 1668 1827 1748 potest
1860 1669 2049 1747 pater
2080 1659 2338 1728 irritare
2380 1666 2530 1726 vota
2563 1657 2730 1724 filio-

148 1786 312 1850 rum,
356 1768 854 1837 contradicente
902 1777 1148 1852 matre3
1198 1770 1316 1839 sed
1355 1789 1487 1838 non
1523 1770 1619 1838 sic
1652 1779 1882 1852 mater,
1927 1775 2113 1855 patre
2153 1766 2648 1838 contradicente
2675 1761 2728 1831 ⁸.

233 1874 367 1936 ²¹8·
415 1878 488 1957 Q.
541 1878 603 1944 7.
657 1877 970 1958 Quidnam
1007 1890 1209 1963 potest
1256 1880 1527 1946 maritas
1571 1880 1742 1946 circa
1786 1890 1932 1945 vota
1975 1877 2243 1944 uxoris?

234 1985 303 2051 R.
344 1983 713 2065 Filliucius,
766 1985 1073 2069 Layman‚
1122 1985 1418 2067 Lessius,
1470 1987 1739 2071 Sporer,
1787 1985 1940 2056 Voit
1988 1985 2232 2070 aliique
2267 1982 2540 2050 docent:
2589 1997 2729 2046 ma-

164 2087 339 2158 ritum
389 2089 661 2159 nonnisi
708 2091 1033 2160 indirecte
1081 2111 1281 2177 posse
1328 2093 1590 2161 irritare
1640 2101 1788 2161 vota
1856 2111 1997 2161 suae
2067 2091 2326 2173 uxoris,
2404 2096 2731 2176 quatenus

164 2214 372 2282 nempe
430 2197 557 2266 sihi
609 2197 1087 2283 praeiudicant3
1158 2199 1255 2266 sic
1302 2199 1478 2267 enim
1525 2200 1688 2267 satis
1736 2208 1837 2268 est
1887 2199 2223 2284 provisum
2297 2195 2511 2263 mariti
2570 2195 2734 2280 juri-

70 2353 83 2366 .
162 2303 287 2372 hus.
355 2302 488 2372 Sed
536 2304 949 2389 probabilior
995 2305 1229 2374 saltem
1277 2307 1648 2375 extrinsece
1723 2307 1980 2375 videtur
2027 2296 2365 2373 contraria
2403 2302 2732 2371 sententia

160 2411 371 2493 Azorii,
422 2410 670 2493 Grassi‚
723 2411 1086 2494 Ledesmae,
1140 2414 1243 2495 Sa,
1294 2415 1609 2496 Sanchez,
1661 2414 1825 2499 Soti,
1873 2422 2019 2497 etc.‚
2068 2415 2179 2500 qui
2229 2412 2490 2496 docent,
2541 2409 2736 2478 mari-

162 2524 283 2584 tum
335 2536 535 2603 posse
584 2517 837 2587 directe
902 2520 1161 2589 irritare
1231 2521 1451 2588 omnia
1498 2529 1648 2589 vota
1719 2522 1946 2590 uxoris
2020 2530 2173 2608 post
2238 2518 2734 2587 matrimonium

161 2626 409 2694 emissa:
488 2627 648 2695 licet
714 2646 931 2714 neque
979 2628 1127 2696 usui
1176 2627 1602 2712 matrimonii,
1654 2647 1874 2715 neque
1922 2629 2129 2715 prolis
2178 2623 2573 2707 educationi,
2624 2642 2734 2691 ne·

164 2752 271 2819 que
293 2733 677 2802 domesticae
708 2734 1269 2803 administrationi
1320 2735 1769 2819 adversentur,
1804 2743 1868 2803 et
1903 2736 2056 2824 licet
2089 2742 2313 2804 essent
2346 2730 2734 2818 exequenda

165 2848 293 2924 post
340 2841 485 2926 ejus
565 2848 886 2908 mortem:
957 2841 1431 2909 Evidentissime
1497 2856 1779 2930 apparet,
1851 2842 1941 2909 ait
1988 2842 2049 2910 d.
2095 2839 2488 2910 Ambrosius
2559 2837 2735 2923 apud

162 2946 720 3031 Salmanticenses‚
769 2950 859 3015 ita
919 2949 1129 3015 virum
1174 2971 1301 3016 esse
1344 2962 1529 3036 caput
1597 2950 1899 3031 mulieris,
1972 2963 2040 3018 nt
2080 2950 2285 3016 'nulla
2331 2960 2472 3014 vota
2537 2947 2733 3012 absti-

98 3091 109 3098 ·
162 3056 356 3120 nentioe
394 3056 494 3122 vel
545 3055 858 3142 reliyiosae
902 3057 1389 3124 conversationis
1436 3058 1614 3125 liceat
1658 3059 1779 3124 sibi
1821 3059 1954 3124 sine
1988 3060 2122 3143 ejas
2170 3056 2418 3123 licentia
2463 3058 2589 3122 Deo
2635 3054 2734 3138 of-

164 3161 321 3244 [erre.
369 3164 449 3230 Et
500 3162 744 3232 doctor
788 3163 1143 3248 Angelicus
1181 3161 1239 3228 ⁴:
1287 3165 1552 3232 Nullum
1599 3177 1807 3231 votum
1837 3164 2131 3250 Reliqiosi
2166 3176 2254 3230 est
2283 3165 2557 3249 firmum,
2606 3162 2734 3227 nisi

164 3266 223 3332 de
260 3288 560 3336 consensu
604 3269 914 3347 Proelati3
958 3271 1119 3337 sicut
1162 3289 1274 3337 nec
1318 3282 1528 3337 votum
1570 3271 1800 3357 paelice
1843 3271 2166 3337 existentis
2224 3270 2293 3336 in
2362 3268 2561 3349 domo,
2609 3268 2737 3337 nisi

165 3373 227 3441 sit
266 3374 333 3441 de
375 3379 680 3442 consensit
738 3378 986 3463 patris5
1047 3397 1157 3446 nec
1203 3379 1447 3459 umoris,
1495 3379 1623 3445 nisi
1666 3378 1748 3444 sit
1792 3378 1865 3444 de
1909 3397 2210 3445 consensu
2253 3377 2487 3443 mariti.
2548 3376 2733 3446 Ratio

166 3489 250 3548 est
291 3481 448 3549 illud
495 3483 841 3567 Apostoli:
891 3484 1126 3552 Mulier
1170 3484 1336 3551 debet
1381 3504 1509 3551 esse
1551 3486 1824 3571 subjecta
1869 3484 2024 3567 viro,
2071 3486 2230 3551 sicta
2260 3483 2602 3550 membrum
2631 3498 2734 3547 ca*

162 3584 348 3674 piti⁵;
403 3607 562 3674 ergo
614 3589 809 3657 sicuti
883 3590 1079 3675 capiti
1152 3591 1532 3660 subduntur
1600 3609 1833 3661 omnes
1906 3592 2208 3677 corporis
2278 3590 2593 3672 actioneS,
2642 3589 2730 3655 ita

166 3694 335 3762 etiam
381 3696 625 3765 mulier
671 3696 833 3779 vire,
882 3697 1047 3766 adeo
1097 3705 1170 3765 ut
1217 3698 1323 3765 hic
1369 3696 1463 3765 illi
1512 3698 1761 3766 directe
1809 3699 2189 3766 dominetur
2236 3697 2456 3785 quoad
2496 3714 2731 3765 omnes

166 3803 492 3872 voluntatis
542 3810 754 3872 actus.
803 3808 884 3873 Et
931 3806 1059 3873 hoc
1107 3805 1306 3873 etiam
1354 3806 1639 3874 maxime
1688 3806 2002 3875 conducit
2048 3806 2130 3873 ad
2178 3807 2426 3874 bonum
2477 3821 2733 3890 pacem·

167 3927 271 3996 que
310 3912 603 3981 familiae.
780 3904 785 3908 ’
951 3933 960 3940 ·
1558 3907 1563 3914 ’

242 4020 580 4088 Diximus:
646 4032 792 4107 post
836 4021 1307 4087 matrimonium
1351 4022 1577 4088 emissa
1589 4047 1614 4102 ;
1659 4031 1809 4090 vota
1858 4023 2034 4091 enim
2082 4030 2234 4090 ante
2281 4020 2542 4100 emissa,
2599 4035 2731 4086 non

168 4134 353 4209 potest
399 4128 502 4194 vir
550 4127 804 4194 directe
852 4125 1134 4210 irritare,
1186 4145 1336 4195 cum
1385 4147 1517 4196 non
1567 4130 1811 4200 fuerint
1859 4129 2098 4197 emissa
2166 4137 2468 4213 tempore
2515 4124 2732 4210 subje-

212 4303 233 4343 ¹
260 4309 301 4365 2,
333 4311 380 4367 2,
414 4319 469 4372 q.
504 4310 591 4365 88,
627 4317 678 4356 a.
715 4310 767 4359 8.
1555 4309 1581 4349 2
1621 4309 1751 4359 Can.
1787 4313 1837 4369 2,
1871 4319 2015 4360 caus
2048 4312 2132 4369 20,
2165 4320 2217 4372 q.
2253 4313 2299 4360 2.

215 4367 236 4406 ⁸
261 4368 484 4421 Eandem
522 4369 838 4420 facultatem
872 4368 1131 4430 tribuunt,
1165 4371 1211 4421 si
1246 4369 1334 4420 alii
1369 4369 1561 4431 desint,
1596 4371 1852 4433 magistro
1885 4383 2008 4421 cum
2041 4371 2324 4434 disemum,
2360 4372 2414 4422 et
2446 4370 2576 4421 hero
2608 4380 2729 4419 cum

172 4438 293 4480 nervo
320 4432 569 4494 parvulo.
604 4456 675 4469 ——
716 4431 774 4481 V.
808 4431 1019 4490 suarez,
1056 4434 1127 4482 De
1161 4434 1338 4494 Retia,
1377 4434 1529 4484 tract.
1563 4444 1639 4493 vi,
1674 4434 1709 4482 l.
1745 4445 1820 4492 vi,
1854 4445 1900 4483 c.
1936 4437 1984 4485 6.

214 4491 234 4531 ⁴
258 4498 299 4553 2.
328 4498 372 4555 2,
407 4509 460 4560 q.
497 4498 581 4554 88,
622 4505 677 4544 a.
711 4496 767 4552 8,
802 4492 870 4543 ad
901 4494 948 4543 3.
985 4493 1135 4553 Quod
1172 4498 1349 4546 tamen
1384 4496 1470 4544 hic
1504 4495 1665 4545 tradit
1698 4495 1932 4547 maxime
1965 4496 2030 4546 de
2079 4492 2220 4555 filiis,
2274 4494 2504 4558 intellige
2548 4493 2726 4556 quoad

170 4551 530 4620 dispositionem
568 4555 951 4615 domesticam,
985 4568 1093 4607 non
1129 4559 1308 4608 autem
1343 4558 1606 4620 quantum
1641 4555 1707 4606 ad
1743 4567 1827 4616 ea,
1860 4569 1980 4621 quae
2013 4557 2276 4620 pertinent
2305 4558 2369 4608 ad
2420 4568 2574 4608 suam
2622 4568 2730 4617 per·

170 4627 337 4681 aonam
370 4632 499 4672 nam
528 4617 721 4682 quoad
761 4618 875 4668 haec
906 4617 1085 4679 home,
1121 4621 1172 4671 et
1202 4632 1272 4671 ex
1305 4630 1416 4682 quo
1449 4619 1595 4670 venit
1627 4618 1694 4668 ad
1750 4630 1922 4670 annos
1976 4620 2289 4683 pubertatis,
2344 4621 2390 4670 si
2434 4620 2504 4670 sit
2549 4616 2726 4668 liherae

168 4683 456 4746 conditionis,
494 4685 579 4734 est
617 4691 738 4731 suae
772 4680 1068 4741 potestatis,

204 4744 224 4786 t
243 4748 361 4813 Eph.
399 4758 450 4800 v.
486 4769 559 4784 -—
606 4743 666 4794 V.
702 4741 938 4805 Lignori,
972 4744 1134 4795 Homo
1165 4747 1364 4807 apost„
1398 4742 1552 4796 tract.
1586 4753 1639 4805 v,
1675 4753 1730 4792 n.
1764 4743 1856 4806 363
1893 4742 1984 4807 op.
2018 4744 2176 4807 Mor„
2209 4745 2243 4795 l.
2281 4756 2358 4805 111,
2393 4755 2450 4794 n.
2491 4741 2603 4792 234.
