<?xml version="1.0" encoding="UTF-8"?>
<!DOCTYPE html PUBLIC "-//W3C//DTD XHTML 1.0 Transitional//EN"
    "http://www.w3.org/TR/xhtml1/DTD/xhtml1-transitional.dtd">
<html xmlns="http://www.w3.org/1999/xhtml" xml:lang="en" lang="en">
 <head>
  <title>
</title>
<meta http-equiv="Content-Type" content="text/html;charset=utf-8" />
  <meta name='ocr-system' content='tesseract 3.04.00' />
  <meta name='ocr-capabilities' content='ocr_page ocr_carea ocr_par ocr_line ocrx_word'/>
</head>
<body>
  <div class='ocr_page' id='page_1' title='image "./theologiamorali04scavgoog_0108.png"; bbox 0 0 3292 5167; ppageno 0'>
   <div class='ocr_carea' id='block_1_1' title="bbox 42 124 45 1347">
    <p class='ocr_par' dir='ltr' id='par_1_1' title="bbox 42 124 45 1347">
     <span class='ocr_line' id='line_1_1' title="bbox 42 124 45 1347; baseline 0 0"><span class='ocrx_word' id='word_1_1' title='bbox 42 124 45 1347; x_wconf 95' lang='lat' dir='ltr'> </span> 
     </span>
    </p>
   </div>
   <div class='ocr_carea' id='block_1_2' title="bbox 525 329 2420 399">
    <p class='ocr_par' dir='ltr' id='par_1_2' title="bbox 525 329 2420 399">
     <span class='ocr_line' id='line_1_2' title="bbox 525 329 2420 399; baseline 0.001 -3"><span class='ocrx_word' id='word_1_2' title='bbox 525 329 615 397; x_wconf 82' lang='lat'>98</span> <span class='ocrx_word' id='word_1_3' title='bbox 1234 353 1349 398; x_wconf 76' lang='lat' dir='ltr'>mn.</span> <span class='ocrx_word' id='word_1_4' title='bbox 1398 353 1461 397; x_wconf 86' lang='lat'>11.</span> <span class='ocrx_word' id='word_1_5' title='bbox 1509 352 1722 399; x_wconf 55' lang='lat' dir='ltr'>mac-r.</span> <span class='ocrx_word' id='word_1_6' title='bbox 1772 353 1828 396; x_wconf 85' lang='lat' dir='ltr'>v.</span> <span class='ocrx_word' id='word_1_7' title='bbox 1863 351 2013 398; x_wconf 65' lang='lat' dir='ltr'>mse.</span> <span class='ocrx_word' id='word_1_8' title='bbox 2062 351 2126 397; x_wconf 88' lang='lat'>11.</span> <span class='ocrx_word' id='word_1_9' title='bbox 2177 351 2308 397; x_wconf 60' lang='lat' dir='ltr'>car.</span> <span class='ocrx_word' id='word_1_10' title='bbox 2356 349 2420 397; x_wconf 85' lang='grc' dir='ltr'>ιι.</span> 
     </span>
    </p>
   </div>
   <div class='ocr_carea' id='block_1_3' title="bbox 525 452 3179 4719">
    <p class='ocr_par' dir='ltr' id='par_1_3' title="bbox 529 452 3103 630">
     <span class='ocr_line' id='line_1_3' title="bbox 529 452 3103 542; baseline 0.002 -21"><span class='ocrx_word' id='word_1_11' title='bbox 529 454 855 540; x_wconf 79' lang='lat' dir='ltr'>sphemiae</span> <span class='ocrx_word' id='word_1_12' title='bbox 901 460 1131 522; x_wconf 90' lang='lat' dir='ltr'>contra</span> <span class='ocrx_word' id='word_1_13' title='bbox 1179 457 1388 523; x_wconf 90' lang='lat' dir='ltr'>Deum</span> <span class='ocrx_word' id='word_1_14' title='bbox 1461 461 1525 522; x_wconf 88' lang='lat' dir='ltr'>et</span> <span class='ocrx_word' id='word_1_15' title='bbox 1594 454 1960 540; x_wconf 64' lang='lat' dir='ltr'>Virginem</span> <span class='ocrx_word' id='word_1_16' title='bbox 2012 471 2143 522; x_wconf 93' lang='lat' dir='ltr'>non</span> <span class='ocrx_word' id='word_1_17' title='bbox 2191 460 2412 522; x_wconf 88' lang='lat' dir='ltr'>autem</span> <span class='ocrx_word' id='word_1_18' title='bbox 2485 452 2891 540; x_wconf 89' lang='lat' dir='ltr'>blasphemia</span> <span class='ocrx_word' id='word_1_19' title='bbox 2959 474 3103 542; x_wconf 65' lang='lat' dir='ltr'>quae</span> 
     </span>
     <span class='ocr_line' id='line_1_4' title="bbox 529 560 1794 630; baseline 0.002 -3"><span class='ocrx_word' id='word_1_20' title='bbox 529 560 738 629; x_wconf 86' lang='lat' dir='ltr'>fertur</span> <span class='ocrx_word' id='word_1_21' title='bbox 784 568 1012 629; x_wconf 85' lang='lat' dir='ltr'>contra</span> <span class='ocrx_word' id='word_1_22' title='bbox 1060 562 1341 630; x_wconf 83' lang='lat' dir='ltr'>Sanctos</span> <span class='ocrx_word' id='word_1_23' title='bbox 1391 560 1794 630; x_wconf 78' lang='lat' dir='ltr'><strong>immediate.</strong></span> 
     </span>
    </p>

    <p class='ocr_par' dir='ltr' id='par_1_4' title="bbox 525 666 3109 865">
     <span class='ocr_line' id='line_1_5' title="bbox 617 666 3109 759; baseline 0.002 -24"><span class='ocrx_word' id='word_1_24' title='bbox 617 666 810 728; x_wconf 74' lang='grc'><strong>134.</strong></span> <span class='ocrx_word' id='word_1_25' title='bbox 864 671 935 750; x_wconf 89' lang='lat' dir='ltr'>Q.</span> <span class='ocrx_word' id='word_1_26' title='bbox 985 671 1045 737; x_wconf 84' lang='lat'>6.</span> <span class='ocrx_word' id='word_1_27' title='bbox 1096 670 1201 736; x_wconf 66' lang='lat' dir='ltr'>Art</span> <span class='ocrx_word' id='word_1_28' title='bbox 1242 689 1451 736; x_wconf 82' lang='lat' dir='ltr'>omnes</span> <span class='ocrx_word' id='word_1_29' title='bbox 1498 670 1894 757; x_wconf 80' lang='lat' dir='ltr'>blasphemioe</span> <span class='ocrx_word' id='word_1_30' title='bbox 1929 669 2159 757; x_wconf 83' lang='lat' dir='ltr'>species</span> <span class='ocrx_word' id='word_1_31' title='bbox 2189 668 2485 757; x_wconf 74' lang='lat' dir='ltr'>differant</span> <span class='ocrx_word' id='word_1_32' title='bbox 2530 668 2694 736; x_wconf 80' lang='lat' dir='ltr'>inter</span> <span class='ocrx_word' id='word_1_33' title='bbox 2735 688 2819 751; x_wconf 78' lang='lat' dir='ltr'>se,</span> <span class='ocrx_word' id='word_1_34' title='bbox 2869 670 3109 759; x_wconf 79' lang='lat' dir='ltr'>ideoque</span> 
     </span>
     <span class='ocr_line' id='line_1_6' title="bbox 525 774 2589 865; baseline 0.001 -24"><span class='ocrx_word' id='word_1_35' title='bbox 525 794 614 841; x_wconf 81' lang='lat' dir='ltr'>an</span> <span class='ocrx_word' id='word_1_36' title='bbox 659 776 1075 861; x_wconf 60' lang='lat' dir='ltr'>confessarius</span> <span class='ocrx_word' id='word_1_37' title='bbox 1120 776 1327 843; x_wconf 82' lang='lat' dir='ltr'>debeat</span> <span class='ocrx_word' id='word_1_38' title='bbox 1371 777 1686 861; x_wconf 79' lang='lat' dir='ltr'><strong><em>inquirere</em></strong></span> <span class='ocrx_word' id='word_1_39' title='bbox 1715 795 1906 865; x_wconf 80' lang='lat' dir='ltr'>super</span> <span class='ocrx_word' id='word_1_40' title='bbox 1935 794 2153 843; x_wconf 81' lang='lat' dir='ltr'>earum</span> <span class='ocrx_word' id='word_1_41' title='bbox 2188 774 2589 843; x_wconf 81' lang='lat' dir='ltr'>diversitate?</span> 
     </span>
    </p>

    <p class='ocr_par' dir='ltr' id='par_1_5' title="bbox 531 881 3116 2251">
     <span class='ocr_line' id='line_1_7' title="bbox 621 881 3107 969; baseline 0.002 -19"><span class='ocrx_word' id='word_1_42' title='bbox 621 884 688 950; x_wconf 86' lang='lat' dir='ltr'>R.</span> <span class='ocrx_word' id='word_1_43' title='bbox 741 884 905 950; x_wconf 91' lang='lat' dir='ltr'>Cum</span> <span class='ocrx_word' id='word_1_44' title='bbox 955 883 1220 951; x_wconf 89' lang='lat' dir='ltr'>Lessio:</span> <span class='ocrx_word' id='word_1_45' title='bbox 1270 883 1324 952; x_wconf 91' lang='lat' dir='ltr'>si</span> <span class='ocrx_word' id='word_1_46' title='bbox 1374 883 1780 969; x_wconf 87' lang='lat' dir='ltr'>blasphemia</span> <span class='ocrx_word' id='word_1_47' title='bbox 1832 881 2144 969; x_wconf 88' lang='lat' dir='ltr'>procedat</span> <span class='ocrx_word' id='word_1_48' title='bbox 2192 900 2272 951; x_wconf 84' lang='lat' dir='ltr'>ex</span> <span class='ocrx_word' id='word_1_49' title='bbox 2334 881 2820 968; x_wconf 70' lang='lat' dir='ltr'>desperatione,</span> <span class='ocrx_word' id='word_1_50' title='bbox 2889 883 2988 952; x_wconf 87' lang='lat' dir='ltr'>vel</span> <span class='ocrx_word' id='word_1_51' title='bbox 3032 903 3107 954; x_wconf 84' lang='lat' dir='ltr'>ex</span> 
     </span>
     <span class='ocr_line' id='line_1_8' title="bbox 531 986 3105 1076; baseline 0.002 -22"><span class='ocrx_word' id='word_1_52' title='bbox 531 986 685 1054; x_wconf 89' lang='lat' dir='ltr'>odio</span> <span class='ocrx_word' id='word_1_53' title='bbox 736 996 847 1055; x_wconf 92' lang='lat' dir='ltr'>aut</span> <span class='ocrx_word' id='word_1_54' title='bbox 918 989 1325 1072; x_wconf 84' lang='lat' dir='ltr'>infidelitate,</span> <span class='ocrx_word' id='word_1_55' title='bbox 1374 998 1446 1057; x_wconf 92' lang='lat' dir='ltr'>ut</span> <span class='ocrx_word' id='word_1_56' title='bbox 1494 989 1548 1058; x_wconf 86' lang='lat' dir='ltr'>si</span> <span class='ocrx_word' id='word_1_57' title='bbox 1598 989 1684 1058; x_wconf 90' lang='lat' dir='ltr'>sit</span> <span class='ocrx_word' id='word_1_58' title='bbox 1732 989 2171 1076; x_wconf 82' lang='lat' dir='ltr'>imprecativa,</span> <span class='ocrx_word' id='word_1_59' title='bbox 2226 988 2534 1058; x_wconf 85' lang='lat' dir='ltr'>haeretica</span> <span class='ocrx_word' id='word_1_60' title='bbox 2607 987 2707 1057; x_wconf 87' lang='lat' dir='ltr'>vel</span> <span class='ocrx_word' id='word_1_61' title='bbox 2771 989 3105 1058; x_wconf 75' lang='lat' dir='ltr'>haeretica-</span> 
     </span>
     <span class='ocr_line' id='line_1_9' title="bbox 532 1093 3105 1182; baseline 0.003 -23"><span class='ocrx_word' id='word_1_62' title='bbox 532 1093 632 1175; x_wconf 86' lang='lat' dir='ltr'>lis,</span> <span class='ocrx_word' id='word_1_63' title='bbox 683 1093 746 1160; x_wconf 88' lang='lat' dir='ltr'>id</span> <span class='ocrx_word' id='word_1_64' title='bbox 794 1097 1223 1182; x_wconf 90' lang='lat' dir='ltr'>aperiendum</span> <span class='ocrx_word' id='word_1_65' title='bbox 1270 1104 1400 1179; x_wconf 88' lang='lat' dir='ltr'>est;</span> <span class='ocrx_word' id='word_1_66' title='bbox 1452 1110 1601 1164; x_wconf 90' lang='lat' dir='ltr'>nam</span> <span class='ocrx_word' id='word_1_67' title='bbox 1652 1103 1808 1164; x_wconf 88' lang='lat' dir='ltr'>tunc</span> <span class='ocrx_word' id='word_1_68' title='bbox 1855 1095 2284 1181; x_wconf 85' lang='lat' dir='ltr'>blasphemiae</span> <span class='ocrx_word' id='word_1_69' title='bbox 2334 1095 2585 1165; x_wconf 88' lang='lat' dir='ltr'>accedit</span> <span class='ocrx_word' id='word_1_70' title='bbox 2634 1114 2801 1165; x_wconf 83' lang='lat' dir='ltr'>nova</span> <span class='ocrx_word' id='word_1_71' title='bbox 2850 1097 3105 1167; x_wconf 88' lang='lat' dir='ltr'>malitia.</span> 
     </span>
     <span class='ocr_line' id='line_1_10' title="bbox 533 1201 3108 1290; baseline 0.002 -23"><span class='ocrx_word' id='word_1_72' title='bbox 533 1201 695 1280; x_wconf 83' lang='lat' dir='ltr'>Quae</span> <span class='ocrx_word' id='word_1_73' title='bbox 745 1220 901 1271; x_wconf 83' lang='lat' dir='ltr'>sane</span> <span class='ocrx_word' id='word_1_74' title='bbox 950 1212 1049 1271; x_wconf 92' lang='lat' dir='ltr'>est</span> <span class='ocrx_word' id='word_1_75' title='bbox 1097 1223 1175 1272; x_wconf 81' lang='lat' dir='ltr'>ex</span> <span class='ocrx_word' id='word_1_76' title='bbox 1221 1203 1706 1290; x_wconf 81' lang='lat' dir='ltr'>desperatione,</span> <span class='ocrx_word' id='word_1_77' title='bbox 1756 1209 1857 1271; x_wconf 89' lang='lat' dir='ltr'>est</span> <span class='ocrx_word' id='word_1_78' title='bbox 1904 1202 2100 1271; x_wconf 86' lang='lat' dir='ltr'>etiam</span> <span class='ocrx_word' id='word_1_79' title='bbox 2138 1210 2368 1271; x_wconf 90' lang='lat' dir='ltr'>contra</span> <span class='ocrx_word' id='word_1_80' title='bbox 2403 1221 2623 1288; x_wconf 87' lang='lat' dir='ltr'>spem;</span> <span class='ocrx_word' id='word_1_81' title='bbox 2673 1203 2981 1272; x_wconf 82' lang='lat' dir='ltr'>haeretica</span> <span class='ocrx_word' id='word_1_82' title='bbox 3016 1214 3108 1272; x_wconf 90' lang='lat' dir='ltr'>est</span> 
     </span>
     <span class='ocr_line' id='line_1_11' title="bbox 532 1308 3109 1397; baseline 0.001 -20"><span class='ocrx_word' id='word_1_83' title='bbox 532 1308 731 1377; x_wconf 88' lang='lat' dir='ltr'>etiam</span> <span class='ocrx_word' id='word_1_84' title='bbox 779 1319 1008 1377; x_wconf 88' lang='lat' dir='ltr'>contra</span> <span class='ocrx_word' id='word_1_85' title='bbox 1056 1310 1291 1393; x_wconf 87' lang='lat' dir='ltr'>fidem;</span> <span class='ocrx_word' id='word_1_86' title='bbox 1344 1309 1739 1378; x_wconf 84' lang='lat' dir='ltr'>haereticalis</span> <span class='ocrx_word' id='word_1_87' title='bbox 1789 1316 2017 1377; x_wconf 89' lang='lat' dir='ltr'>contra</span> <span class='ocrx_word' id='word_1_88' title='bbox 2078 1317 2489 1397; x_wconf 74' lang='lat' dir='ltr'>praeceptum</span> <span class='ocrx_word' id='word_1_89' title='bbox 2562 1310 2758 1379; x_wconf 85' lang='lat' dir='ltr'>fidem</span> <span class='ocrx_word' id='word_1_90' title='bbox 2830 1310 3109 1380; x_wconf 86' lang='lat' dir='ltr'>exterius</span> 
     </span>
     <span class='ocr_line' id='line_1_12' title="bbox 537 1412 3110 1504; baseline 0 -22"><span class='ocrx_word' id='word_1_91' title='bbox 537 1415 923 1500; x_wconf 83' lang='lat' dir='ltr'>profitendi3</span> <span class='ocrx_word' id='word_1_92' title='bbox 974 1418 1395 1503; x_wconf 86' lang='lat' dir='ltr'>imprecativa</span> <span class='ocrx_word' id='word_1_93' title='bbox 1444 1435 1596 1485; x_wconf 85' lang='lat' dir='ltr'>vero</span> <span class='ocrx_word' id='word_1_94' title='bbox 1648 1425 1878 1484; x_wconf 88' lang='lat' dir='ltr'>contra</span> <span class='ocrx_word' id='word_1_95' title='bbox 1926 1415 2313 1484; x_wconf 87' lang='lat' dir='ltr'>charitatem</span> <span class='ocrx_word' id='word_1_96' title='bbox 2362 1416 2501 1484; x_wconf 87' lang='lat' dir='ltr'>Dei.</span> <span class='ocrx_word' id='word_1_97' title='bbox 2553 1418 2717 1485; x_wconf 88' lang='lat' dir='ltr'>Item</span> <span class='ocrx_word' id='word_1_98' title='bbox 2770 1412 3110 1504; x_wconf 83' lang='lat' dir='ltr'>aperienda</span> 
     </span>
     <span class='ocr_line' id='line_1_13' title="bbox 531 1522 3109 1610; baseline 0.002 -21"><span class='ocrx_word' id='word_1_99' title='bbox 531 1529 635 1589; x_wconf 87' lang='lat' dir='ltr'>est</span> <span class='ocrx_word' id='word_1_100' title='bbox 685 1523 1109 1608; x_wconf 88' lang='lat' dir='ltr'>blasphemia,</span> <span class='ocrx_word' id='word_1_101' title='bbox 1160 1541 1308 1610; x_wconf 85' lang='lat' dir='ltr'>quae</span> <span class='ocrx_word' id='word_1_102' title='bbox 1358 1523 1552 1592; x_wconf 84' lang='lat' dir='ltr'>suerit</span> <span class='ocrx_word' id='word_1_103' title='bbox 1580 1523 1833 1592; x_wconf 89' lang='lat' dir='ltr'>directe</span> <span class='ocrx_word' id='word_1_104' title='bbox 1866 1523 2064 1592; x_wconf 86' lang='lat' dir='ltr'>volita</span> <span class='ocrx_word' id='word_1_105' title='bbox 2112 1541 2231 1592; x_wconf 89' lang='lat' dir='ltr'>seu</span> <span class='ocrx_word' id='word_1_106' title='bbox 2279 1522 2798 1605; x_wconf 88' lang='lat' dir='ltr'>dehonestativa,</span> <span class='ocrx_word' id='word_1_107' title='bbox 2851 1530 2921 1592; x_wconf 89' lang='lat' dir='ltr'>ut</span> <span class='ocrx_word' id='word_1_108' title='bbox 2968 1542 3109 1593; x_wconf 90' lang='lat' dir='ltr'>cum</span> 
     </span>
     <span class='ocr_line' id='line_1_14' title="bbox 535 1627 3109 1699; baseline 0.002 -5"><span class='ocrx_word' id='word_1_109' title='bbox 535 1627 607 1695; x_wconf 85' lang='lat' dir='ltr'>fit</span> <span class='ocrx_word' id='word_1_110' title='bbox 655 1628 871 1698; x_wconf 89' lang='lat' dir='ltr'>animo</span> <span class='ocrx_word' id='word_1_111' title='bbox 912 1630 1190 1699; x_wconf 85' lang='lat' dir='ltr'>faciendi</span> <span class='ocrx_word' id='word_1_112' title='bbox 1240 1630 1710 1699; x_wconf 89' lang='lat' dir='ltr'>contumeliam</span> <span class='ocrx_word' id='word_1_113' title='bbox 1759 1631 1933 1699; x_wconf 86' lang='lat' dir='ltr'>Deo:</span> <span class='ocrx_word' id='word_1_114' title='bbox 1976 1648 2107 1698; x_wconf 91' lang='lat' dir='ltr'>non</span> <span class='ocrx_word' id='word_1_115' title='bbox 2157 1636 2375 1698; x_wconf 90' lang='lat' dir='ltr'>autem</span> <span class='ocrx_word' id='word_1_116' title='bbox 2416 1631 2471 1697; x_wconf 90' lang='lat' dir='ltr'>si</span> <span class='ocrx_word' id='word_1_117' title='bbox 2520 1630 2841 1699; x_wconf 75' lang='lat' dir='ltr'>indirecte</span> <span class='ocrx_word' id='word_1_118' title='bbox 2906 1631 3109 1699; x_wconf 90' lang='lat' dir='ltr'>solum</span> 
     </span>
     <span class='ocr_line' id='line_1_15' title="bbox 533 1736 3108 1823; baseline 0.001 -20"><span class='ocrx_word' id='word_1_119' title='bbox 533 1737 619 1804; x_wconf 90' lang='lat' dir='ltr'>sit</span> <span class='ocrx_word' id='word_1_120' title='bbox 671 1737 883 1820; x_wconf 89' lang='lat' dir='ltr'>volita,</span> <span class='ocrx_word' id='word_1_121' title='bbox 936 1745 1007 1805; x_wconf 92' lang='lat' dir='ltr'>ut</span> <span class='ocrx_word' id='word_1_122' title='bbox 1055 1756 1206 1806; x_wconf 92' lang='lat' dir='ltr'>cum</span> <span class='ocrx_word' id='word_1_123' title='bbox 1256 1737 1326 1804; x_wconf 85' lang='lat' dir='ltr'>fit</span> <span class='ocrx_word' id='word_1_124' title='bbox 1373 1758 1455 1806; x_wconf 82' lang='lat' dir='ltr'>ex</span> <span class='ocrx_word' id='word_1_125' title='bbox 1503 1738 1595 1804; x_wconf 88' lang='lat' dir='ltr'>ira</span> <span class='ocrx_word' id='word_1_126' title='bbox 1644 1756 1797 1823; x_wconf 86' lang='lat' dir='ltr'>erga</span> <span class='ocrx_word' id='word_1_127' title='bbox 1847 1736 2184 1806; x_wconf 87' lang='lat' dir='ltr'>hominem</span> <span class='ocrx_word' id='word_1_128' title='bbox 2240 1736 2323 1805; x_wconf 89' lang='lat' dir='ltr'>ad</span> <span class='ocrx_word' id='word_1_129' title='bbox 2392 1737 2872 1806; x_wconf 82' lang='lat' dir='ltr'>ostendendam</span> <span class='ocrx_word' id='word_1_130' title='bbox 2921 1739 3108 1805; x_wconf 91' lang='lat' dir='ltr'>animi</span> 
     </span>
     <span class='ocr_line' id='line_1_16' title="bbox 535 1843 3110 1931; baseline 0.002 -21"><span class='ocrx_word' id='word_1_131' title='bbox 535 1843 1073 1930; x_wconf 85' lang='lat' dir='ltr'>indignationem,</span> <span class='ocrx_word' id='word_1_132' title='bbox 1144 1845 1244 1915; x_wconf 86' lang='lat' dir='ltr'>vel</span> <span class='ocrx_word' id='word_1_133' title='bbox 1316 1865 1397 1915; x_wconf 83' lang='lat' dir='ltr'>ex</span> <span class='ocrx_word' id='word_1_134' title='bbox 1460 1844 1866 1931; x_wconf 87' lang='lat' dir='ltr'>impatientia</span> <span class='ocrx_word' id='word_1_135' title='bbox 1939 1845 2190 1930; x_wconf 83' lang='lat' dir='ltr'>absque</span> <span class='ocrx_word' id='word_1_136' title='bbox 2261 1862 2457 1931; x_wconf 87' lang='lat' dir='ltr'>pravo</span> <span class='ocrx_word' id='word_1_137' title='bbox 2507 1853 2689 1913; x_wconf 89' lang='lat' dir='ltr'>motu</span> <span class='ocrx_word' id='word_1_138' title='bbox 2755 1846 2822 1914; x_wconf 91' lang='lat' dir='ltr'>in</span> <span class='ocrx_word' id='word_1_139' title='bbox 2894 1847 3110 1915; x_wconf 92' lang='lat' dir='ltr'>Deum.</span> 
     </span>
     <span class='ocr_line' id='line_1_17' title="bbox 535 1950 3111 2038; baseline 0.001 -22"><span class='ocrx_word' id='word_1_140' title='bbox 535 1951 759 2036; x_wconf 81' lang='lat' dir='ltr'>Longe</span> <span class='ocrx_word' id='word_1_141' title='bbox 808 1953 984 2021; x_wconf 91' lang='lat' dir='ltr'>enim</span> <span class='ocrx_word' id='word_1_142' title='bbox 1030 1953 1302 2021; x_wconf 87' lang='lat' dir='ltr'>alterius</span> <span class='ocrx_word' id='word_1_143' title='bbox 1353 1951 1628 2019; x_wconf 89' lang='lat' dir='ltr'>rationis</span> <span class='ocrx_word' id='word_1_144' title='bbox 1680 1956 2022 2037; x_wconf 88' lang='lat' dir='ltr'>peccatum</span> <span class='ocrx_word' id='word_1_145' title='bbox 2093 1957 2214 2032; x_wconf 87' lang='lat' dir='ltr'>est,</span> <span class='ocrx_word' id='word_1_146' title='bbox 2280 1969 2430 2020; x_wconf 90' lang='lat' dir='ltr'>cum</span> <span class='ocrx_word' id='word_1_147' title='bbox 2501 1952 2657 2019; x_wconf 79' lang='lat' dir='ltr'>sacis</span> <span class='ocrx_word' id='word_1_148' title='bbox 2728 1950 2975 2038; x_wconf 86' lang='lat' dir='ltr'>aliquid</span> <span class='ocrx_word' id='word_1_149' title='bbox 3020 1952 3111 2019; x_wconf 90' lang='lat' dir='ltr'>di-</span> 
     </span>
     <span class='ocr_line' id='line_1_18' title="bbox 537 2057 3116 2145; baseline 0.002 -22"><span class='ocrx_word' id='word_1_150' title='bbox 537 2066 712 2125; x_wconf 89' lang='lat' dir='ltr'>recta</span> <span class='ocrx_word' id='word_1_151' title='bbox 785 2058 1173 2142; x_wconf 89' lang='lat' dir='ltr'>intentione,</span> <span class='ocrx_word' id='word_1_152' title='bbox 1227 2066 1298 2127; x_wconf 87' lang='lat' dir='ltr'>ut</span> <span class='ocrx_word' id='word_1_153' title='bbox 1347 2059 1560 2144; x_wconf 86' lang='lat' dir='ltr'>legem</span> <span class='ocrx_word' id='word_1_154' title='bbox 1609 2058 1813 2126; x_wconf 87' lang='lat' dir='ltr'>violes</span> <span class='ocrx_word' id='word_1_155' title='bbox 1831 2083 1851 2139; x_wconf 88' lang='lat'>;</span> <span class='ocrx_word' id='word_1_156' title='bbox 1903 2057 2027 2126; x_wconf 88' lang='lat' dir='ltr'>hoc</span> <span class='ocrx_word' id='word_1_157' title='bbox 2076 2057 2253 2125; x_wconf 90' lang='lat' dir='ltr'>enim</span> <span class='ocrx_word' id='word_1_158' title='bbox 2301 2076 2528 2126; x_wconf 86' lang='lat' dir='ltr'>verum</span> <span class='ocrx_word' id='word_1_159' title='bbox 2599 2059 2761 2145; x_wconf 84' lang='lat' dir='ltr'>legis</span> <span class='ocrx_word' id='word_1_160' title='bbox 2834 2068 3116 2128; x_wconf 92' lang='lat' dir='ltr'>contem-</span> 
     </span>
     <span class='ocr_line' id='line_1_19' title="bbox 540 2164 1574 2251; baseline 0.002 -19"><span class='ocrx_word' id='word_1_161' title='bbox 540 2171 724 2251; x_wconf 89' lang='lat' dir='ltr'>ptum</span> <span class='ocrx_word' id='word_1_162' title='bbox 773 2165 1049 2233; x_wconf 88' lang='lat' dir='ltr'>includit</span> <span class='ocrx_word' id='word_1_163' title='bbox 1087 2173 1134 2234; x_wconf 86' lang='lat'>¹.</span> <span class='ocrx_word' id='word_1_164' title='bbox 1207 2186 1218 2203; x_wconf 57' lang='lat' dir='ltr'><em>f</em></span> <span class='ocrx_word' id='word_1_165' title='bbox 1299 2169 1308 2178; x_wconf 83' lang='lat'><strong><em>&#39;</em></strong></span> <span class='ocrx_word' id='word_1_166' title='bbox 1567 2164 1574 2172; x_wconf 83' lang='lat'><strong>‘</strong></span> 
     </span>
    </p>

    <p class='ocr_par' dir='ltr' id='par_1_6' title="bbox 533 2272 3179 2897">
     <span class='ocr_line' id='line_1_20' title="bbox 625 2272 3114 2361; baseline 0 -20"><span class='ocrx_word' id='word_1_167' title='bbox 625 2273 692 2341; x_wconf 89' lang='lat' dir='ltr'>Si</span> <span class='ocrx_word' id='word_1_168' title='bbox 745 2293 896 2342; x_wconf 85' lang='lat' dir='ltr'>vero</span> <span class='ocrx_word' id='word_1_169' title='bbox 944 2274 1352 2361; x_wconf 88' lang='lat' dir='ltr'>blasphemia</span> <span class='ocrx_word' id='word_1_170' title='bbox 1401 2273 1596 2341; x_wconf 79' lang='lat' dir='ltr'>fuerit</span> <span class='ocrx_word' id='word_1_171' title='bbox 1645 2272 1711 2340; x_wconf 89' lang='lat' dir='ltr'>in</span> <span class='ocrx_word' id='word_1_172' title='bbox 1761 2273 2059 2355; x_wconf 90' lang='lat' dir='ltr'>Sanctos,</span> <span class='ocrx_word' id='word_1_173' title='bbox 2111 2289 2242 2340; x_wconf 91' lang='lat' dir='ltr'>non</span> <span class='ocrx_word' id='word_1_174' title='bbox 2277 2280 2497 2340; x_wconf 88' lang='lat' dir='ltr'>autem</span> <span class='ocrx_word' id='word_1_175' title='bbox 2535 2275 2596 2340; x_wconf 92' lang='lat' dir='ltr'>in</span> <span class='ocrx_word' id='word_1_176' title='bbox 2633 2278 2864 2356; x_wconf 83' lang='lat' dir='ltr'>Deum,</span> <span class='ocrx_word' id='word_1_177' title='bbox 2906 2280 3114 2342; x_wconf 90' lang='lat' dir='ltr'>utrum</span> 
     </span>
     <span class='ocr_line' id='line_1_21' title="bbox 535 2376 3114 2469; baseline 0 -21"><span class='ocrx_word' id='word_1_178' title='bbox 535 2378 604 2448; x_wconf 90' lang='lat' dir='ltr'>id</span> <span class='ocrx_word' id='word_1_179' title='bbox 650 2380 847 2449; x_wconf 90' lang='lat' dir='ltr'>etiam</span> <span class='ocrx_word' id='word_1_180' title='bbox 896 2382 980 2450; x_wconf 90' lang='lat' dir='ltr'>sit</span> <span class='ocrx_word' id='word_1_181' title='bbox 1028 2380 1479 2469; x_wconf 89' lang='lat' dir='ltr'>aperiendum,</span> <span class='ocrx_word' id='word_1_182' title='bbox 1529 2378 1891 2465; x_wconf 90' lang='lat' dir='ltr'>disputant.</span> <span class='ocrx_word' id='word_1_183' title='bbox 1940 2376 2064 2445; x_wconf 85' lang='lat' dir='ltr'>Alii</span> <span class='ocrx_word' id='word_1_184' title='bbox 2117 2377 2443 2445; x_wconf 82' lang='lat' dir='ltr'>affirmant</span> <span class='ocrx_word' id='word_1_185' title='bbox 2493 2380 2929 2465; x_wconf 86' lang='lat' dir='ltr'>probabiliter</span> <span class='ocrx_word' id='word_1_186' title='bbox 2974 2399 3114 2449; x_wconf 90' lang='lat' dir='ltr'>cum</span> 
     </span>
     <span class='ocr_line' id='line_1_22' title="bbox 533 2484 3113 2576; baseline 0 -20"><span class='ocrx_word' id='word_1_187' title='bbox 533 2489 838 2572; x_wconf 74' lang='lat' dir='ltr'>Autome,</span> <span class='ocrx_word' id='word_1_188' title='bbox 890 2489 1103 2558; x_wconf 89' lang='lat' dir='ltr'>Collet</span> <span class='ocrx_word' id='word_1_189' title='bbox 1176 2490 1501 2576; x_wconf 86' lang='lat' dir='ltr'>aliisque3</span> <span class='ocrx_word' id='word_1_190' title='bbox 1553 2487 1708 2573; x_wconf 90' lang='lat' dir='ltr'>quia</span> <span class='ocrx_word' id='word_1_191' title='bbox 1757 2502 1988 2553; x_wconf 91' lang='lat' dir='ltr'>omnes</span> <span class='ocrx_word' id='word_1_192' title='bbox 2030 2484 2198 2552; x_wconf 86' lang='lat' dir='ltr'>ultra</span> <span class='ocrx_word' id='word_1_193' title='bbox 2243 2487 2572 2572; x_wconf 88' lang='lat' dir='ltr'>propriam</span> <span class='ocrx_word' id='word_1_194' title='bbox 2616 2489 2930 2556; x_wconf 88' lang='lat' dir='ltr'>malitiam</span> <span class='ocrx_word' id='word_1_195' title='bbox 2961 2505 3113 2556; x_wconf 90' lang='lat' dir='ltr'>con·</span> 
     </span>
     <span class='ocr_line' id='line_1_23' title="bbox 539 2579 3179 2697; baseline 0 -34"><span class='ocrx_word' id='word_1_196' title='bbox 539 2595 749 2664; x_wconf 90' lang='lat' dir='ltr'>tinent</span> <span class='ocrx_word' id='word_1_197' title='bbox 801 2616 1033 2665; x_wconf 91' lang='lat' dir='ltr'>novam</span> <span class='ocrx_word' id='word_1_198' title='bbox 1085 2579 1397 2665; x_wconf 85' lang='lat' dir='ltr'>malitiam</span> <span class='ocrx_word' id='word_1_199' title='bbox 1447 2601 1675 2665; x_wconf 86' lang='lat' dir='ltr'>contra</span> <span class='ocrx_word' id='word_1_200' title='bbox 1725 2592 1990 2675; x_wconf 91' lang='lat' dir='ltr'>duliam,</span> <span class='ocrx_word' id='word_1_201' title='bbox 2040 2594 2140 2662; x_wconf 85' lang='lat' dir='ltr'>vel</span> <span class='ocrx_word' id='word_1_202' title='bbox 2189 2593 2639 2680; x_wconf 88' lang='lat' dir='ltr'>hyperduliam</span> <span class='ocrx_word' id='word_1_203' title='bbox 2687 2597 2787 2664; x_wconf 89' lang='lat' dir='ltr'>vel</span> <span class='ocrx_word' id='word_1_204' title='bbox 2839 2596 3113 2675; x_wconf 84' lang='lat' dir='ltr'>latriam:</span> <span class='ocrx_word' id='word_1_205' title='bbox 3167 2680 3179 2697; x_wconf 25' lang='grc' dir='ltr'>ὓ</span> 
     </span>
     <span class='ocr_line' id='line_1_24' title="bbox 535 2699 3115 2789; baseline -0 -19"><span class='ocrx_word' id='word_1_206' title='bbox 535 2702 708 2771; x_wconf 91' lang='lat' dir='ltr'>unde</span> <span class='ocrx_word' id='word_1_207' title='bbox 743 2703 854 2789; x_wconf 91' lang='lat' dir='ltr'>qui</span> <span class='ocrx_word' id='word_1_208' title='bbox 906 2704 1101 2772; x_wconf 88' lang='lat' dir='ltr'>unico</span> <span class='ocrx_word' id='word_1_209' title='bbox 1137 2711 1284 2773; x_wconf 90' lang='lat' dir='ltr'>actu</span> <span class='ocrx_word' id='word_1_210' title='bbox 1323 2701 1738 2788; x_wconf 86' lang='lat' dir='ltr'>blasphemat</span> <span class='ocrx_word' id='word_1_211' title='bbox 1776 2699 2129 2767; x_wconf 85' lang='lat' dir='ltr'>duodecim</span> <span class='ocrx_word' id='word_1_212' title='bbox 2166 2699 2547 2786; x_wconf 81' lang='lat' dir='ltr'>Apostolos,</span> <span class='ocrx_word' id='word_1_213' title='bbox 2586 2701 2940 2769; x_wconf 85' lang='lat' dir='ltr'>committit</span> <span class='ocrx_word' id='word_1_214' title='bbox 2964 2701 3115 2771; x_wconf 90' lang='lat' dir='ltr'>duo-</span> 
     </span>
     <span class='ocr_line' id='line_1_25' title="bbox 535 2806 2781 2897; baseline 0 -22"><span class='ocrx_word' id='word_1_215' title='bbox 535 2807 746 2878; x_wconf 86' lang='lat' dir='ltr'>decim</span> <span class='ocrx_word' id='word_1_216' title='bbox 798 2819 1083 2897; x_wconf 87' lang='lat' dir='ltr'>peccata,</span> <span class='ocrx_word' id='word_1_217' title='bbox 1118 2810 1271 2897; x_wconf 87' lang='lat' dir='ltr'>quia</span> <span class='ocrx_word' id='word_1_218' title='bbox 1320 2809 1842 2894; x_wconf 88' lang='lat' dir='ltr'>uniuscujusque</span> <span class='ocrx_word' id='word_1_219' title='bbox 1879 2806 2177 2893; x_wconf 86' lang='lat' dir='ltr'>Apostoli</span> <span class='ocrx_word' id='word_1_220' title='bbox 2213 2807 2529 2877; x_wconf 91' lang='lat' dir='ltr'>honorem</span> <span class='ocrx_word' id='word_1_221' title='bbox 2578 2807 2781 2876; x_wconf 81' lang='lat' dir='ltr'>laedit.</span> 
     </span>
    </p>

    <p class='ocr_par' dir='ltr' id='par_1_7' title="bbox 534 2911 3114 4177">
     <span class='ocr_line' id='line_1_26' title="bbox 625 2911 3114 3003; baseline -0.002 -19"><span class='ocrx_word' id='word_1_222' title='bbox 625 2915 755 2985; x_wconf 90' lang='lat' dir='ltr'>Sed</span> <span class='ocrx_word' id='word_1_223' title='bbox 803 2916 1175 3003; x_wconf 82' lang='lat' dir='ltr'>negandum</span> <span class='ocrx_word' id='word_1_224' title='bbox 1223 2934 1374 2984; x_wconf 89' lang='lat' dir='ltr'>cum</span> <span class='ocrx_word' id='word_1_225' title='bbox 1422 2917 1773 3001; x_wconf 87' lang='lat' dir='ltr'>Layman0,</span> <span class='ocrx_word' id='word_1_226' title='bbox 1831 2915 2004 2995; x_wconf 87' lang='lat' dir='ltr'>Viva,</span> <span class='ocrx_word' id='word_1_227' title='bbox 2055 2913 2368 2995; x_wconf 89' lang='lat' dir='ltr'>Sanchez,</span> <span class='ocrx_word' id='word_1_228' title='bbox 2418 2921 2578 2983; x_wconf 90' lang='lat' dir='ltr'>etc.:</span> <span class='ocrx_word' id='word_1_229' title='bbox 2619 2916 2784 2983; x_wconf 88' lang='lat' dir='ltr'>ratio</span> <span class='ocrx_word' id='word_1_230' title='bbox 2822 2920 2941 2997; x_wconf 88' lang='lat' dir='ltr'>est,</span> <span class='ocrx_word' id='word_1_231' title='bbox 2974 2911 3114 2998; x_wconf 86' lang='lat' dir='ltr'>quia</span> 
     </span>
     <span class='ocr_line' id='line_1_27' title="bbox 535 3017 3111 3112; baseline -0.003 -21"><span class='ocrx_word' id='word_1_232' title='bbox 535 3023 813 3109; x_wconf 83' lang='lat' dir='ltr'>singulae</span> <span class='ocrx_word' id='word_1_233' title='bbox 865 3024 1214 3112; x_wconf 88' lang='lat' dir='ltr'>aequaliter</span> <span class='ocrx_word' id='word_1_234' title='bbox 1260 3022 1693 3092; x_wconf 85' lang='lat' dir='ltr'>adversantur</span> <span class='ocrx_word' id='word_1_235' title='bbox 1744 3020 1965 3087; x_wconf 83' lang='lat' dir='ltr'>virtuti</span> <span class='ocrx_word' id='word_1_236' title='bbox 2016 3020 2393 3105; x_wconf 78' lang='lat' dir='ltr'>Religionis,</span> <span class='ocrx_word' id='word_1_237' title='bbox 2447 3038 2596 3088; x_wconf 91' lang='lat' dir='ltr'>nam</span> <span class='ocrx_word' id='word_1_238' title='bbox 2648 3020 2736 3088; x_wconf 84' lang='lat' dir='ltr'>illi</span> <span class='ocrx_word' id='word_1_239' title='bbox 2764 3021 2963 3089; x_wconf 88' lang='lat' dir='ltr'>etiam</span> <span class='ocrx_word' id='word_1_240' title='bbox 3009 3017 3111 3105; x_wconf 86' lang='lat' dir='ltr'>qui</span> 
     </span>
     <span class='ocr_line' id='line_1_28' title="bbox 534 3116 3111 3218; baseline -0.002 -18"><span class='ocrx_word' id='word_1_241' title='bbox 534 3132 994 3218; x_wconf 88' lang='lat' dir='ltr'>blasphemant</span> <span class='ocrx_word' id='word_1_242' title='bbox 1042 3133 1105 3199; x_wconf 92' lang='lat' dir='ltr'>in</span> <span class='ocrx_word' id='word_1_243' title='bbox 1157 3132 1456 3212; x_wconf 91' lang='lat' dir='ltr'>Sanctos,</span> <span class='ocrx_word' id='word_1_244' title='bbox 1506 3129 1722 3197; x_wconf 89' lang='lat' dir='ltr'>verius</span> <span class='ocrx_word' id='word_1_245' title='bbox 1773 3126 2033 3197; x_wconf 89' lang='lat' dir='ltr'>nonnisi</span> <span class='ocrx_word' id='word_1_246' title='bbox 2080 3116 2312 3207; x_wconf 72' lang='lat' dir='ltr'>,contra</span> <span class='ocrx_word' id='word_1_247' title='bbox 2339 3128 2593 3197; x_wconf 86' lang='lat' dir='ltr'>latriam</span> <span class='ocrx_word' id='word_1_248' title='bbox 2624 3136 2917 3214; x_wconf 89' lang='lat' dir='ltr'>peccant,</span> <span class='ocrx_word' id='word_1_249' title='bbox 2969 3144 3111 3196; x_wconf 90' lang='lat' dir='ltr'>cum</span> 
     </span>
     <span class='ocr_line' id='line_1_29' title="bbox 535 3233 3112 3324; baseline -0.002 -17"><span class='ocrx_word' id='word_1_250' title='bbox 535 3257 766 3309; x_wconf 89' lang='lat' dir='ltr'>omnes</span> <span class='ocrx_word' id='word_1_251' title='bbox 817 3240 963 3308; x_wconf 87' lang='lat' dir='ltr'>istae</span> <span class='ocrx_word' id='word_1_252' title='bbox 1011 3236 1445 3324; x_wconf 67' lang='lat' dir='ltr'>blasphemiae</span> <span class='ocrx_word' id='word_1_253' title='bbox 1498 3254 1687 3305; x_wconf 90' lang='lat' dir='ltr'>suam</span> <span class='ocrx_word' id='word_1_254' title='bbox 1739 3233 2053 3302; x_wconf 87' lang='lat' dir='ltr'>malitiam</span> <span class='ocrx_word' id='word_1_255' title='bbox 2103 3233 2453 3304; x_wconf 88' lang='lat' dir='ltr'>desumant</span> <span class='ocrx_word' id='word_1_256' title='bbox 2500 3254 2580 3303; x_wconf 80' lang='lat' dir='ltr'>ex</span> <span class='ocrx_word' id='word_1_257' title='bbox 2630 3254 2755 3302; x_wconf 91' lang='lat' dir='ltr'>una</span> <span class='ocrx_word' id='word_1_258' title='bbox 2808 3235 3112 3303; x_wconf 86' lang='lat' dir='ltr'>relatione</span> 
     </span>
     <span class='ocr_line' id='line_1_30' title="bbox 535 3340 3112 3431; baseline -0.002 -18"><span class='ocrx_word' id='word_1_259' title='bbox 535 3345 617 3413; x_wconf 89' lang='lat' dir='ltr'>ad</span> <span class='ocrx_word' id='word_1_260' title='bbox 665 3349 907 3414; x_wconf 88' lang='lat' dir='ltr'>Deum:</span> <span class='ocrx_word' id='word_1_261' title='bbox 959 3345 1133 3415; x_wconf 89' lang='lat' dir='ltr'>unde</span> <span class='ocrx_word' id='word_1_262' title='bbox 1184 3345 1373 3415; x_wconf 87' lang='lat' dir='ltr'>unica</span> <span class='ocrx_word' id='word_1_263' title='bbox 1423 3343 1664 3431; x_wconf 87' lang='lat' dir='ltr'>injuria</span> <span class='ocrx_word' id='word_1_264' title='bbox 1713 3343 1850 3410; x_wconf 91' lang='lat' dir='ltr'>Deo</span> <span class='ocrx_word' id='word_1_265' title='bbox 1903 3342 2199 3424; x_wconf 83' lang='lat' dir='ltr'>infertur,</span> <span class='ocrx_word' id='word_1_266' title='bbox 2251 3348 2316 3411; x_wconf 91' lang='lat' dir='ltr'>et</span> <span class='ocrx_word' id='word_1_267' title='bbox 2386 3340 2535 3411; x_wconf 89' lang='lat' dir='ltr'>ideo</span> <span class='ocrx_word' id='word_1_268' title='bbox 2594 3343 2837 3412; x_wconf 87' lang='lat' dir='ltr'>sufficit</span> <span class='ocrx_word' id='word_1_269' title='bbox 2904 3342 3112 3411; x_wconf 88' lang='lat' dir='ltr'>dicere</span> 
     </span>
     <span class='ocr_line' id='line_1_31' title="bbox 537 3448 3113 3539; baseline -0.002 -17"><span class='ocrx_word' id='word_1_270' title='bbox 537 3472 610 3522; x_wconf 87' lang='lat' dir='ltr'>se</span> <span class='ocrx_word' id='word_1_271' title='bbox 657 3452 1172 3538; x_wconf 86' lang='lat' dir='ltr'>blasphemasse.</span> <span class='ocrx_word' id='word_1_272' title='bbox 1221 3451 1465 3536; x_wconf 88' lang='lat' dir='ltr'>Excipe</span> <span class='ocrx_word' id='word_1_273' title='bbox 1510 3449 1566 3518; x_wconf 94' lang='lat' dir='ltr'>si</span> <span class='ocrx_word' id='word_1_274' title='bbox 1600 3449 2017 3539; x_wconf 70' lang='lat' dir='ltr'>⁴contumelia</span> <span class='ocrx_word' id='word_1_275' title='bbox 2069 3448 2130 3516; x_wconf 91' lang='lat' dir='ltr'>in</span> <span class='ocrx_word' id='word_1_276' title='bbox 2182 3450 2460 3517; x_wconf 87' lang='lat' dir='ltr'>Sanctos</span> <span class='ocrx_word' id='word_1_277' title='bbox 2494 3467 2645 3517; x_wconf 89' lang='lat' dir='ltr'>cum</span> <span class='ocrx_word' id='word_1_278' title='bbox 2696 3450 2956 3519; x_wconf 88' lang='lat' dir='ltr'>Christo</span> <span class='ocrx_word' id='word_1_279' title='bbox 3019 3466 3113 3517; x_wconf 89' lang='lat' dir='ltr'>re·</span> 
     </span>
     <span class='ocr_line' id='line_1_32' title="bbox 536 3554 3112 3648; baseline -0.002 -21"><span class='ocrx_word' id='word_1_280' title='bbox 536 3570 812 3644; x_wconf 82' lang='lat' dir='ltr'>gnantes</span> <span class='ocrx_word' id='word_1_281' title='bbox 864 3560 1234 3648; x_wconf 86' lang='lat' dir='ltr'>proferatur</span> <span class='ocrx_word' id='word_1_282' title='bbox 1283 3576 1413 3626; x_wconf 93' lang='lat' dir='ltr'>non</span> <span class='ocrx_word' id='word_1_283' title='bbox 1467 3564 1538 3625; x_wconf 93' lang='lat' dir='ltr'>ut</span> <span class='ocrx_word' id='word_1_284' title='bbox 1586 3554 1795 3625; x_wconf 90' lang='lat' dir='ltr'>sancti</span> <span class='ocrx_word' id='word_1_285' title='bbox 1830 3560 1985 3622; x_wconf 91' lang='lat' dir='ltr'>sunt</span> <span class='ocrx_word' id='word_1_286' title='bbox 2032 3562 2097 3623; x_wconf 93' lang='lat' dir='ltr'>et</span> <span class='ocrx_word' id='word_1_287' title='bbox 2146 3555 2316 3624; x_wconf 89' lang='lat' dir='ltr'>beati</span> <span class='ocrx_word' id='word_1_288' title='bbox 2345 3582 2362 3637; x_wconf 85' lang='lat'>;</span> <span class='ocrx_word' id='word_1_289' title='bbox 2411 3574 2639 3624; x_wconf 86' lang='lat' dir='ltr'>verum</span> <span class='ocrx_word' id='word_1_290' title='bbox 2687 3556 2753 3624; x_wconf 91' lang='lat' dir='ltr'>in</span> <span class='ocrx_word' id='word_1_291' title='bbox 2806 3563 3112 3643; x_wconf 87' lang='lat' dir='ltr'>quantum</span> 
     </span>
     <span class='ocr_line' id='line_1_33' title="bbox 544 3660 3111 3747; baseline -0.003 -12"><span class='ocrx_word' id='word_1_292' title='bbox 544 3667 846 3735; x_wconf 90' lang='lat' dir='ltr'>homines</span> <span class='ocrx_word' id='word_1_293' title='bbox 896 3667 958 3734; x_wconf 92' lang='lat' dir='ltr'>in</span> <span class='ocrx_word' id='word_1_294' title='bbox 1010 3665 1203 3736; x_wconf 88' lang='lat' dir='ltr'>terris</span> <span class='ocrx_word' id='word_1_295' title='bbox 1252 3665 1545 3743; x_wconf 86' lang='lat' dir='ltr'>fuerunt,</span> <span class='ocrx_word' id='word_1_296' title='bbox 1595 3661 1714 3730; x_wconf 88' lang='lat' dir='ltr'>sed</span> <span class='ocrx_word' id='word_1_297' title='bbox 1762 3660 1873 3747; x_wconf 91' lang='lat' dir='ltr'>qui</span> <span class='ocrx_word' id='word_1_298' title='bbox 1922 3680 2096 3731; x_wconf 90' lang='lat' dir='ltr'>nunc</span> <span class='ocrx_word' id='word_1_299' title='bbox 2146 3662 2532 3731; x_wconf 85' lang='lat' dir='ltr'>excellentia</span> <span class='ocrx_word' id='word_1_300' title='bbox 2581 3663 2947 3731; x_wconf 89' lang='lat' dir='ltr'>sanctitatis</span> <span class='ocrx_word' id='word_1_301' title='bbox 2992 3660 3111 3730; x_wconf 79' lang='lat' dir='ltr'>sul-</span> 
     </span>
     <span class='ocr_line' id='line_1_34' title="bbox 537 3768 3111 3861; baseline -0.003 -18"><span class='ocrx_word' id='word_1_302' title='bbox 537 3783 715 3861; x_wconf 86' lang='lat' dir='ltr'>gent,</span> <span class='ocrx_word' id='word_1_303' title='bbox 766 3782 838 3843; x_wconf 92' lang='lat' dir='ltr'>ut</span> <span class='ocrx_word' id='word_1_304' title='bbox 885 3774 938 3843; x_wconf 92' lang='lat' dir='ltr'>si</span> <span class='ocrx_word' id='word_1_305' title='bbox 986 3774 1138 3861; x_wconf 87' lang='lat' dir='ltr'>quis</span> <span class='ocrx_word' id='word_1_306' title='bbox 1181 3773 1260 3841; x_wconf 92' lang='lat' dir='ltr'>de</span> <span class='ocrx_word' id='word_1_307' title='bbox 1310 3790 1362 3840; x_wconf 77' lang='grc' dir='ltr'>ε.</span> <span class='ocrx_word' id='word_1_308' title='bbox 1413 3768 1725 3855; x_wconf 89' lang='lat' dir='ltr'>Crispino</span> <span class='ocrx_word' id='word_1_309' title='bbox 1774 3773 1840 3836; x_wconf 94' lang='lat' dir='ltr'>et</span> <span class='ocrx_word' id='word_1_310' title='bbox 1888 3768 2301 3855; x_wconf 84' lang='lat' dir='ltr'>crispiniano</span> <span class='ocrx_word' id='word_1_311' title='bbox 2353 3769 2523 3837; x_wconf 85' lang='lat' dir='ltr'>dicat</span> <span class='ocrx_word' id='word_1_312' title='bbox 2572 3769 2777 3838; x_wconf 79' lang='lat' dir='ltr'>fuisse</span> <span class='ocrx_word' id='word_1_313' title='bbox 2825 3778 3111 3848; x_wconf 87' lang='lat' dir='ltr'>sutores;</span> 
     </span>
     <span class='ocr_line' id='line_1_35' title="bbox 544 3874 3113 3966; baseline -0.003 -16"><span class='ocrx_word' id='word_1_314' title='bbox 544 3893 701 3952; x_wconf 84' lang='lat' dir='ltr'>tunc</span> <span class='ocrx_word' id='word_1_315' title='bbox 752 3900 884 3950; x_wconf 89' lang='lat' dir='ltr'>non</span> <span class='ocrx_word' id='word_1_316' title='bbox 932 3888 1034 3950; x_wconf 89' lang='lat' dir='ltr'>est</span> <span class='ocrx_word' id='word_1_317' title='bbox 1079 3878 1486 3966; x_wconf 86' lang='lat' dir='ltr'>blasphemia</span> <span class='ocrx_word' id='word_1_318' title='bbox 1538 3876 1602 3943; x_wconf 90' lang='lat' dir='ltr'>in</span> <span class='ocrx_word' id='word_1_319' title='bbox 1651 3877 1865 3943; x_wconf 89' lang='lat' dir='ltr'>Deum</span> <span class='ocrx_word' id='word_1_320' title='bbox 1906 3874 2303 3961; x_wconf 80' lang='lat' dir='ltr'>redundans,</span> <span class='ocrx_word' id='word_1_321' title='bbox 2352 3877 2469 3945; x_wconf 91' lang='lat' dir='ltr'>sed</span> <span class='ocrx_word' id='word_1_322' title='bbox 2518 3876 2921 3963; x_wconf 88' lang='lat' dir='ltr'>blasphemia</span> <span class='ocrx_word' id='word_1_323' title='bbox 2968 3894 3113 3944; x_wconf 90' lang='lat' dir='ltr'>con-</span> 
     </span>
     <span class='ocr_line' id='line_1_36' title="bbox 543 3969 3111 4069; baseline -0.002 -12"><span class='ocrx_word' id='word_1_324' title='bbox 543 3998 641 4059; x_wconf 89' lang='lat' dir='ltr'>tra</span> <span class='ocrx_word' id='word_1_325' title='bbox 691 3989 936 4060; x_wconf 90' lang='lat' dir='ltr'>duliam</span> <span class='ocrx_word' id='word_1_326' title='bbox 1003 3985 1498 4057; x_wconf 89' lang='lat' dir='ltr'>tantummodo:</span> <span class='ocrx_word' id='word_1_327' title='bbox 1531 3969 1615 4053; x_wconf 68' lang='lat' dir='ltr'>‘et</span> <span class='ocrx_word' id='word_1_328' title='bbox 1668 3981 1936 4069; x_wconf 91' lang='lat' dir='ltr'>quidem</span> <span class='ocrx_word' id='word_1_329' title='bbox 1985 3988 2055 4050; x_wconf 92' lang='lat' dir='ltr'>ut</span> <span class='ocrx_word' id='word_1_330' title='bbox 2101 3983 2329 4053; x_wconf 90' lang='lat' dir='ltr'>dicunt</span> <span class='ocrx_word' id='word_1_331' title='bbox 2400 3983 2688 4068; x_wconf 79' lang='lat' dir='ltr'>venialis,</span> <span class='ocrx_word' id='word_1_332' title='bbox 2760 3985 2813 4052; x_wconf 92' lang='lat' dir='ltr'>si</span> <span class='ocrx_word' id='word_1_333' title='bbox 2878 3985 2940 4052; x_wconf 92' lang='lat' dir='ltr'>id</span> <span class='ocrx_word' id='word_1_334' title='bbox 2988 4001 3111 4053; x_wconf 89' lang='lat' dir='ltr'>non</span> 
     </span>
     <span class='ocr_line' id='line_1_37' title="bbox 545 4088 2313 4177; baseline -0.003 -12"><span class='ocrx_word' id='word_1_335' title='bbox 545 4097 806 4169; x_wconf 87' lang='lat' dir='ltr'>dicatur</span> <span class='ocrx_word' id='word_1_336' title='bbox 853 4116 931 4166; x_wconf 84' lang='lat' dir='ltr'>ex</span> <span class='ocrx_word' id='word_1_337' title='bbox 981 4096 1134 4165; x_wconf 92' lang='lat' dir='ltr'>odio</span> <span class='ocrx_word' id='word_1_338' title='bbox 1182 4095 1281 4163; x_wconf 85' lang='lat' dir='ltr'>vel</span> <span class='ocrx_word' id='word_1_339' title='bbox 1326 4089 1812 4177; x_wconf 83' lang='lat' dir='ltr'>indignatione3</span> <span class='ocrx_word' id='word_1_340' title='bbox 1864 4088 1981 4159; x_wconf 89' lang='lat' dir='ltr'>sed</span> <span class='ocrx_word' id='word_1_341' title='bbox 2029 4109 2104 4160; x_wconf 84' lang='lat' dir='ltr'>ex</span> <span class='ocrx_word' id='word_1_342' title='bbox 2136 4092 2313 4177; x_wconf 89' lang='lat' dir='ltr'>joco.</span> 
     </span>
    </p>

    <p class='ocr_par' dir='ltr' id='par_1_8' title="bbox 539 4195 3112 4488">
     <span class='ocr_line' id='line_1_38' title="bbox 630 4195 3109 4286; baseline -0.004 -13"><span class='ocrx_word' id='word_1_343' title='bbox 630 4208 883 4274; x_wconf 83' lang='lat' dir='ltr'>Ceterae</span> <span class='ocrx_word' id='word_1_344' title='bbox 959 4204 1219 4273; x_wconf 86' lang='lat' dir='ltr'>tandem</span> <span class='ocrx_word' id='word_1_345' title='bbox 1279 4198 1708 4286; x_wconf 86' lang='lat' dir='ltr'>blasphemiae</span> <span class='ocrx_word' id='word_1_346' title='bbox 1782 4209 1964 4266; x_wconf 87' lang='lat' dir='ltr'>certo</span> <span class='ocrx_word' id='word_1_347' title='bbox 2036 4200 2326 4286; x_wconf 89' lang='lat' dir='ltr'>speciem</span> <span class='ocrx_word' id='word_1_348' title='bbox 2400 4218 2529 4268; x_wconf 90' lang='lat' dir='ltr'>non</span> <span class='ocrx_word' id='word_1_349' title='bbox 2603 4206 2898 4280; x_wconf 87' lang='lat' dir='ltr'>mutant,</span> <span class='ocrx_word' id='word_1_350' title='bbox 2970 4195 3109 4264; x_wconf 89' lang='lat' dir='ltr'>ideo</span> 
     </span>
     <span class='ocr_line' id='line_1_39' title="bbox 544 4304 3112 4393; baseline -0.005 -13"><span class='ocrx_word' id='word_1_351' title='bbox 544 4330 675 4381; x_wconf 91' lang='lat' dir='ltr'>non</span> <span class='ocrx_word' id='word_1_352' title='bbox 728 4320 883 4380; x_wconf 89' lang='lat' dir='ltr'>sunt</span> <span class='ocrx_word' id='word_1_353' title='bbox 931 4312 994 4380; x_wconf 91' lang='lat' dir='ltr'>in</span> <span class='ocrx_word' id='word_1_354' title='bbox 1047 4310 1479 4379; x_wconf 80' lang='lat' dir='ltr'>confessione</span> <span class='ocrx_word' id='word_1_355' title='bbox 1511 4306 1594 4375; x_wconf 91' lang='lat' dir='ltr'>de</span> <span class='ocrx_word' id='word_1_356' title='bbox 1647 4305 2043 4375; x_wconf 86' lang='lat' dir='ltr'>necessitate</span> <span class='ocrx_word' id='word_1_357' title='bbox 2076 4307 2479 4393; x_wconf 85' lang='lat' dir='ltr'>explicandae</span> <span class='ocrx_word' id='word_1_358' title='bbox 2515 4306 2580 4375; x_wconf 91' lang='lat' dir='ltr'>in</span> <span class='ocrx_word' id='word_1_359' title='bbox 2615 4325 2733 4376; x_wconf 90' lang='lat' dir='ltr'>sua</span> <span class='ocrx_word' id='word_1_360' title='bbox 2776 4304 3112 4393; x_wconf 86' lang='lat' dir='ltr'>qualitate;</span> 
     </span>
     <span class='ocr_line' id='line_1_40' title="bbox 539 4417 1382 4488; baseline -0.004 -1"><span class='ocrx_word' id='word_1_361' title='bbox 539 4438 689 4488; x_wconf 89' lang='lat' dir='ltr'>cum</span> <span class='ocrx_word' id='word_1_362' title='bbox 743 4438 871 4487; x_wconf 91' lang='lat' dir='ltr'>non</span> <span class='ocrx_word' id='word_1_363' title='bbox 920 4417 1382 4487; x_wconf 81' lang='lat' dir='ltr'>diversificent.</span> 
     </span>
    </p>

    <p class='ocr_par' dir='ltr' id='par_1_9' title="bbox 631 4521 2260 4612">
     <span class='ocr_line' id='line_1_41' title="bbox 631 4521 2260 4612; baseline 0 -25"><span class='ocrx_word' id='word_1_364' title='bbox 631 4523 820 4587; x_wconf 77' lang='lat'><strong>1:35.</strong></span> <span class='ocrx_word' id='word_1_365' title='bbox 874 4528 946 4606; x_wconf 88' lang='lat' dir='ltr'>Q.</span> <span class='ocrx_word' id='word_1_366' title='bbox 996 4528 1056 4593; x_wconf 91' lang='lat'>7.</span> <span class='ocrx_word' id='word_1_367' title='bbox 1109 4526 1301 4606; x_wconf 81' lang='lat' dir='ltr'>Quale</span> <span class='ocrx_word' id='word_1_368' title='bbox 1328 4538 1650 4612; x_wconf 79' lang='lat' dir='ltr'>peccatum</span> <span class='ocrx_word' id='word_1_369' title='bbox 1701 4538 1789 4594; x_wconf 82' lang='lat' dir='ltr'>est</span> <span class='ocrx_word' id='word_1_370' title='bbox 1834 4521 2260 4610; x_wconf 74' lang='lat' dir='ltr'>blasphemia?</span> 
     </span>
    </p>

    <p class='ocr_par' dir='ltr' id='par_1_10' title="bbox 630 4617 3110 4719">
     <span class='ocr_line' id='line_1_42' title="bbox 630 4617 3110 4719; baseline -0.005 -24"><span class='ocrx_word' id='word_1_371' title='bbox 630 4633 698 4699; x_wconf 84' lang='lat' dir='ltr'>R.</span> <span class='ocrx_word' id='word_1_372' title='bbox 747 4634 952 4700; x_wconf 79' lang='lat' dir='ltr'>Nemo</span> <span class='ocrx_word' id='word_1_373' title='bbox 1025 4630 1300 4713; x_wconf 86' lang='lat' dir='ltr'>dubitat,</span> <span class='ocrx_word' id='word_1_374' title='bbox 1351 4633 1509 4717; x_wconf 88' lang='lat' dir='ltr'>quin</span> <span class='ocrx_word' id='word_1_375' title='bbox 1561 4630 1969 4719; x_wconf 89' lang='lat' dir='ltr'>blasphemia</span> <span class='ocrx_word' id='word_1_376' title='bbox 2033 4627 2119 4696; x_wconf 91' lang='lat' dir='ltr'>sit</span> <span class='ocrx_word' id='word_1_377' title='bbox 2189 4645 2268 4696; x_wconf 88' lang='lat' dir='ltr'>ex</span> <span class='ocrx_word' id='word_1_378' title='bbox 2339 4643 2581 4712; x_wconf 85' lang='lat' dir='ltr'>genere</span> <span class='ocrx_word' id='word_1_379' title='bbox 2628 4645 2753 4695; x_wconf 89' lang='lat' dir='ltr'>suo</span> <span class='ocrx_word' id='word_1_380' title='bbox 2802 4617 3110 4693; x_wconf 85' lang='lat' dir='ltr'>mortalis.</span> 
     </span>
    </p>
   </div>
   <div class='ocr_carea' id='block_1_4' title="bbox 599 4785 2144 4873">
    <p class='ocr_par' dir='ltr' id='par_1_11' title="bbox 599 4785 2144 4873">
     <span class='ocr_line' id='line_1_43' title="bbox 599 4785 2144 4873; baseline -0.001 -34"><span class='ocrx_word' id='word_1_381' title='bbox 599 4791 620 4830; x_wconf 89' lang='lat'>¹</span> <span class='ocrx_word' id='word_1_382' title='bbox 664 4791 719 4840; x_wconf 84' lang='lat' dir='ltr'>V.</span> <span class='ocrx_word' id='word_1_383' title='bbox 757 4789 987 4853; x_wconf 83' lang='lat' dir='ltr'>Lignori,</span> <span class='ocrx_word' id='word_1_384' title='bbox 1022 4788 1158 4851; x_wconf 71' lang='lat' dir='ltr'>opus</span> <span class='ocrx_word' id='word_1_385' title='bbox 1175 4789 1348 4873; x_wconf 54' lang='grc' dir='ltr'>μοι,</span> <span class='ocrx_word' id='word_1_386' title='bbox 1382 4788 1419 4839; x_wconf 92' lang='lat' dir='ltr'>l.</span> <span class='ocrx_word' id='word_1_387' title='bbox 1452 4801 1533 4853; x_wconf 85' lang='grc' dir='ltr'>ιιι,</span> <span class='ocrx_word' id='word_1_388' title='bbox 1568 4800 1623 4841; x_wconf 86' lang='grc' dir='ltr'>ιι.</span> <span class='ocrx_word' id='word_1_389' title='bbox 1658 4789 1781 4851; x_wconf 74' lang='lat'>1323</span> <span class='ocrx_word' id='word_1_390' title='bbox 1816 4788 1855 4841; x_wconf 90' lang='grc'>1.</span> <span class='ocrx_word' id='word_1_391' title='bbox 1888 4798 1940 4848; x_wconf 81' lang='lat' dir='ltr'>v,</span> <span class='ocrx_word' id='word_1_392' title='bbox 1975 4796 2029 4837; x_wconf 89' lang='lat' dir='ltr'>n.</span> <span class='ocrx_word' id='word_1_393' title='bbox 2063 4785 2144 4838; x_wconf 61' lang='lat'>⁴⁷.</span> 
     </span>
    </p>
   </div>
  </div>
 </body>
</html>
