3292 5167
516 261 651 328 758
1467 284 1581 329 ua.
1628 283 1692 328 n.
1740 282 1949 329 rator.
1996 280 2124 328 vm.

518 391 696 457 nata,
737 381 1029 446 nutritur·
1053 400 1076 456 ,·
1138 400 1277 444 cum
1320 382 1518 462 fuerit
1557 385 1827 460 nutrita,
1871 383 2260 449 roboratur,-
2322 398 2462 444 cum
2503 381 2711 462 fuerit
2770 381 3110 461 roborata,

513 463 892 546 perficitur,-
935 479 1073 524 cum
1114 464 1196 525 ad
1233 464 1673 542 perfectionem
1716 466 1976 541 venerit,
2021 464 2173 545 quid
2212 462 2419 526 dicit?
2473 464 2629 527 milii
2673 464 2875 527 vivere
2927 461 3112 525 Chri·

433 605 437 610 ,
521 552 657 607 stus
697 552 811 619 est,
850 551 913 606 et
953 543 1112 606 mori
1153 544 1398 607 tucrum
1466 546 1699 623 (Tract.
1742 553 1783 608 v
1825 547 1891 609 in
1926 562 2016 625 ep.
2062 564 2080 606 1
2124 542 2403 622 Iouna).
2468 542 2636 610 Sane
2701 546 2781 607 de
2855 546 3104 606 ratione

520 631 839 687 viatorum
883 633 999 697 est,
1038 632 1103 685 ut
1144 628 1345 704 magis
1391 641 1461 687 ac
1504 628 1708 705 magis
1751 626 1828 689 ad
1870 629 2215 689 terminum
2260 628 2796 705 appropinquent,
2826 624 2938 687 sed
2979 634 3097 686 ter·

521 709 736 769 minus
780 712 876 766 est
945 704 1141 778 Deus;
1185 723 1337 784 ergo
1385 721 1716 784 possumus
1761 709 1960 784 magis
2004 722 2076 768 ac
2123 709 2320 784 magis
2386 705 2477 768 illi
2544 706 3104 785 appropinquare:

522 786 645 849 hoc
689 794 895 864 autem
943 784 1094 847 facit
1137 789 1433 849 charitas.
1480 787 1556 848 At
1598 787 1878 849 charitas
1924 803 2052 847 non
2089 796 2359 864 augetur
2388 788 2753 858 eaetensive,·
2801 793 2948 848 nam
3002 782 3105 847 vel

525 867 788 930 minima
837 865 1145 944 completa
1193 878 1288 929 est
1330 867 1396 928 in
1443 883 1551 930 sua
1592 869 1824 947 specie,
1868 873 1932 928 et
1975 884 2041 928 se
2085 865 2373 929 extendit
2416 866 2752 929 adomnia
2790 867 3122 929 charitate·

528 946 876 1023 diligenda.
922 944 1041 1007 Sed
1089 945 1413 1016 intenst've,
1464 964 1589 1009 non
1639 965 1750 1027 per
1792 947 2192 1010 additionem
2240 946 2574 1011 charitatis
2599 948 2675 1009 ad
2708 949 3112 1020 charitatem,

528 1027 693 1107 quod
742 1034 909 1088 esset
933 1027 1307 1090 charitatem
1339 1027 1794 1106 multiplicari;
1827 1027 1938 1089 sed
2019 1043 2089 1092 er
2123 1025 2425 1104 maJ'orem
2463 1027 2948 1103 radicationem,
2976 1031 3120 1088 sive

527 1123 642 1187 per
688 1108 991 1185 majorem
1037 1111 1461 1171 actuationem
1508 1111 1573 1170 in
1619 1109 1925 1186 subjecto.
2028 1105 2271 1169 illuart.
2560 1112 2571 1124 ·

612 1186 679 1248 R.
725 1187 813 1249 Ad
859 1188 927 1247 2:
991 1186 1126 1249 Non
1172 1198 1267 1251 est
1310 1190 1576 1268 quaestio
1621 1190 1700 1252 de
1744 1191 2058 1251 charitate
2103 1187 2374 1249 actuali:
2443 1195 2687 1250 certum
2755 1188 2930 1249 enim
2988 1195 3114 1258 est,

531 1276 707 1330 actus
753 1268 1081 1329 charitatis
1126 1286 1264 1331 esse
1308 1268 1494 1330 modo
1543 1270 1948 1343 intensioreS,
1998 1268 2182 1330 modo
2233 1274 2652 1330 remissiores.
2698 1265 2818 1329 Sed
2868 1267 2949 1328 de
2994 1268 3098 1327 ha-

530 1346 670 1410 bitu
714 1347 1066 1424 charitatis,
1108 1366 1296 1428 quem
1343 1366 1680 1412 commune
1726 1361 1820 1411 est
1867 1367 2047 1429 posse
2087 1348 2399 1410 indirecte
2429 1349 2630 1411 minui
2668 1364 2778 1426 per
2811 1345 3122 1422 venialia,

533 1437 848 1508 quatenus
890 1427 1028 1508 ejus
1074 1427 1286 1492 fervor
1333 1431 1663 1493 minuitur.
1692 1431 1786 1491 .At
1833 1446 1962 1490 non
2010 1430 2287 1504 directe3
2335 1444 2478 1500 nam
2522 1427 2622 1489 vel
2669 1431 2935 1490 minima
2967 1428 3108 1489 cha·

533 1517 689 1571 ritas
733 1510 991 1585 attingit
1035 1512 1247 1572 omnia
1294 1510 1605 1573 charitate
1653 1509 1978 1590 diligenda
2027 1509 2117 1588 (d.
2161 1510 2455 1585 ThomaS,
2496 1508 2554 1578 2,
2596 1509 2655 1582 2,
2683 1526 2739 1587 q.
2769 1509 2870 1582 24,
2901 1525 2956 1570 a.
2989 1506 3111 1583 10).

615 1588 683 1649 R.
728 1587 814 1650 Ad
861 1589 935 1651 3:
980 1589 1208 1669 Utique
1253 1592 1531 1653 charitas
1577 1600 1783 1669 potest
1829 1591 2070 1653 amitti:
2104 1598 2201 1653 est
2232 1597 2452 1653 contra
2486 1588 2934 1663 lovinianum3
2964 1592 3116 1649 item

535 1680 755 1731 contra
803 1669 1162 1747 Beguardos
1207 1681 1271 1734 et
1316 1670 1627 1749 Beguinos
1674 1671 2006 1733 damnatos
2055 1672 2115 1732 in
2165 1668 2456 1732 Concilio
2501 1668 2890 1743 Viennensi;
2961 1671 3116 1730 item

534 1760 753 1812 contra
802 1749 1139 1832 Calvinum
1184 1752 1550 1814 damnatum
1602 1754 1666 1812 in
1711 1751 2094 1814 Tridentino
2127 1752 2227 1813 his
2261 1750 2507 1812 verbis:
2541 1747 2778 1829 Siquis
2811 1749 3126 1811 hominem

538 1830 721 1892 semel
753 1830 1181 1908 Justificatum
1222 1833 1465 1906 dixerit
1505 1832 1775 1911 amplius
1818 1848 2074 1911 peccare
2137 1848 2258 1892 non
2323 1847 2516 1910 posse,
2584 1847 2779 1909 neque
2841 1830 3126 1910 qratiam

414 1941 421 1949 ·
538 1912 847 1984 amittere,
889 1918 1074 1990 atque
1118 1913 1247 1973 ideo
1288 1929 1424 1974 eum
1460 1905 1576 1991 'qui
1619 1909 1863 1974 labitur
1918 1919 1976 1974 et
2032 1920 2269 1992 peccat,
2345 1927 2663 1989 nunquam
2726 1928 2865 1973 vere
2929 1908 3132 1988 fuisse

531 1991 975 2070 justificatum,
1017 1993 1349 2054 anathema
1394 1993 1480 2055 sit
1520 1992 1708 2069 (sess
1755 2010 1838 2064 vt,
1883 2009 2019 2053 can.
2091 1992 2216 2067 23).
2276 1991 2353 2053 Et
2417 2007 2604 2053 sane:
2673 2008 2783 2069 per
2854 1988 3124 2052 mortale

541 2072 729 2133 homo
778 2073 846 2133 lit
889 2071 1119 2151 dignus
1162 2081 1368 2134 morte
1434 2083 1672 2135 aeterna
1741 2084 1922 2152 Juxta
1995 2073 2182 2134 illud:
2254 2072 2568 2150 stipendia
2637 2072 2888 2149 peccati
2959 2086 3128 2133 mors

543 2151 748 2231 (Rom.
796 2149 905 2230 vi).
951 2154 1028 2214 At
1070 2170 1104 2213 e
1149 2153 1471 2220 contrario
1516 2152 1787 2232 quilibet
1832 2154 2070 2216 habens
2116 2155 2519 2225 charitatem,
2562 2161 2658 2213 est
2704 2151 2945 2230 dignus
2993 2153 3120 2212 vita

544 2241 821 2303 aeterna;
863 2249 1013 2310 ergo
1057 2234 1164 2313 qui
1197 2232 1465 2296 mortale
1498 2234 1824 2298 commisit
1852 2236 2122 2313 gratiam
2158 2236 2519 2296 necessario
2555 2230 2778 2295 debuit
2809 2233 3124 2295 amisisse.

1585 2474 1711 2554 (N)
1752 2476 1905 2555 paq.
1947 2473 2084 2537 683.

628 2692 891 2755 noda.
936 2691 1246 2758 Moriendi
1302 2689 1692 2759 desiderium
1757 2695 2099 2777 aliquando
2182 2696 2716 2776 peccaminosum,
2781 2695 3132 2776 aliquando

548 2775 817 2844 licitum,
861 2774 1202 2856 aliquando
1246 2778 1437 2838 etiam
1482 2793 1862 2856 generosum
1908 2794 2046 2839 esse
2093 2785 2317 2856 potest.
2362 2774 2562 2857 Stapf.

444 2857 451 2864 '
723 2879 744 2909 ι
790 2855 852 2933 1)
894 2856 1394 2918 Peccaminosum
1437 2860 1560 2919 erit
1602 2859 1655 2921 si
1701 2858 1796 2919 vel
1842 2873 1920 2919 ex
1967 2858 2232 2935 indigno
2279 2859 2515 2918 motivo
2564 2865 2883 2931 nascatur,
2951 2854 3121 2929 dum,

552 2957 606 3005 e.
651 2958 730 3019 g.‚
777 2951 1005 2998 avarus
1049 2945 1157 3003 aut
1201 2938 1590 3012 ambitiosae,
1635 2947 1774 3014 etc„
1818 2939 1896 2999 ob
1942 2955 2085 3016 spes
2129 2954 2272 3000 suas
2303 2937 2642 3000 frustratas
2677 2936 2940 2999 taedium
2985 2936 3128 2997 vitae

551 3017 861 3095 concipit3
904 3016 1005 3080 vel
1049 3019 1100 3078 si
1145 3019 1288 3096 quis
1331 3034 1409 3080 ex
1454 3018 1571 3079 hoc
1616 3021 1752 3096 ipso
1799 3017 2053 3080 vivendi
2102 3019 2290 3081 taedio
2327 3017 2497 3097 justa
2535 3018 2637 3079 sui
2688 3019 3119 3078 conservatio-

554 3103 656 3163 nis
700 3096 907 3161 media
953 3098 1235 3173 omittat3
1278 3097 1343 3178 2)
1375 3097 1757 3160 econtrario
1784 3098 1900 3160 hoc
1925 3098 2237 3160 moriendi
2285 3097 2676 3161 desiderium
2708 3098 2960 3159 licitum
2988 3111 3128 3158 cen·

553 3182 679 3243 seri
726 3176 936 3250 debet,
984 3179 1035 3239 si
1081 3180 1222 3257 quis
1267 3177 1520 3240 dolores
1564 3194 1635 3241 ac
1679 3194 1951 3258 angores
1995 3196 2140 3242 suos
2205 3177 2500 3257 equidem
2533 3185 2738 3240 morte
2771 3179 3126 3257 propinqua

553 3261 729 3323 finiri
776 3265 970 3337 optat,
1021 3262 1104 3320 ita
1153 3269 1362 3320 tamen
1411 3269 1477 3321 ut
1513 3275 1692 3321 mens
1725 3274 1791 3322 se
1826 3266 2017 3322 totam
2054 3259 2292 3321 divinae
2323 3259 2632 3321 voluntati
2670 3261 2976 3337 resignet,
3014 3273 3134 3320 nec

556 3340 899 3421 quidquam
943 3353 1163 3401 eorum
1209 3338 1538 3414 detrectet,
1581 3355 1723 3419 quae
1766 3338 1844 3401 ad
1879 3356 1990 3402 sua
2036 3340 2237 3402 officia
2302 3348 2627 3418 spectant;
2670 3339 2734 3416 3)
2802 3337 2933 3400 tale
3000 3353 3126 3401 mo·

558 3422 770 3484 riendi
818 3417 1206 3481 desiderium
1247 3436 1604 3498 qenerosum
1635 3419 1798 3496 dico,
1827 3420 1877 3481 si
1923 3436 2050 3481 non
2086 3425 2328 3483 tantum
2358 3435 2499 3482 cum
2533 3417 2719 3499 plena
2752 3435 2904 3498 erga
2932 3417 3132 3480 Deum

557 3501 995 3580 resignatione
1038 3508 1101 3562 et
1147 3500 1598 3578 perduratione
1643 3499 1992 3563 officiorum
2039 3499 2250 3563 studio
2289 3499 2619 3579 jungatur,
2662 3499 2771 3561 sed
2818 3499 3020 3561 etiam
3052 3515 3128 3560 ex

558 3583 799 3645 motivo
844 3595 992 3640 vere
1038 3595 1348 3657 generoso
1394 3579 1759 3655 descendat,
1803 3597 1854 3642 e.
1901 3598 1981 3660 g„
2031 3588 2099 3643 ut
2135 3580 2262 3643 Deo
2296 3578 2758 3662 plene‚perl'rui
2796 3581 3135 3657 possimne,

561 3660 661 3723 vel
698 3668 767 3724 ut
808 3676 888 3722 ex
934 3661 1126 3728 tantis
1170 3676 1471 3723 eruamur
1517 3660 1820 3739 peccandi
1867 3660 2190 3740 periculiS‚
2234 3668 2350 3723 etc.
2401 3659 2576 3721 Hinc*
2606 3661 2749 3739 quis
2780 3676 2910 3721 non
2950 3660 3136 3721 mira-

563 3749 668 3805 tur
711 3739 1098 3820 Apostolum,
1134 3738 1281 3802 dum
1329 3757 1541 3804 secum
1586 3743 1765 3821 quasi
1812 3742 2176 3816 deliberans
2219 3743 2343 3803 ait:
2386 3741 2548 3806 Mihi
2588 3742 2791 3803 vivere
2841 3738 3137 3802 Christus

559 3829 653 3885 est
694 3829 756 3884 et
799 3820 954 3881 mori
998 3820 1261 3883 lucrum.
1309 3819 1478 3893 Quod
1518 3820 1574 3881 si
1611 3822 1811 3883 vivere
1853 3822 1921 3885 in
1984 3839 2192 3897 earne,
2234 3822 2335 3882 hic
2395 3821 2554 3884 mihi
2583 3819 2870 3963 suetus
2931 3820 3136 3898 operis

561 3909 671 3974 est,
715 3910 775 3965 et
817 3900 965 3980 quid
1005 3902 1254 3981 eliqam,
1298 3902 1530 3980 iynoro.
1581 3899 1877 3963 Coarctor
1920 3910 2127 3964 autem
2162 3919 2201 3964 a
2243 3899 2517 3964 duobus:
2625 3901 2960 3976 esiderium
3025 3899 3132 3962 ka·

565 3980 709 4045 bens
751 3981 1006 4044 dissolvi
1046 3988 1107 4043 et
1147 3999 1274 4044 esse
1318 3999 1455 4042 eum
1504 3979 1770 4058 Christo,
1815 3983 2005 4044 ntulco
2046 3984 2245 4063 maqis
2286 3981 2554 4054 melius,·
2594 3998 2959 4061 permanere
3022 3997 3130 4043 au·

565 4071 684 4126 tem
729 4063 796 4123 in
837 4079 1027 4123 earne
1066 4063 1486 4124 necessarium
1524 4069 1779 4140 propter
1820 4079 1920 4124 vos
1966 4062 2265 4142 (Philipp.
2311 4063 2382 4142 ι).
2429 4087 2450 4115 ι

647 4140 910 4204 11)AEAE-
956 4141 1114 4214 Quid
1160 4142 1466 4222 (quaeres)
1510 4143 1587 4204 de
1624 4143 1946 4205 desiderio
1990 4160 2117 4206 non
2167 4144 2421 4223 quidem
2489 4141 2734 4218 mortis,
2797 4139 2908 4202 sed
2978 4141 3142 4202 desi·

567 4222 748 4284 derio
791 4221 1262 4287 damnationem
1310 4223 1681 4286 incurrendi
1728 4224 1806 4285 ob
1850 4222 2119 4286 salutem
2167 4223 2435 4304 proximi
2490 4223 2672 4302 juxta
2742 4220 2902 4283 illud
2969 4220 3136 4300 Moy·

569 4304 686 4365 sis:
731 4310 847 4364 aut
887 4301 1130 4364 dimitte
1173 4303 1274 4367 eis'
1305 4302 1465 4366 hanc
1508 4319 1778 4375 rtemann
1824 4312 1939 4366 aut
1978 4305 2037 4366 si
2077 4323 2199 4368 non
2239 4303 2421 4383 faci-5,
2450 4302 2580 4365 dele
2614 4305 2710 4363 me*
2740 4301 2811 4364 de
2836 4299 3002 4364 libro
3036 4308 3140 4364 tuo

570 4399 745 4462 quem
788 4383 1106 4461 scripsisti
1147 4381 1370 4462 (Exod.
1416 4383 1642 4462 xxxii).
1688 4384 1764 4445 Et
1807 4383 1966 4448 illud
2031 4385 2310 4463 Apostoli
2388 4383 2604 4446 Pauli:
2676 4381 2972 4461 optabam
3029 4391 3146 4463 eqo

567 4466 699 4543 ipse
741 4460 1074 4525 anathema
1115 4478 1244 4526 esse
1271 4479 1312 4523 a
1359 4463 1606 4527 Christo
1646 4481 1759 4543 pro
1831 4464 2116 4526 ratribus
2159 4467 2307 4528 meis
2349 4463 2554 4543 (Rom.
2601 4463 2738 4541 ix)‘?

654 4541 721 4601 R.
768 4540 1080 4613 Quantum
1127 4543 1204 4605 ad
1248 4542 1477 4623 Moysis
1510 4547 1743 4607 verba:
1831 4547 1852 4624 )
1898 4544 2174 4624 intelligi
2233 4553 2497 4625 possunt
2561 4541 2997 4623 hyperbolice,
3060 4540 3136 4604 ad

572 4621 1064 4698 significandum
1151 4623 1459 4686 erardeus
1504 4641 1689 4686 suum
1726 4625 2116 4688 desiderium
2164 4625 2242 4688 de
2287 4624 2490 4687 salute
2537 4625 2788 4705 populi3
2829 4623 2896 4701 2)
2934 4623 3136 4703 accipi

568 4707 840 4781 possunt
884 4699 1048 4763 dicta
1140 4718 1172 4763 e
1221 4703 1383 4766 libro
1432 4703 1779 4766 viventium
1826 4705 1926 4767 hic
1973 4707 2288 4780 in'terra,
2335 4709 2407 4767 'ut
2449 4722 2674 4767 sensus
2716 4708 2833 4766 sit:
2899 4707 2960 4764 si
3021 4720 3143 4766 non

1090 4883 1094 4890 ο

1094 4949 1121 4988 0
