3292 5167
97 4614 132 4647 0

1016 238 1093 285 oz
1139 236 1575 287 nesi-nortona
1622 239 1688 287 m
1737 243 1975 289 camena·
2682 225 2819 293 437

214 341 453 405 turiori
500 348 689 403 aetate
733 347 796 401 et
839 339 1137 402 examine
1181 357 1248 402 se
1293 350 1549 404 vocatos
1593 357 1722 403 non
1770 343 2099 419 sentiant3
2170 359 2312 405 cum
2366 344 2522 406 satis
2565 342 2821 410 fuerint

222 424 299 485 in»
339 423 505 484 bona
553 420 704 495 fide,
747 436 957 499 neque
1001 419 1207 483 velint
1249 420 1715 499 benefactorem,
1757 433 1827 485 ut
1863 421 2299 498 natatoriam,
2326 427 2435 504 qui
2474 429 2811 489 maturiori

219 501 495 567 consilio
559 519 627 565 se
692 517 821 563 non
868 504 1160 565 vocatum
1202 503 1441 564 sentit:
1486 501 1654 582 quod
1702 507 1976 566 maxime
2025 503 2230 567 currit
2272 520 2349 567 ex
2398 505 2439 565 L
2488 518 2689 571 onnet
2734 507 2814 570 de

221 581 582 663 tyrunculis
649 581 913 642 omnino
954 581 1345 660 junioribus,
1390 598 1661 663 quorum
1711 585 2044 647 immatura
2094 590 2252 646 aetus
2309 584 2425 646 soli
2479 600 2531 648 ae
2576 586 2816 649 delibe-

221 666 497 725 rationis
543 664 813 740 incapax
857 670 971 723 est.

300 742 518 807 Nou:
562 741 776 805 Potest
819 743 962 819 quis
1004 739 1195 805 alicui
1242 742 1544 820 injuriam
1595 742 1879 804 inferre:
1946 744 2017 822 15
2071 743 2439 806 immediate
2484 755 2548 807 et
2592 761 2704 822 per
2746 762 2817 809 se

221 824 242 885 i
288 840 449 900 sum,
494 838 548 884 v.
593 841 651 901 g.
694 822 941 900 ahquid
991 822 1267 901 propriis
1316 823 1609 884 manibus
1655 840 1686 884 a
1732 824 2024 902 proximo
2072 824 2523 902 surripiend03
2569 825 2636 903 2)
2680 841 2810 890 me·

221 906 416 1063 ήίἒίῑξῑ,
464 912 655 983 atque
705 920 817 981 per
864 901 1047 979 alios,
1083 917 1139 964 v,
1186 919 1243 982 g.
1289 900 1482 964 alicui
1523 902 1873 979 suadend0‚
1912 914 1976 966 ut
2009 902 2248 983 aliquid
2284 919 2316 967 a
2357 907 2645 985 proximo
2677 922 2811 969 sur-

259 1230 294 1314 g
340 1230 392 1295 1.
438 1263 529 1275 —
575 1229 662 1295 De
709 1195 794 1293 eo.
822 1226 931 1311 qui
978 1225 1375 1312 culpabiliter
1420 1223 1723 1293 damnum
1770 1226 1959 1312 insert
2005 1224 2355 1294 immediate
2402 1238 2456 1294 et
2503 1228 2746 1295 directe.

310 1457 519 1523 618.
571 1458 642 1536 Q.
699 1458 755 1523 i.
807 1458 1106 1537 Quoenam
1152 1456 1355 1543 culpa,
1404 1476 1511 1523 seu
1549 1457 1762 1543 potius
1806 1475 2096 1543 quaenam
2141 1462 2305 1525 actio
2356 1459 2704 1544 requiritur
2748 1461 2817 1527 in

207 1564 704 1649 damnificatore‚
755 1575 819 1628 ut
869 1574 1151 1629 teneatur
1195 1563 1518 1630 restituere
1538 1568 1596 1628 P¹

307 1674 379 1741 R.
428 1672 511 1739 Ut
558 1669 727 1736 actio
777 1660 1290 1736 damnificatoris
1341 1666 1817 1752 obligationem
1869 1666 2315 1736 restitutionis
2366 1666 2812 1763 inducat,'de

213 1782 375 1849 Jure
424 1785 676 1851 naturae
729 1775 1107 1862 requiritur,
1145 1781 1217 1843 ut
1266 1773 1352 1844 sit
1400 1775 1664 1862 injusta,
1714 1775 1941 1843 efficax
1992 1792 2188 1844 causa
2235 1774 2454 1845 damni
2506 1785 2570 1845 et
2619 1778 2811 1847 theo—

223 1886 434 1972 logice
497 1882 863 1969 culpabilis.
932 1882 1229 1973 Injusta;
1294 1881 1609 1967 obligatio
1676 1868 1861 1948 enim'
1918 1882 2360 1951 restitutionis
2438 1885 2812 1953 necessario

215 1990 545 2079 supponit
586 1989 694 2076 Jus
742 1988 1045 2056 strictum
1095 1988 1364 2056 alterius
1399 1988 1755 2056 violatum:
1790 1986 1901 2076 jus
1936 1994 2155 2059 autem
2190 1986 2491 2059 strictum
2543 1990 2813 2060 alterius

235 2097 461 2168 violari
511 2097 763 2183 nequit,
814 2095 938 2164 nisi
989 2112 1108 2182 per
1138 2094 1467 2164 actionem
1509 2095 1790 2182 iustitiae
1842 2096 2332 2165 commutativae
2406 2099 2807 2185 oppositam.

219 2206 466 2296 Efficax
511 2225 702 2272 causa
749 2204 1007 2282 damni;
1054 2220 1270 2289 neque
1317 2221 1474 2272 sane
1510 2210 1732 2290 potest
1766 2200 2235 2272 detrimentum
2270 2206 2547 2273 actionis
2584 2209 2646 2274 in
2703 2207 2816 2275 ali-

219 2330 424 2401 quem
471 2312 777 2391 conferri‚
815 2312 937 2379 nisi
974 2312 1117 2398 ejus
1151 2311 1321 2380 actio
1358 2328 1550 2379 causa
1586 2311 1785 2381 fuerit
1821 2310 2197 2379 detrimenti
2247 2330 2396 2381 vera
2437 2321 2501 2380 et
2535 2313 2804 2382 efficax:

219 2420 641 2490 existimatur
690 2424 909 2486 autem
958 2418 1105 2505 quis
1157 2434 1351 2487 causa
1401 2436 1552 2485 vera
1599 2425 1665 2486 et
1717 2416 1976 2502 efficax,
2029 2418 2295 2505 quando
2365 2418 2636 2507 physice
2700 2420 2799 2488 vel

220 2527 564 2597 moraliter
610 2525 922 2619 damnum
971 2523 1134 2592 illud
1182 2521 1575 2593 determinat
1624 2534 1690 2593 et
1739 2532 1985 2593 causat.
2045 2526 2396 2612 Theoloqice
2441 2526 2813 2614 culpabilis,-

219 2635 471 2703 etenim
522 2632 657 2700 dari
712 2650 843 2700 non
897 2637 1117 2718 potest
1183 2631 1569 2699 restituendi
1622 2631 1938 2717 obligatio
2005 2632 2066 2698 in
2134 2630 2274 2700 foro
2341 2629 2810 2713 conscientiae,

221 2741 346 2809 nisi
396 2741 463 2808 in
514 2737 752 2809 eodem
801 2739 943 2806 foro
996 2736 1229 2825 inJuria
1276 2739 1630 2807 commissa
1696 2738 1812 2805 sit:
1864 2736 2013 2806 ideo
2081 2739 2191 2825 qui
2261 2738 2433 2807 bona
2498 2737 2627 2806 fide
2690 2736 2816 2805 fuit

215 2867 418 2920 causa
474 2848 712 2927 damni,
755 2838 836 2914 de
885 2845 998 2913 illo
1034 2865 1167 2915 non
1203 2853 1469 2915 tenetur
1499 2847 1551 2914 si
1580 2846 1718 2932 jam
1753 2845 2065 2914 damnum
2113 2853 2646 2915 consummatum
2688 2852 2810 2929 est,

221 2975 344 3026 nec
397 2955 826 3024 damnificans
873 2955 1086 3022 factus
1130 2954 1216 3023 sit
1262 2953 1480 3038 ditior,
1533 2962 1602 3023 et
1651 2972 1767 3039 per
1813 2954 2033 3041 ipsum
2083 2955 2367 3041 amplius
2401 2972 2531 3023 non
2575 2961 2707 3023 stet
2742 2964 2814 3022 ut

217 3063 640 3133 damnificato
692 3061 1026 3129 restitutio
1089 3058 1223 3129 fiat.

313 3175 477 3253 Quae
528 3167 974 3238 restitutionis
1023 3167 1343 3254 obligatio
1378 3164 1576 3237 debet
1610 3170 1825 3254 culpae
1878 3166 2268 3254 theologicae
2323 3168 2811 3253 proportionari

151 3328 164 3335 -
217 3285 287 3347 et
338 3279 607 3358 damn03
659 3274 834 3344 unde
885 3276 994 3360 qui
1046 3292 1199 3343 reus
1249 3280 1349 3343 est
1397 3273 1550 3341 furti
1603 3275 1839 3361 gravis,
1890 3282 2155 3343 tenetur
2201 3274 2326 3343 sub
2377 3274 2548 3359 gravi
2603 3273 2682 3341 ad
2717 3292 2817 3341 re-

219 3385 676 3454 stitutionem:
728 3380 851 3451 sub
901 3383 1024 3452 levi
1075 3382 1185 3469 qui
1239 3378 1398 3451 levis
1447 3382 1600 3450 furti
1654 3399 1806 3451 reus
1856 3389 1975 3450 est.
2027 3380 2167 3450 Hoc
2217 3390 2433 3451 tamen
2484 3381 2814 3450 ordinarie

221 3493 593 3581 loquend03
665 3509 816 3559 nam
879 3488 1229 3577 aliquando
1295 3509 1373 3559 ex
1423 3491 1615 3576 culpa
1690 3488 1923 3557 veniali
1995 3490 2079 3557 ob
2147 3490 2534 3576 parvitatem
2603 3498 2813 3558 mate-

220 3600 360 3683 riae,
390 3605 611 3686 potest
660 3597 820 3665 oriri
872 3615 992 3682 per
1025 3597 1331 3666 accidens
1365 3596 1807 3665 restitutionis
1848 3594 2163 3682 obligatio
2198 3596 2429 3682 gravis.
2475 3598 2680 3664 Casus
2715 3601 2817 3663 est

221 3706 288 3774 in
340 3724 420 3775 eo
471 3705 579 3792 qui
633 3706 793 3789 (non
845 3700 1043 3789 longo
1096 3703 1464 3790 intervallo)
1501 3703 1671 3772 furta
1711 3703 1914 3771 multa
1963 3704 2337 3787 committit,
2395 3700 2512 3772 sed
2559 3700 2817 3786 singula

221 3814 288 3882 ‘m
338 3832 411 3883 se
459 3811 653 3885 levia:
691 3832 784 3881 sex
833 3808 1082 3881 fui-tulo
1131 3812 1506 3897 complente
1556 3813 1899 3879 materiam
1949 3828 2210 3898 gravem
2278 3811 2492 3879 oritur
2558 3811 2620 3877 in
2673 3806 2814 3877 sure

217 3914 539 4007 obligatio
590 3918 1033 3988 restitutionis
1083 3919 1207 3986 sub
1255 3918 1434 4005 gravi
1482 3918 1747 4003 (saltem
1781 3918 1958 3987 illius
1993 3917 2209 3987 ultimi
2241 3916 2519 4002 furtuli),
2556 3912 2819 3983 etiamsi

230 4027 392 4096 illud
435 4028 789 4113 patraverit
838 4045 968 4095 non
1004 4020 1348 4095 advertens
1387 4024 1467 4092 ad
1500 4022 1669 4094 {urta
1708 4027 2061 4112 praeterita.
2105 4028 2287 4094 Tunc
2321 4025 2497 4093 enim
2533 4020 2815 4108 gravitas

219 4134 649 4219 obligationis
687 4152 819 4201 non
854 4139 1032 4202 esset
1066 4150 1144 4201 ex
1199 4130 1320 4214 illa,
1364 4131 1594 4199 ultima
1635 4132 2089 4218 acceptatione
2115 4131 2378 4218 injusta,
2408 4146 2556 4214 quae
2585 4132 2818 4216 utpote

213 4242 410 4329 culpa
461 4248 715 4309 tantum
765 4240 945 4324 leviS,
996 4254 1127 4310 non
1179 4238 1399 4328 potest
1438 4240 1913 4326 obligationem
1971 4254 2229 4327 gravem
2295 4234 2612 4306 inducere
2630 4261 2650 4318 3
2700 4235 2823 4305 sed

209 4366 298 4419 ex
373 4357 507 4417 tota
581 4348 812 4431 simul,
878 4356 1026 4436 qma
1107 4346 1374 4436 quidem
1452 4364 1530 4415 ex
1605 4346 1989 4415 accessione
2052 4345 2230 4414 illius
2301 4343 2513 4413 ultimi
2585 4338 2819 4413 furtuli

217 4458 446 4527 evadit
494 4456 706 4543 gravis
744 4462 792 4523 ¹.

295 4688 314 4728 ¹
354 4687 408 4736 V.
447 4684 678 4749 Lignum
717 4684 807 4747 op.
843 4680 999 4747 Mor„
1033 4683 1068 4735 1.
1106 4694 1182 4747 m,
1218 4695 1272 4735 n.
1306 4686 1426 4749 550;
1460 4688 1555 4738 Ηο.
1594 4688 1712 4748 Ap„
1749 4685 1810 4735 tr.
1843 4694 1896 4746 x,
1933 4695 1983 4735 n.
2015 4683 2094 4737 to.

312 4770 581 4852 Scavtm,
641 4769 966 4856 Theoloqia
1013 4774 1143 4837 etc.
1194 4772 1263 4838 Τ.
1313 4771 1392 4839 11.
2554 4768 2666 4833 28·
