3292 5167
2757 232 2898 301 603

857 402 1769 486 DISPUTATlo
1854 405 2345 489 PRIMA

1192 664 1527 733 οΑΡυτ
1601 665 2016 733 patmum

811 832 907 889 DE
946 832 1142 890 FIDEI
1183 780 1480 905 NOMINFj,
1514 831 1812 891 NATURA
1849 832 1942 892 AC
1974 831 2361 891 DIVISIONE.

370 1051 583 1114 98⁹.
638 1053 711 1132 Q.
759 1054 815 1118 1.
873 1049 1036 1131 Quid
1079 1061 1166 1116 est
1208 1049 1413 1136 fides?

372 1159 444 1225 R.
493 1155 676 1226 Fidei
727 1174 968 1226 nomen
1019 1155 1473 1240 multipliciter
1520 1154 1842 1224 sumitur:

437 1265 531 1350 ·1)
580 1267 708 1334 Pro
757 1264 1072 1333 fidelitate
1120 1264 1185 1331 in
1237 1263 1583 1348 promissis
1633 1263 2071 1350 adimplendis
2112 1264 2301 1352 juxta
2346 1263 2545 1341 illud„-
2579 1262 2885 1348 numquid

267 1373 692 1441 incredulitas
719 1374 972 1439 illorum
995 1371 1174 1459 fidem
1203 1372 1314 1437 Dei
1339 1372 1661 1439 evacuabit
1696 1371 1716 1411 ¹
1738 1374 1770 1438 ⁶?
1800 1364 1980 1459 —‘2)
2015 1390 2136 1459 pro
2174 1373 2335 1459 ipsis
2373 1371 2753 1456 promissis:
2790 1370 2887 1438 sic

278 1480 646 1567 Apostolus
697 1479 857 1547 dicit
905 1479 988 1546 de
1037 1478 1436 1564 quibusdam
1487 1478 1720 1561 viduis,
1758 1479 1937 1565 quod
1962 1481 2242 1567 primam
2287 1480 2465 1565 fidem
2499 1478 2751 1545 irritam
2783 1479 2881 1564 se-

269 1600 495 1655 cerunt
522 1585 586 1670 ²3
612 1626 698 1635 —
725 1588 793 1674 3)
822 1605 942 1673 pro
985 1586 1389 1655 conscientia
1426 1604 1508 1655 ac>
1539 1587 1768 1655 intima
1804 1587 2233 1674 persuasione
2254 1588 2441 1674 juxta
2477 1585 2668 1653 illud:
2704 1605 2884 1652 omne

265 1695 444 1781 quod
464 1716 594 1763 non
617 1708 706 1763 est
736 1716 818 1762 ea:
845 1695 980 1783 fide,
1007 1706 1331 1782 peccatum
1356 1706 1444 1761 est
1469 1690 1536 1776 ³;
1563 1731 1651 1743 —
1677 1695 1745 1780 4)
1774 1713 1894 1781 pro
1929 1695 2188 1778 fiducia,
2216 1713 2343 1780 qua
2371 1695 2520 1780 quis
2547 1712 2667 1779 pro
2696 1699 2878 1761 certo

269 1805 500 1888 habet,
549 1822 621 1873 se
669 1804 1099 1872 obtenturum
1168 1802 1443 1886 gratiam
1492 1820 1691 1890 quam
1767 1803 2057 1888 postulat
2112 1804 2300 1889 Juxta
2371 1801 2569 1868 illud:
2611 1801 2881 1889 postulet

265 1914 349 1981 in
370 1913 504 2000 fide,
529 1912 691 1979 nihil
713 1912 1008 1980 haesitans
1035 1909 1097 1992 *ς
1131 1947 1219 1957 -
1243 1912 1313 1996 5)
1350 1928 1469 1995 pro
1504 1920 1895 1996 argumento
1925 1910 2004 1977 ad
2033 1910 2467 1992 suadendum,
2508 1927 2640 1995 quo
2675 1927 2878 1976 sensu

215 2020 548 2125 Jaulus:
606 2024 851 2088 Deus...
898 2019 1112 2087 statuit
1143 2020 1324 2101 diem,
1372 2019 1441 2086 in
1486 2037 1605 2103 quo
1626 2019 2029 2105 judicaturus
2061 2031 2146 2086 est
2186 2020 2455 2088 orbem...
2492 2019 2674 2105 fidem
2703 2036 2878 2105 proe-

261 2128 422 2194 bens
445 2127 727 2193 omnibus
766 2122 815 2206 ⁵,
850 2163 939 2173 —
969 2126 1038 2210 6)
1068 2143 1187 2210 pro
1223 2126 1362 2210 ipsa
1398 2123 1797 2215 doctrinabet
1832 2126 2094 2212 objecto
2131 2124 2304 2207 fidei,
2342 2134 2416 2194 ut
2457 2127 2523 2193 in
2559 2123 2875 2211 Symbolo

266 2233 652 2301 Athanasii:
701 2236 850 2300 Haec
895 2244 980 2299 est
1024 2232 1173 2318 fides
1219 2233 1542 2315 catholica,
1590 2251 1782 2319 quam
1824 2234 1954 2300 nisi
1998 2234 2254 2319 quisque
2284 2234 2542 2320 fideliter
2587 2233 2877 2319 firmiter-

263 2360 396 2427 que
440 2339 789 2422 crediderit,
835 2341 1050 2406 salvus
1096 2359 1220 2405 esse
1264 2359 1391 2405 non
1430 2339 1680 2425 poterit.
2031 2420 2035 2425 ι

369 2450 614 2516 Verum
665 2445 828 2514 fides
878 2445 1163 2514 sumitur
1212 2446 1631 2513 communius
1674 2464 1795 2533 pro
1839 2465 2099 2512 assensu
2166 2446 2506 2513 intellectus
2550 2448 2753 2512 nostri
2802 2447 2873 2513 ob

269 2554 545 2621 atterius
572 2553 1027 2621 auctoritatem:
1059 2552 1111 2620 si
1143 2562 1242 2620 est
1268 2553 1352 2620 ob
1380 2553 1839 2621 auctoritatem
1876 2552 2184 2635 bominis,
2220 2552 2383 2621 fides
2418 2560 2517 2620 est
2552 2553 2870 2634 bumana3

265 2660 332 2728 si
386 2660 472 2728 ob
523 2659 986 2727 auctoritatem
1049 2659 1189 2740 Dei,
1242 2666 1341 2727 est
1390 2658 1557 2727 fides
1606 2657 1842 2742 divina,
1892 2660 1973 2727 de
2023 2678 2150 2745 qua
2197 2660 2264 2727 in
2314 2660 2650 2747 praesenti.
2698 2662 2873 2746 Apo-

251 2766 489 2834 stolus
540 2773 763 2835 autem
811 2765 908 2834 sic
953 2765 1149 2833 fidem
1201 2765 1486 2833 divinam
1536 2764 1873 2847 describit,
1925 2772 1996 2833 ut
2047 2766 2166 2833 sit:
2214 2768 2675 2853 sperandarum
2721 2769 2870 2834 sub-

255 2873 510 2940 stantia
540 2893 772 2953 rerum,
802 2884 1240 2957 argumentum
1272 2891 1399 2938 non
1429 2873 1872 2960 apparentium
1904 2871 1956 2941 ⁶.
1992 2872 2248 2940 Dicitur
2281 2874 2647 2955 substantia,
2696 2873 2868 2942 idest

271 2980 458 3049 basis
507 2988 571 3048 et
621 2980 992 3061 inchoatio;
1041 2978 1363 3065 quidquid
1411 2980 1590 3049 enim
1637 2978 1783 3048 aliis
1832 2972 2238 3067 supponitur
2284 2988 2348 3047 et
2398 2982 2867 3065 substernitur,

261 3105 512 3155 nomen
562 3086 973 3168 substantiae,
1025 3085 1204 3173 quod
1261 3105 1295 3153 a
1341 3087 1677 3155 substando
1725 3086 1975 3155 dictum
2048 3093 2172 3170 est,
2248 3087 2543 3155 sortitur.
2596 3091 2866 3173 Speran-

245 3193 493 3259 -darum
557 3212 790 3275 rerum,
844 3198 909 3261 et
956 3192 1051 3259 sic
1099 3190 1529 3277 distinguitur
1577 3193 1783 3260 virtus
1831 3192 1981 3261 fidei
2033 3194 2426 3278 theologicae
2478 3213 2510 3259 a
2572 3193 2701 3263 fide
2758 3212 2869 3279 ge-

271 3299 558 3369 neratim
608 3305 869 3385 sumpta
921 3301 986 3381 ⁷3
1035 3317 1252 3385 neque
1301 3317 1458 3368 sane
1508 3298 1728 3368 omnia
1764 3317 1915 3386 quae
1952 3300 2303 3383 credimuS‚
2342 3318 2705 3387 speramus
2743 3303 2860 3369 Ar-

261 3420 629 3495 qumentum
673 3428 800 3475 non
859 3408 1318 3494 apparentium,
1371 3407 1436 3474 id
1502 3413 1605 3476 est
1643 3407 1832 3494 Juxta
1900 3413 2150 3476 textum
2223 3427 2515 3494 graecum
2563 3410 2863 3477 convictio

257 3534 385 3585 seu
434 3513 911 3582 demonstratio
959 3513 1147 3582 firma
1197 3532 1439 3596 rerum,
1491 3532 1640 3600 quae
1693 3532 1826 3582 non
1876 3513 2214 3596 videntur;
2261 3533 2410 3601 quae
2461 3515 2611 3584 ideo
2661 3516 2863 3583 veris-

253 3623 430 3690 sima
479 3639 627 3690 esse
671 3619 1030 3690 creduntur
1082 3639 1156 3689 ac
1213 3622 1267 3689 si
1331 3621 1698 3690 manifestis
1761 3620 2444 3691 demonstrationibus
2501 3623 2693 3692 nobis
2750 3640 2860 3691 es-

189 3808 198 3822 „
257 3736 414 3798 sent
464 3735 639 3796 nota.

355 3839 512 3904 Haec
559 3833 857 3903 definitio
892 3834 1198 3902 convenit
1233 3835 1431 3902 etiam
1465 3834 1997 3904 patriarcharum
2030 3836 2216 3904 fidei:
2254 3853 2396 3903 eam
2424 3836 2627 3921 igitur
2691 3854 2861 3921 prae-

251 3941 433 4010 senti
484 3940 681 4008 statui
732 3940 954 4025 imagis
1003 3939 1494 4008 accomodando
1565 3940 1762 4011 fidem
1838 3942 1934 4011 sic
1982 3942 2352 4021 definimus,
2404 3948 2476 4008 ut
2525 3942 2610 4009 sit
2656 3943 2859 4010 virtus

278 4047 641 4139 Theotoyica
685 4047 985 4114 divinitus
1030 4047 1265 4132 infusa,
1316 4067 1441 4133 qua
1475 4048 1662 4115 libero
1709 4068 1785 4116 ac
1806 4050 1915 4136 pio
1948 4050 2285 4116 voluntatis
2331 4048 2555 4134 affectu
2589 4049 2859 4134 firmiter

251 4155 635 4221 assentimur
680 4154 761 4221 iis
807 4153 1107 4237 omnibus,
1157 4172 1296 4240 quoe
1344 4156 1507 4221 Deus
1550 4155 1868 4236 revelavit,
1917 4166 1971 4221 et
2018 4173 2156 4239 quoe
2216 4153 2497 4220 Ecclesia
2546 4154 2857 4223 credenda

246 4263 578 4349 proposuit
623 4262 695 4328 ob
745 4262 857 4329 Dei
899 4262 1099 4347 ipsius
1145 4263 1560 4329 veracitatem.
1614 4261 1911 4330 Dicitur:

323 4485 345 4589 Ξ
379 4487 531 4538 Rom.
562 4499 637 4539 lu.
1258 4489 1283 4531 ²
1317 4501 1358 4553 1,
1391 4488 1528 4540 Tim.
1561 4499 1617 4540 v.
1672 4549 1696 4590 Β
2120 4489 2143 4530 ⁸
2178 4450 2331 4542 Rom.⁴
2365 4501 2478 4542 xlv.

319 4611 343 4650 ⁸
378 4550 640 4664 ffiffirf‘xi.
676 4638 738 4650 —
778 4613 833 4663 V.
871 4613 1102 4676 Lignori,
1137 4612 1273 4676 opus
1305 4612 1461 4676 Mor„
1497 4613 1529 4665 Ι.
1561 4624 1620 4677 11,
1657 4550 1904 4666 n.A2c.t⁰—r’
1937 4560 2171 4665 {gi-{ms
2191 4627 2207 4679 3
2246 4616 2305 4668 V.
2341 4616 2507 4667 Fides.

315 4671 343 4714 ‘¹
379 4673 433 4725 S.
469 4673 724 4737 Thomas,
756 4679 804 4737 2,
837 4677 887 4737 Ξ,
924 4688 977 4740 q,
1012 4676 1060 4738 4,
1095 4687 1145 4726 a.
1184 4679 1230 4726 1.
