<?xml version="1.0" encoding="UTF-8"?>
<!DOCTYPE html PUBLIC "-//W3C//DTD XHTML 1.0 Transitional//EN"
    "http://www.w3.org/TR/xhtml1/DTD/xhtml1-transitional.dtd">
<html xmlns="http://www.w3.org/1999/xhtml" xml:lang="en" lang="en">
 <head>
  <title>
</title>
<meta http-equiv="Content-Type" content="text/html;charset=utf-8" />
  <meta name='ocr-system' content='tesseract 3.04.00' />
  <meta name='ocr-capabilities' content='ocr_page ocr_carea ocr_par ocr_line ocrx_word'/>
</head>
<body>
  <div class='ocr_page' id='page_1' title='image "./theologiamorali04scavgoog/theologiamorali04scavgoog_0195.png"; bbox 0 0 3292 5167; ppageno 0'>
   <div class='ocr_carea' id='block_1_1' title="bbox 1235 277 2761 345">
    <p class='ocr_par' dir='ltr' id='par_1_1' title="bbox 1235 277 2761 345">
     <span class='ocr_line' id='line_1_1' title="bbox 1235 277 2761 345; baseline 0.003 -4"><span class='ocrx_word' id='word_1_1' title='bbox 1235 293 1692 341; x_wconf 68' lang='lat' dir='ltr'><strong>Annon-rienes</strong></span> <span class='ocrx_word' id='word_1_2' title='bbox 2633 277 2761 345; x_wconf 75' lang='lat'><strong>{85</strong></span> 
     </span>
    </p>
   </div>
   <div class='ocr_carea' id='block_1_2' title="bbox 195 392 2782 3779">
    <p class='ocr_par' dir='ltr' id='par_1_2' title="bbox 199 392 2760 556">
     <span class='ocr_line' id='line_1_2' title="bbox 199 392 2754 477; baseline 0.002 -18"><span class='ocrx_word' id='word_1_3' title='bbox 199 410 358 477; x_wconf 75' lang='lat' dir='ltr'><strong>qnam</strong></span> <span class='ocrx_word' id='word_1_4' title='bbox 404 394 468 457; x_wconf 87' lang='lat' dir='ltr'><strong>in</strong></span> <span class='ocrx_word' id='word_1_5' title='bbox 511 393 720 474; x_wconf 83' lang='lat' dir='ltr'><strong>ipsum</strong></span> <span class='ocrx_word' id='word_1_6' title='bbox 761 394 964 459; x_wconf 81' lang='lat' dir='ltr'><strong>Deum</strong></span> <span class='ocrx_word' id='word_1_7' title='bbox 1008 392 1480 459; x_wconf 78' lang='lat' dir='ltr'><strong>velChristnm.</strong></span> <span class='ocrx_word' id='word_1_8' title='bbox 1513 394 1589 457; x_wconf 81' lang='lat' dir='ltr'><strong>At</strong></span> <span class='ocrx_word' id='word_1_9' title='bbox 1618 395 2002 477; x_wconf 79' lang='lat' dir='ltr'><strong>gravissime</strong></span> <span class='ocrx_word' id='word_1_10' title='bbox 2038 405 2189 460; x_wconf 84' lang='lat' dir='ltr'><strong>sunt</strong></span> <span class='ocrx_word' id='word_1_11' title='bbox 2225 397 2329 462; x_wconf 86' lang='lat' dir='ltr'><strong>isti</strong></span> <span class='ocrx_word' id='word_1_12' title='bbox 2363 399 2545 463; x_wconf 87' lang='lat' dir='ltr'><strong>incre</strong></span> <span class='ocrx_word' id='word_1_13' title='bbox 2593 396 2754 463; x_wconf 88' lang='lat' dir='ltr'><strong>andi</strong></span> 
     </span>
     <span class='ocr_line' id='line_1_3' title="bbox 200 475 2760 556; baseline 0.001 -15"><span class='ocrx_word' id='word_1_14' title='bbox 200 491 317 541; x_wconf 80' lang='lat' dir='ltr'><strong>cnm</strong></span> <span class='ocrx_word' id='word_1_15' title='bbox 339 475 662 537; x_wconf 83' lang='lat' dir='ltr'><strong>bominem</strong></span> <span class='ocrx_word' id='word_1_16' title='bbox 691 476 1118 539; x_wconf 83' lang='lat' dir='ltr'><strong>christianum</strong></span> <span class='ocrx_word' id='word_1_17' title='bbox 1156 475 1220 537; x_wconf 89' lang='lat' dir='ltr'><strong>id</strong></span> <span class='ocrx_word' id='word_1_18' title='bbox 1254 476 1583 550; x_wconf 75' lang='lat' dir='ltr'>dedeceat,</span> <span class='ocrx_word' id='word_1_19' title='bbox 1617 492 1691 539; x_wconf 84' lang='lat' dir='ltr'><strong>ac</strong></span> <span class='ocrx_word' id='word_1_20' title='bbox 1715 475 1972 539; x_wconf 83' lang='lat' dir='ltr'><strong>mortali</strong></span> <span class='ocrx_word' id='word_1_21' title='bbox 2004 486 2265 556; x_wconf 85' lang='lat' dir='ltr'><strong>peccato</strong></span> <span class='ocrx_word' id='word_1_22' title='bbox 2294 479 2507 544; x_wconf 85' lang='lat' dir='ltr'><strong>locum</strong></span> <span class='ocrx_word' id='word_1_23' title='bbox 2571 485 2760 543; x_wconf 87' lang='lat' dir='ltr'><strong>aciat.</strong></span> 
     </span>
    </p>

    <p class='ocr_par' dir='ltr' id='par_1_3' title="bbox 204 554 2763 723">
     <span class='ocr_line' id='line_1_4' title="bbox 258 554 2763 639; baseline 0.002 -19"><span class='ocrx_word' id='word_1_24' title='bbox 258 556 449 620; x_wconf 73' lang='lat' dir='ltr'><strong>Non:</strong></span> <span class='ocrx_word' id='word_1_25' title='bbox 497 554 714 629; x_wconf 81' lang='lat' dir='ltr'>Quoad</span> <span class='ocrx_word' id='word_1_26' title='bbox 760 572 870 620; x_wconf 90' lang='lat' dir='ltr'><strong>eos</strong></span> <span class='ocrx_word' id='word_1_27' title='bbox 911 556 1018 635; x_wconf 89' lang='lat' dir='ltr'><strong>qui</strong></span> <span class='ocrx_word' id='word_1_28' title='bbox 1070 554 1315 619; x_wconf 72' lang='lat' dir='ltr'><strong>Christi</strong></span> <span class='ocrx_word' id='word_1_29' title='bbox 1374 555 1477 619; x_wconf 81' lang='lat' dir='ltr'><strong>vel</strong></span> <span class='ocrx_word' id='word_1_30' title='bbox 1519 555 1672 620; x_wconf 70' lang='lat' dir='ltr'><strong>lesu</strong></span> <span class='ocrx_word' id='word_1_31' title='bbox 1710 570 1946 618; x_wconf 85' lang='lat' dir='ltr'><strong>nomen</strong></span> <span class='ocrx_word' id='word_1_32' title='bbox 2010 567 2325 639; x_wconf 85' lang='lat' dir='ltr'><strong>usurpant</strong></span> <span class='ocrx_word' id='word_1_33' title='bbox 2370 561 2508 623; x_wconf 76' lang='lat' dir='ltr'><strong>haec</strong></span> <span class='ocrx_word' id='word_1_34' title='bbox 2553 560 2763 624; x_wconf 89' lang='lat' dir='ltr'><strong>adbuc</strong></span> 
     </span>
     <span class='ocr_line' id='line_1_5' title="bbox 204 635 2719 723; baseline 0.001 -23"><span class='ocrx_word' id='word_1_35' title='bbox 204 635 446 700; x_wconf 73' lang='lat' dir='ltr'><strong>notanda</strong></span> <span class='ocrx_word' id='word_1_36' title='bbox 483 652 635 699; x_wconf 77' lang='lat' dir='ltr'><strong>cnm</strong></span> <span class='ocrx_word' id='word_1_37' title='bbox 669 635 751 698; x_wconf 88' lang='lat' dir='ltr'><strong>cl.</strong></span> <span class='ocrx_word' id='word_1_38' title='bbox 792 636 1220 713; x_wconf 72' lang='lat' dir='ltr'><strong>Bella-Mona,</strong></span> <span class='ocrx_word' id='word_1_39' title='bbox 1265 635 1493 719; x_wconf 70' lang='lat' dir='ltr'><strong>Sayqio</strong></span> <span class='ocrx_word' id='word_1_40' title='bbox 1535 637 1637 699; x_wconf 76' lang='lat' dir='ltr'><strong>sui</strong></span> <span class='ocrx_word' id='word_1_41' title='bbox 1670 637 2048 714; x_wconf 82' lang='lat' dir='ltr'><strong>socialismo,</strong></span> <span class='ocrx_word' id='word_1_42' title='bbox 2093 647 2135 702; x_wconf 89' lang='lat' dir='ltr'><strong>t.</strong></span> <span class='ocrx_word' id='word_1_43' title='bbox 2181 656 2251 715; x_wconf 79' lang='grc' dir='ltr'><strong>ιι,</strong></span> <span class='ocrx_word' id='word_1_44' title='bbox 2296 656 2352 723; x_wconf 88' lang='lat' dir='ltr'><strong>p.</strong></span> <span class='ocrx_word' id='word_1_45' title='bbox 2397 641 2486 717; x_wconf 79' lang='lat'><strong>3⁸,</strong></span> <span class='ocrx_word' id='word_1_46' title='bbox 2534 656 2585 703; x_wconf 94' lang='lat' dir='ltr'><strong>c.</strong></span> <span class='ocrx_word' id='word_1_47' title='bbox 2624 641 2719 703; x_wconf 77' lang='lat'><strong>11.</strong></span> 
     </span>
    </p>

    <p class='ocr_par' dir='ltr' id='par_1_4' title="bbox 195 715 2769 1759">
     <span class='ocr_line' id='line_1_6' title="bbox 253 715 2759 801; baseline 0.002 -23"><span class='ocrx_word' id='word_1_48' title='bbox 253 715 456 791; x_wconf 80' lang='lat' dir='ltr'>Quoad</span> <span class='ocrx_word' id='word_1_49' title='bbox 502 717 563 793; x_wconf 82' lang='lat'><strong>1,</strong></span> <span class='ocrx_word' id='word_1_50' title='bbox 602 727 757 780; x_wconf 85' lang='lat' dir='ltr'><strong>sunt</strong></span> <span class='ocrx_word' id='word_1_51' title='bbox 797 720 971 781; x_wconf 85' lang='lat' dir='ltr'><strong>inter</strong></span> <span class='ocrx_word' id='word_1_52' title='bbox 1016 720 1411 781; x_wconf 69' lang='lat' dir='ltr'><strong>recentiores</strong></span> <span class='ocrx_word' id='word_1_53' title='bbox 1501 719 1562 781; x_wconf 86' lang='lat' dir='ltr'><strong>ui</strong></span> <span class='ocrx_word' id='word_1_54' title='bbox 1614 716 1940 781; x_wconf 72' lang='lat' dir='ltr'><strong><em>Christum</em></strong></span> <span class='ocrx_word' id='word_1_55' title='bbox 1994 719 2309 783; x_wconf 82' lang='lat' dir='ltr'><strong>exhibent</strong></span> <span class='ocrx_word' id='word_1_56' title='bbox 2369 737 2565 784; x_wconf 86' lang='lat' dir='ltr'><strong>sensu</strong></span> <span class='ocrx_word' id='word_1_57' title='bbox 2606 736 2759 801; x_wconf 82' lang='lat' dir='ltr'><strong>quo·</strong></span> 
     </span>
     <span class='ocr_line' id='line_1_7' title="bbox 204 798 2757 881; baseline 0.002 -21"><span class='ocrx_word' id='word_1_58' title='bbox 204 801 313 861; x_wconf 80' lang='lat' dir='ltr'><strong>dam</strong></span> <span class='ocrx_word' id='word_1_59' title='bbox 356 798 772 878; x_wconf 79' lang='lat' dir='ltr'><strong>impersonali</strong></span> <span class='ocrx_word' id='word_1_60' title='bbox 820 815 892 861; x_wconf 89' lang='lat' dir='ltr'><strong>ac</strong></span> <span class='ocrx_word' id='word_1_61' title='bbox 936 798 1115 878; x_wconf 82' lang='lat' dir='ltr'><strong>quasi</strong></span> <span class='ocrx_word' id='word_1_62' title='bbox 1163 807 1379 879; x_wconf 84' lang='lat' dir='ltr'><strong>typum</strong></span> <span class='ocrx_word' id='word_1_63' title='bbox 1421 816 1464 879; x_wconf 82' lang='lat' dir='ltr'><strong>p</strong></span> <span class='ocrx_word' id='word_1_64' title='bbox 1511 800 1900 861; x_wconf 79' lang='lat' dir='ltr'><strong>antasticum</strong></span> <span class='ocrx_word' id='word_1_65' title='bbox 1927 806 1992 861; x_wconf 90' lang='lat' dir='ltr'><strong>et</strong></span> <span class='ocrx_word' id='word_1_66' title='bbox 2023 800 2293 863; x_wconf 90' lang='lat' dir='ltr'><strong>idealem</strong></span> <span class='ocrx_word' id='word_1_67' title='bbox 2341 800 2587 864; x_wconf 78' lang='lat' dir='ltr'><strong>ultimae</strong></span> <span class='ocrx_word' id='word_1_68' title='bbox 2619 818 2757 881; x_wconf 90' lang='lat' dir='ltr'><strong>per·</strong></span> 
     </span>
     <span class='ocr_line' id='line_1_8' title="bbox 204 878 2763 960; baseline 0.001 -18"><span class='ocrx_word' id='word_1_69' title='bbox 204 881 461 943; x_wconf 83' lang='lat' dir='ltr'><strong>fectionis</strong></span> <span class='ocrx_word' id='word_1_70' title='bbox 497 878 829 958; x_wconf 82' lang='lat' dir='ltr'><strong>possibilis</strong></span> <span class='ocrx_word' id='word_1_71' title='bbox 872 880 937 941; x_wconf 89' lang='lat' dir='ltr'><strong>in</strong></span> <span class='ocrx_word' id='word_1_72' title='bbox 982 887 1275 943; x_wconf 81' lang='lat' dir='ltr'><strong>creatura</strong></span> <span class='ocrx_word' id='word_1_73' title='bbox 1324 878 1626 943; x_wconf 75' lang='lat' dir='ltr'><strong>rationali</strong></span> <span class='ocrx_word' id='word_1_74' title='bbox 1670 879 1758 958; x_wconf 78' lang='lat' dir='ltr'><strong>(it</strong></span> <span class='ocrx_word' id='word_1_75' title='bbox 1804 878 2082 958; x_wconf 86' lang='lat' dir='ltr'><strong>Cristo):</strong></span> <span class='ocrx_word' id='word_1_76' title='bbox 2154 883 2256 943; x_wconf 89' lang='lat' dir='ltr'><strong>bic</strong></span> <span class='ocrx_word' id='word_1_77' title='bbox 2302 897 2493 960; x_wconf 88' lang='lat' dir='ltr'><strong>porro</strong></span> <span class='ocrx_word' id='word_1_78' title='bbox 2537 897 2763 945; x_wconf 85' lang='lat' dir='ltr'><strong>sensns</strong></span> 
     </span>
     <span class='ocr_line' id='line_1_9' title="bbox 197 959 2763 1040; baseline 0 -17"><span class='ocrx_word' id='word_1_79' title='bbox 197 959 625 1040; x_wconf 69' lang='lat' dir='ltr'><strong>pontheisticus</strong></span> <span class='ocrx_word' id='word_1_80' title='bbox 671 976 928 1036; x_wconf 85' lang='lat' dir='ltr'><strong>prorsus</strong></span> <span class='ocrx_word' id='word_1_81' title='bbox 971 967 1089 1033; x_wconf 88' lang='lat' dir='ltr'><strong>est,</strong></span> <span class='ocrx_word' id='word_1_82' title='bbox 1143 959 1416 1039; x_wconf 85' lang='lat' dir='ltr'><strong>ideoque</strong></span> <span class='ocrx_word' id='word_1_83' title='bbox 1457 960 1864 1023; x_wconf 83' lang='lat' dir='ltr'><strong>damnandus</strong></span> <span class='ocrx_word' id='word_1_84' title='bbox 1912 969 2213 1040; x_wconf 84' lang='lat' dir='ltr'><strong>tanquam</strong></span> <span class='ocrx_word' id='word_1_85' title='bbox 2260 963 2476 1040; x_wconf 82' lang='lat' dir='ltr'><strong>gravis</strong></span> <span class='ocrx_word' id='word_1_86' title='bbox 2527 962 2763 1026; x_wconf 84' lang='lat' dir='ltr'><strong>abusus</strong></span> 
     </span>
     <span class='ocr_line' id='line_1_10' title="bbox 200 1039 2763 1121; baseline 0 -18"><span class='ocrx_word' id='word_1_87' title='bbox 200 1050 249 1104; x_wconf 76' lang='lat' dir='ltr'><strong>et</strong></span> <span class='ocrx_word' id='word_1_88' title='bbox 281 1039 578 1120; x_wconf 81' lang='lat' dir='ltr'><strong>periculis</strong></span> <span class='ocrx_word' id='word_1_89' title='bbox 625 1039 853 1119; x_wconf 90' lang='lat' dir='ltr'><strong>plenus</strong></span> <span class='ocrx_word' id='word_1_90' title='bbox 911 1045 1269 1119; x_wconf 79' lang='lat' dir='ltr'><strong>praesertim</strong></span> <span class='ocrx_word' id='word_1_91' title='bbox 1313 1044 1381 1103; x_wconf 86' lang='lat' dir='ltr'><strong>in</strong></span> <span class='ocrx_word' id='word_1_92' title='bbox 1451 1039 1684 1121; x_wconf 89' lang='lat' dir='ltr'><strong>populo</strong></span> <span class='ocrx_word' id='word_1_93' title='bbox 1747 1039 1958 1104; x_wconf 82' lang='lat' dir='ltr'><strong>fideli:</strong></span> <span class='ocrx_word' id='word_1_94' title='bbox 2002 1041 2061 1103; x_wconf 83' lang='grc' dir='ltr'><strong>ΙΙ</strong></span> <span class='ocrx_word' id='word_1_95' title='bbox 2108 1041 2314 1104; x_wconf 84' lang='lat' dir='ltr'><strong>Cristo</strong></span> <span class='ocrx_word' id='word_1_96' title='bbox 2379 1042 2519 1105; x_wconf 81' lang='lat' dir='ltr'><strong>idea</strong></span> <span class='ocrx_word' id='word_1_97' title='bbox 2567 1060 2691 1104; x_wconf 80' lang='lat' dir='ltr'><strong>non</strong></span> <span class='ocrx_word' id='word_1_98' title='bbox 2733 1043 2763 1104; x_wconf 77' lang='grc' dir='ltr'><strong><em>θ</em></strong></span> 
     </span>
     <span class='ocr_line' id='line_1_11' title="bbox 200 1119 2762 1201; baseline 0 -17"><span class='ocrx_word' id='word_1_99' title='bbox 200 1123 313 1201; x_wconf 72' lang='lat' dir='ltr'><strong>quel</strong></span> <span class='ocrx_word' id='word_1_100' title='bbox 354 1120 519 1184; x_wconf 63' lang='grc' dir='ltr'><strong>(ἰωὰ</strong></span> <span class='ocrx_word' id='word_1_101' title='bbox 571 1119 784 1184; x_wconf 80' lang='lat' dir='ltr'><strong>cristo</strong></span> <span class='ocrx_word' id='word_1_102' title='bbox 826 1120 934 1183; x_wconf 75' lang='lat' dir='ltr'><strong>che</strong></span> <span class='ocrx_word' id='word_1_103' title='bbox 992 1139 1042 1184; x_wconf 87' lang='lat' dir='ltr'><strong>s.</strong></span> <span class='ocrx_word' id='word_1_104' title='bbox 1085 1121 1277 1184; x_wconf 81' lang='lat' dir='ltr'><strong>Paolo</strong></span> <span class='ocrx_word' id='word_1_105' title='bbox 1319 1138 1512 1185; x_wconf 83' lang='lat' dir='ltr'><strong>aveva</strong></span> <span class='ocrx_word' id='word_1_106' title='bbox 1554 1138 1795 1201; x_wconf 82' lang='lat' dir='ltr'><strong>sempro</strong></span> <span class='ocrx_word' id='word_1_107' title='bbox 1836 1122 1939 1185; x_wconf 79' lang='lat' dir='ltr'><strong>nel</strong></span> <span class='ocrx_word' id='word_1_108' title='bbox 1993 1138 2199 1197; x_wconf 79' lang='lat' dir='ltr'><strong>cuore,</strong></span> <span class='ocrx_word' id='word_1_109' title='bbox 2262 1122 2435 1186; x_wconf 77' lang='lat' dir='ltr'><strong>nella</strong></span> <span class='ocrx_word' id='word_1_110' title='bbox 2501 1121 2688 1186; x_wconf 83' lang='lat' dir='ltr'><strong>bocca</strong></span> <span class='ocrx_word' id='word_1_111' title='bbox 2731 1138 2762 1184; x_wconf 82' lang='lat' dir='ltr'><strong>o</strong></span> 
     </span>
     <span class='ocr_line' id='line_1_12' title="bbox 199 1201 2762 1283; baseline -0 -20"><span class='ocrx_word' id='word_1_112' title='bbox 199 1203 333 1265; x_wconf 75' lang='lat' dir='ltr'><strong>sulla</strong></span> <span class='ocrx_word' id='word_1_113' title='bbox 367 1216 600 1281; x_wconf 76' lang='lat' dir='ltr'><strong>penna.</strong></span> <span class='ocrx_word' id='word_1_114' title='bbox 644 1201 734 1265; x_wconf 87' lang='lat' dir='ltr'><strong>La</strong></span> <span class='ocrx_word' id='word_1_115' title='bbox 775 1209 996 1265; x_wconf 80' lang='lat' dir='ltr'><strong>nostra</strong></span> <span class='ocrx_word' id='word_1_116' title='bbox 1038 1202 1172 1283; x_wconf 79' lang='lat' dir='ltr'><strong>fede</strong></span> <span class='ocrx_word' id='word_1_117' title='bbox 1213 1219 1337 1265; x_wconf 77' lang='lat' dir='ltr'><strong>non</strong></span> <span class='ocrx_word' id='word_1_118' title='bbox 1377 1206 1409 1266; x_wconf 70' lang='grc' dir='ltr'><strong><em>ὁ</em></strong></span> <span class='ocrx_word' id='word_1_119' title='bbox 1443 1204 1512 1265; x_wconf 83' lang='lat' dir='ltr'><strong>al</strong></span> <span class='ocrx_word' id='word_1_120' title='bbox 1559 1201 1766 1265; x_wconf 88' lang='lat' dir='ltr'><strong>Gristo</strong></span> <span class='ocrx_word' id='word_1_121' title='bbox 1809 1202 2009 1265; x_wconf 79' lang='lat' dir='ltr'><strong>ideaie</strong></span> <span class='ocrx_word' id='word_1_122' title='bbox 2041 1221 2074 1264; x_wconf 88' lang='lat' dir='ltr'><strong>o</strong></span> <span class='ocrx_word' id='word_1_123' title='bbox 2114 1203 2434 1283; x_wconf 78' lang='lat' dir='ltr'><strong>filosofico,</strong></span> <span class='ocrx_word' id='word_1_124' title='bbox 2479 1220 2582 1267; x_wconf 88' lang='lat' dir='ltr'><strong>ma</strong></span> <span class='ocrx_word' id='word_1_125' title='bbox 2625 1202 2762 1266; x_wconf 85' lang='lat' dir='ltr'><strong>alla</strong></span> 
     </span>
     <span class='ocr_line' id='line_1_13' title="bbox 197 1282 2764 1363; baseline -0.001 -18"><span class='ocrx_word' id='word_1_126' title='bbox 197 1300 428 1363; x_wconf 77' lang='lat' dir='ltr'><strong>persona</strong></span> <span class='ocrx_word' id='word_1_127' title='bbox 470 1282 698 1344; x_wconf 78' lang='lat' dir='ltr'><strong>divina</strong></span> <span class='ocrx_word' id='word_1_128' title='bbox 739 1284 807 1345; x_wconf 82' lang='lat' dir='ltr'><strong>di</strong></span> <span class='ocrx_word' id='word_1_129' title='bbox 853 1282 1043 1358; x_wconf 62' lang='lat' dir='ltr'><strong>Gesiz,</strong></span> <span class='ocrx_word' id='word_1_130' title='bbox 1084 1283 1152 1347; x_wconf 80' lang='lat' dir='ltr'><strong>ai</strong></span> <span class='ocrx_word' id='word_1_131' title='bbox 1198 1283 1404 1346; x_wconf 78' lang='lat' dir='ltr'><strong>Crista</strong></span> <span class='ocrx_word' id='word_1_132' title='bbox 1447 1285 1680 1345; x_wconf 84' lang='lat' dir='ltr'><strong>storico</strong></span> <span class='ocrx_word' id='word_1_133' title='bbox 1721 1300 1751 1346; x_wconf 81' lang='lat' dir='ltr'><strong>s</strong></span> <span class='ocrx_word' id='word_1_134' title='bbox 1797 1283 1986 1358; x_wconf 81' lang='lat' dir='ltr'><strong>reale,</strong></span> <span class='ocrx_word' id='word_1_135' title='bbox 2018 1282 2111 1345; x_wconf 89' lang='lat' dir='ltr'><strong>illi</strong></span> <span class='ocrx_word' id='word_1_136' title='bbox 2153 1284 2458 1346; x_wconf 81' lang='lat' dir='ltr'><strong>videlicet</strong></span> <span class='ocrx_word' id='word_1_137' title='bbox 2488 1283 2764 1359; x_wconf 88' lang='lat' dir='ltr'><strong>Christo,</strong></span> 
     </span>
     <span class='ocr_line' id='line_1_14' title="bbox 199 1361 2765 1443; baseline 0 -16"><span class='ocrx_word' id='word_1_138' title='bbox 199 1366 283 1443; x_wconf 87' lang='lat' dir='ltr'><strong>qui</strong></span> <span class='ocrx_word' id='word_1_139' title='bbox 322 1367 663 1439; x_wconf 85' lang='lat' dir='ltr'><strong>(clamante</strong></span> <span class='ocrx_word' id='word_1_140' title='bbox 692 1363 974 1427; x_wconf 78' lang='lat' dir='ltr'><strong>Ecclesia</strong></span> <span class='ocrx_word' id='word_1_141' title='bbox 1011 1364 1355 1443; x_wconf 86' lang='lat' dir='ltr'><strong>catholica)</strong></span> <span class='ocrx_word' id='word_1_142' title='bbox 1397 1382 1579 1427; x_wconf 77' lang='lat' dir='ltr'><strong>conce</strong></span> <span class='ocrx_word' id='word_1_143' title='bbox 1627 1370 1728 1426; x_wconf 79' lang='lat' dir='ltr'><strong>tus</strong></span> <span class='ocrx_word' id='word_1_144' title='bbox 1765 1372 1861 1426; x_wconf 83' lang='lat' dir='ltr'><strong>est</strong></span> <span class='ocrx_word' id='word_1_145' title='bbox 1893 1364 1964 1429; x_wconf 77' lang='lat' dir='ltr'><strong>de</strong></span> <span class='ocrx_word' id='word_1_146' title='bbox 1997 1361 2246 1442; x_wconf 80' lang='lat' dir='ltr'><strong>Spiritu</strong></span> <span class='ocrx_word' id='word_1_147' title='bbox 2277 1363 2526 1440; x_wconf 79' lang='lat' dir='ltr'><strong>Sancto,</strong></span> <span class='ocrx_word' id='word_1_148' title='bbox 2567 1372 2765 1427; x_wconf 79' lang='lat' dir='ltr'><strong>natus</strong></span> 
     </span>
     <span class='ocr_line' id='line_1_15' title="bbox 200 1441 2768 1525; baseline -0 -18"><span class='ocrx_word' id='word_1_149' title='bbox 200 1462 261 1507; x_wconf 71' lang='lat' dir='ltr'><strong>est</strong></span> <span class='ocrx_word' id='word_1_150' title='bbox 291 1444 498 1508; x_wconf 69' lang='grc' dir='ltr'><em>Μανία</em></span> <span class='ocrx_word' id='word_1_151' title='bbox 556 1444 831 1523; x_wconf 59' lang='lat' dir='ltr'><strong>Vimine,</strong></span> <span class='ocrx_word' id='word_1_152' title='bbox 867 1461 1098 1525; x_wconf 79' lang='lat' dir='ltr'><strong>passus</strong></span> <span class='ocrx_word' id='word_1_153' title='bbox 1141 1441 1257 1507; x_wconf 82' lang='lat' dir='ltr'><strong>sab</strong></span> <span class='ocrx_word' id='word_1_154' title='bbox 1299 1446 1524 1508; x_wconf 85' lang='lat' dir='ltr'><strong>Pontio</strong></span> <span class='ocrx_word' id='word_1_155' title='bbox 1624 1446 1801 1522; x_wconf 74' lang='lat' dir='ltr'><strong>iloto,</strong></span> <span class='ocrx_word' id='word_1_156' title='bbox 1843 1444 2215 1524; x_wconf 73' lang='lat' dir='ltr'><strong>crucifixus,</strong></span> <span class='ocrx_word' id='word_1_157' title='bbox 2252 1451 2540 1508; x_wconf 81' lang='lat' dir='ltr'><strong>mortuus</strong></span> <span class='ocrx_word' id='word_1_158' title='bbox 2583 1450 2647 1507; x_wconf 83' lang='lat' dir='ltr'><strong>st</strong></span> <span class='ocrx_word' id='word_1_159' title='bbox 2682 1461 2768 1507; x_wconf 81' lang='lat' dir='ltr'><strong>ss·</strong></span> 
     </span>
     <span class='ocr_line' id='line_1_16' title="bbox 195 1522 2769 1605; baseline 0.002 -19"><span class='ocrx_word' id='word_1_160' title='bbox 195 1524 378 1605; x_wconf 66' lang='lat' dir='ltr'><strong>pultes</strong></span> <span class='ocrx_word' id='word_1_161' title='bbox 409 1532 540 1588; x_wconf 84' lang='lat' dir='ltr'><strong>est:</strong></span> <span class='ocrx_word' id='word_1_162' title='bbox 610 1528 805 1589; x_wconf 83' lang='lat' dir='ltr'><strong>tertia</strong></span> <span class='ocrx_word' id='word_1_163' title='bbox 846 1522 943 1589; x_wconf 77' lang='lat' dir='ltr'><strong>dis</strong></span> <span class='ocrx_word' id='word_1_164' title='bbox 984 1526 1347 1589; x_wconf 72' lang='lat' dir='ltr'><strong>resurrexit</strong></span> <span class='ocrx_word' id='word_1_165' title='bbox 1384 1543 1425 1590; x_wconf 88' lang='lat' dir='ltr'><strong>a</strong></span> <span class='ocrx_word' id='word_1_166' title='bbox 1484 1527 1775 1601; x_wconf 79' lang='lat' dir='ltr'><strong>mortuis,</strong></span> <span class='ocrx_word' id='word_1_167' title='bbox 1837 1526 2123 1588; x_wconf 80' lang='lat' dir='ltr'><strong>ascendit</strong></span> <span class='ocrx_word' id='word_1_168' title='bbox 2184 1527 2267 1588; x_wconf 81' lang='lat' dir='ltr'><strong>ad</strong></span> <span class='ocrx_word' id='word_1_169' title='bbox 2320 1525 2557 1601; x_wconf 77' lang='lat' dir='ltr'><strong>coeium,</strong></span> <span class='ocrx_word' id='word_1_170' title='bbox 2597 1527 2769 1590; x_wconf 76' lang='lat' dir='ltr'><strong>sedet</strong></span> 
     </span>
     <span class='ocr_line' id='line_1_17' title="bbox 197 1605 2766 1686; baseline -0 -17"><span class='ocrx_word' id='word_1_171' title='bbox 197 1608 261 1669; x_wconf 77' lang='lat' dir='ltr'><strong>ad</strong></span> <span class='ocrx_word' id='word_1_172' title='bbox 295 1607 618 1668; x_wconf 70' lang='lat' dir='ltr'><strong>dexteram</strong></span> <span class='ocrx_word' id='word_1_173' title='bbox 660 1605 776 1670; x_wconf 80' lang='lat' dir='ltr'><strong>Dei</strong></span> <span class='ocrx_word' id='word_1_174' title='bbox 817 1607 1038 1670; x_wconf 87' lang='lat' dir='ltr'><strong>Patris</strong></span> <span class='ocrx_word' id='word_1_175' title='bbox 1095 1606 1567 1686; x_wconf 77' lang='lat' dir='ltr'><strong>omnipotentis.-</strong></span> <span class='ocrx_word' id='word_1_176' title='bbox 1612 1606 1755 1669; x_wconf 78' lang='lat' dir='ltr'><strong>inde</strong></span> <span class='ocrx_word' id='word_1_177' title='bbox 1788 1613 2092 1669; x_wconf 79' lang='lat' dir='ltr'><strong>venturus</strong></span> <span class='ocrx_word' id='word_1_178' title='bbox 2136 1613 2232 1671; x_wconf 76' lang='lat' dir='ltr'><strong>est</strong></span> <span class='ocrx_word' id='word_1_179' title='bbox 2262 1606 2566 1685; x_wconf 80' lang='lat' dir='ltr'><strong>judicare</strong></span> <span class='ocrx_word' id='word_1_180' title='bbox 2595 1606 2766 1668; x_wconf 89' lang='lat' dir='ltr'><strong>vivos</strong></span> 
     </span>
     <span class='ocr_line' id='line_1_18' title="bbox 199 1693 734 1759; baseline 0 -11"><span class='ocrx_word' id='word_1_181' title='bbox 199 1694 251 1749; x_wconf 76' lang='lat' dir='ltr'><strong>et</strong></span> <span class='ocrx_word' id='word_1_182' title='bbox 281 1693 564 1759; x_wconf 77' lang='lat' dir='ltr'><strong>mortuos,</strong></span> <span class='ocrx_word' id='word_1_183' title='bbox 613 1695 734 1748; x_wconf 88' lang='lat' dir='ltr'><strong>etc.</strong></span> 
     </span>
    </p>

    <p class='ocr_par' dir='ltr' id='par_1_5' title="bbox 207 1765 2778 2893">
     <span class='ocr_line' id='line_1_19' title="bbox 262 1765 2765 1847; baseline 0 -18"><span class='ocrx_word' id='word_1_184' title='bbox 262 1766 455 1840; x_wconf 87' lang='lat' dir='ltr'><strong>Quoad</strong></span> <span class='ocrx_word' id='word_1_185' title='bbox 520 1767 587 1841; x_wconf 75' lang='lat'><strong>2,</strong></span> <span class='ocrx_word' id='word_1_186' title='bbox 647 1767 904 1829; x_wconf 81' lang='lat' dir='ltr'><strong>scribit:</strong></span> <span class='ocrx_word' id='word_1_187' title='bbox 963 1790 985 1820; x_wconf 76' lang='grc' dir='ltr'>ι</span> <span class='ocrx_word' id='word_1_188' title='bbox 1028 1765 1226 1839; x_wconf 89' lang='lat' dir='ltr'><strong>Quale</strong></span> <span class='ocrx_word' id='word_1_189' title='bbox 1268 1766 1572 1829; x_wconf 89' lang='lat' dir='ltr'><strong>scandalo</strong></span> <span class='ocrx_word' id='word_1_190' title='bbox 1616 1766 2049 1846; x_wconf 84' lang='lat' dir='ltr'><strong>comparabile</strong></span> <span class='ocrx_word' id='word_1_191' title='bbox 2114 1783 2148 1828; x_wconf 91' lang='lat' dir='ltr'><strong>a</strong></span> <span class='ocrx_word' id='word_1_192' title='bbox 2218 1778 2488 1847; x_wconf 86' lang='lat' dir='ltr'><strong>queste,</strong></span> <span class='ocrx_word' id='word_1_193' title='bbox 2551 1767 2673 1829; x_wconf 91' lang='lat' dir='ltr'><strong>cbe</strong></span> <span class='ocrx_word' id='word_1_194' title='bbox 2718 1765 2765 1829; x_wconf 88' lang='lat' dir='ltr'><strong>il</strong></span> 
     </span>
     <span class='ocr_line' id='line_1_20' title="bbox 207 1846 2767 1928; baseline 0 -20"><span class='ocrx_word' id='word_1_195' title='bbox 207 1863 366 1909; x_wconf 78' lang='lat' dir='ltr'><strong>nome</strong></span> <span class='ocrx_word' id='word_1_196' title='bbox 405 1848 466 1910; x_wconf 89' lang='lat' dir='ltr'><strong>di</strong></span> <span class='ocrx_word' id='word_1_197' title='bbox 512 1849 796 1928; x_wconf 74' lang='lat' dir='ltr'><strong>yesuita,</strong></span> <span class='ocrx_word' id='word_1_198' title='bbox 834 1846 1176 1927; x_wconf 71' lang='lat' dir='ltr'><strong>yesuitajo,</strong></span> <span class='ocrx_word' id='word_1_199' title='bbox 1223 1864 1376 1923; x_wconf 64' lang='lat' dir='ltr'><strong>ecc„</strong></span> <span class='ocrx_word' id='word_1_200' title='bbox 1418 1849 1508 1910; x_wconf 90' lang='lat' dir='ltr'><strong>sia</strong></span> <span class='ocrx_word' id='word_1_201' title='bbox 1554 1847 1657 1910; x_wconf 89' lang='lat' dir='ltr'><strong>dai</strong></span> <span class='ocrx_word' id='word_1_202' title='bbox 1707 1847 1983 1910; x_wconf 84' lang='lat' dir='ltr'><strong>cattolici</strong></span> <span class='ocrx_word' id='word_1_203' title='bbox 2048 1855 2226 1908; x_wconf 87' lang='lat' dir='ltr'><strong>usato</strong></span> <span class='ocrx_word' id='word_1_204' title='bbox 2285 1863 2400 1927; x_wconf 89' lang='lat' dir='ltr'><strong>per</strong></span> <span class='ocrx_word' id='word_1_205' title='bbox 2445 1849 2767 1909; x_wconf 89' lang='lat' dir='ltr'><strong>sinonimo</strong></span> 
     </span>
     <span class='ocr_line' id='line_1_21' title="bbox 210 1927 2765 2007; baseline -0 -17"><span class='ocrx_word' id='word_1_206' title='bbox 210 1927 380 2007; x_wconf 75' lang='lat' dir='ltr'><strong>d&#39;ogni</strong></span> <span class='ocrx_word' id='word_1_207' title='bbox 442 1928 827 2004; x_wconf 85' lang='lat' dir='ltr'><strong>ribalderia,</strong></span> <span class='ocrx_word' id='word_1_208' title='bbox 888 1944 923 1990; x_wconf 93' lang='lat' dir='ltr'><strong>e</strong></span> <span class='ocrx_word' id='word_1_209' title='bbox 969 1944 1082 2007; x_wconf 87' lang='lat' dir='ltr'><strong>per</strong></span> <span class='ocrx_word' id='word_1_210' title='bbox 1126 1929 1412 1990; x_wconf 87' lang='lat' dir='ltr'><strong>marchio</strong></span> <span class='ocrx_word' id='word_1_211' title='bbox 1457 1928 1799 1991; x_wconf 77' lang='lat' dir='ltr'><strong>d’inramia</strong></span> <span class='ocrx_word' id='word_1_212' title='bbox 1818 1929 1909 1990; x_wconf 61' lang='grc' dir='ltr'><strong>ἢ...</strong></span> <span class='ocrx_word' id='word_1_213' title='bbox 1956 1927 2381 1990; x_wconf 79' lang='lat' dir='ltr'><strong>Fintanlocbe</strong></span> <span class='ocrx_word' id='word_1_214' title='bbox 2426 1944 2540 2007; x_wconf 88' lang='lat' dir='ltr'><strong>per</strong></span> <span class='ocrx_word' id='word_1_215' title='bbox 2586 1928 2765 1990; x_wconf 89' lang='lat' dir='ltr'><strong>deni·</strong></span> 
     </span>
     <span class='ocr_line' id='line_1_22' title="bbox 215 2006 2767 2088; baseline -0 -17"><span class='ocrx_word' id='word_1_216' title='bbox 215 2024 362 2087; x_wconf 79' lang='lat' dir='ltr'><strong>grate</strong></span> <span class='ocrx_word' id='word_1_217' title='bbox 395 2025 478 2072; x_wconf 88' lang='lat' dir='ltr'><strong>un</strong></span> <span class='ocrx_word' id='word_1_218' title='bbox 527 2009 846 2072; x_wconf 87' lang='lat' dir='ltr'><strong>sodalizio</strong></span> <span class='ocrx_word' id='word_1_219' title='bbox 891 2007 1145 2071; x_wconf 86' lang='lat' dir='ltr'><strong>illustre</strong></span> <span class='ocrx_word' id='word_1_220' title='bbox 1188 2024 1461 2072; x_wconf 87' lang='lat' dir='ltr'><strong>cercano</strong></span> <span class='ocrx_word' id='word_1_221' title='bbox 1506 2025 1716 2072; x_wconf 82' lang='lat' dir='ltr'><strong>nuove</strong></span> <span class='ocrx_word' id='word_1_222' title='bbox 1750 2009 2278 2086; x_wconf 86' lang='lat' dir='ltr'><strong>interpretazioni</strong></span> <span class='ocrx_word' id='word_1_223' title='bbox 2327 2007 2431 2070; x_wconf 87' lang='lat' dir='ltr'><strong>del</strong></span> <span class='ocrx_word' id='word_1_224' title='bbox 2477 2006 2767 2088; x_wconf 73' lang='lat' dir='ltr'><strong>vangelo</strong></span> 
     </span>
     <span class='ocr_line' id='line_1_23' title="bbox 218 2086 2766 2169; baseline 0 -18"><span class='ocrx_word' id='word_1_225' title='bbox 218 2105 249 2151; x_wconf 86' lang='lat' dir='ltr'><strong>e</strong></span> <span class='ocrx_word' id='word_1_226' title='bbox 280 2091 600 2169; x_wconf 80' lang='lat' dir='ltr'><strong>appiccano</strong></span> <span class='ocrx_word' id='word_1_227' title='bbox 645 2106 733 2153; x_wconf 88' lang='lat' dir='ltr'><strong>un</strong></span> <span class='ocrx_word' id='word_1_228' title='bbox 771 2089 1131 2167; x_wconf 80' lang='lat' dir='ltr'><strong>significato</strong></span> <span class='ocrx_word' id='word_1_229' title='bbox 1177 2090 1396 2152; x_wconf 89' lang='lat' dir='ltr'><strong>odioso</strong></span> <span class='ocrx_word' id='word_1_230' title='bbox 1440 2088 1499 2152; x_wconf 90' lang='lat' dir='ltr'><strong>al</strong></span> <span class='ocrx_word' id='word_1_231' title='bbox 1545 2106 1735 2152; x_wconf 89' lang='lat' dir='ltr'><strong>nome</strong></span> <span class='ocrx_word' id='word_1_232' title='bbox 1778 2091 1896 2151; x_wconf 88' lang='lat' dir='ltr'><strong>che</strong></span> <span class='ocrx_word' id='word_1_233' title='bbox 1939 2086 2026 2167; x_wconf 83' lang='lat' dir='ltr'><strong>gli</strong></span> <span class='ocrx_word' id='word_1_234' title='bbox 2072 2090 2262 2151; x_wconf 88' lang='lat' dir='ltr'><strong>viene</strong></span> <span class='ocrx_word' id='word_1_235' title='bbox 2294 2088 2397 2151; x_wconf 92' lang='lat' dir='ltr'><strong>dal</strong></span> <span class='ocrx_word' id='word_1_236' title='bbox 2438 2105 2625 2151; x_wconf 89' lang='lat' dir='ltr'><strong>nome</strong></span> <span class='ocrx_word' id='word_1_237' title='bbox 2657 2106 2766 2151; x_wconf 90' lang='lat' dir='ltr'><strong>au-</strong></span> 
     </span>
     <span class='ocr_line' id='line_1_24' title="bbox 223 2167 2768 2250; baseline 0 -18"><span class='ocrx_word' id='word_1_238' title='bbox 223 2180 380 2247; x_wconf 77' lang='lat' dir='ltr'><strong>gusto,</strong></span> <span class='ocrx_word' id='word_1_239' title='bbox 421 2180 661 2250; x_wconf 84' lang='lat' dir='ltr'><strong>troppo</strong></span> <span class='ocrx_word' id='word_1_240' title='bbox 696 2174 731 2233; x_wconf 79' lang='lat' dir='ltr'><strong>e</strong></span> <span class='ocrx_word' id='word_1_241' title='bbox 775 2168 1093 2232; x_wconf 87' lang='lat' dir='ltr'><strong>diabolico</strong></span> <span class='ocrx_word' id='word_1_242' title='bbox 1148 2167 1210 2231; x_wconf 90' lang='lat' dir='ltr'><strong>lo</strong></span> <span class='ocrx_word' id='word_1_243' title='bbox 1253 2178 1729 2250; x_wconf 82' lang='lat' dir='ltr'><strong>stratagemma‚</strong></span> <span class='ocrx_word' id='word_1_244' title='bbox 1794 2178 2020 2248; x_wconf 86' lang='lat' dir='ltr'><strong>troppo</strong></span> <span class='ocrx_word' id='word_1_245' title='bbox 2075 2170 2138 2229; x_wconf 83' lang='lat' dir='ltr'><strong>vi</strong></span> <span class='ocrx_word' id='word_1_246' title='bbox 2178 2173 2228 2232; x_wconf 90' lang='lat' dir='ltr'><strong>si</strong></span> <span class='ocrx_word' id='word_1_247' title='bbox 2276 2170 2600 2232; x_wconf 61' lang='lat' dir='ltr'><strong>mostrad’</strong></span> <span class='ocrx_word' id='word_1_248' title='bbox 2628 2171 2768 2232; x_wconf 86' lang='lat' dir='ltr'><strong>idea</strong></span> 
     </span>
     <span class='ocr_line' id='line_1_25' title="bbox 219 2249 2769 2330; baseline 0.001 -20"><span class='ocrx_word' id='word_1_249' title='bbox 219 2266 434 2314; x_wconf 82' lang='lat' dir='ltr'><strong>comune</strong></span> <span class='ocrx_word' id='word_1_250' title='bbox 479 2252 663 2315; x_wconf 84' lang='lat' dir='ltr'><strong>della</strong></span> <span class='ocrx_word' id='word_1_251' title='bbox 708 2249 1103 2313; x_wconf 85' lang='lat' dir='ltr'><strong>eterodossia</strong></span> <span class='ocrx_word' id='word_1_252' title='bbox 1148 2250 1461 2313; x_wconf 89' lang='lat' dir='ltr'><strong>moderna</strong></span> <span class='ocrx_word' id='word_1_253' title='bbox 1497 2251 1663 2315; x_wconf 90' lang='lat' dir='ltr'><strong>colle</strong></span> <span class='ocrx_word' id='word_1_254' title='bbox 1692 2252 1974 2326; x_wconf 76' lang='lat' dir='ltr'><strong>antiche,</strong></span> <span class='ocrx_word' id='word_1_255' title='bbox 2017 2251 2159 2311; x_wconf 90' lang='lat' dir='ltr'><strong>anzi</strong></span> <span class='ocrx_word' id='word_1_256' title='bbox 2192 2251 2289 2312; x_wconf 91' lang='lat' dir='ltr'><strong>col</strong></span> <span class='ocrx_word' id='word_1_257' title='bbox 2338 2252 2769 2330; x_wconf 85' lang='lat' dir='ltr'><strong>paganesimo,</strong></span> 
     </span>
     <span class='ocr_line' id='line_1_26' title="bbox 215 2329 2770 2410; baseline 0.001 -18"><span class='ocrx_word' id='word_1_258' title='bbox 215 2331 308 2393; x_wconf 77' lang='lat' dir='ltr'><strong>ebe</strong></span> <span class='ocrx_word' id='word_1_259' title='bbox 341 2331 428 2393; x_wconf 88' lang='lat' dir='ltr'><strong>col</strong></span> <span class='ocrx_word' id='word_1_260' title='bbox 473 2348 675 2395; x_wconf 90' lang='lat' dir='ltr'><strong>nome</strong></span> <span class='ocrx_word' id='word_1_261' title='bbox 720 2332 784 2394; x_wconf 94' lang='lat' dir='ltr'><strong>di</strong></span> <span class='ocrx_word' id='word_1_262' title='bbox 829 2329 1239 2407; x_wconf 67' lang='lat' dir='ltr'><strong>christocolae,</strong></span> <span class='ocrx_word' id='word_1_263' title='bbox 1281 2348 1618 2409; x_wconf 80' lang='lat' dir='ltr'><strong>sprezzava</strong></span> <span class='ocrx_word' id='word_1_264' title='bbox 1671 2334 1689 2393; x_wconf 92' lang='lat' dir='ltr'><strong>i</strong></span> <span class='ocrx_word' id='word_1_265' title='bbox 1736 2331 2049 2406; x_wconf 80' lang='lat' dir='ltr'><strong>cristiani,</strong></span> <span class='ocrx_word' id='word_1_266' title='bbox 2110 2347 2145 2393; x_wconf 93' lang='lat' dir='ltr'><strong>e</strong></span> <span class='ocrx_word' id='word_1_267' title='bbox 2208 2331 2305 2393; x_wconf 89' lang='lat' dir='ltr'><strong>col</strong></span> <span class='ocrx_word' id='word_1_268' title='bbox 2353 2340 2770 2410; x_wconf 87' lang='lat' dir='ltr'><strong>protestante·</strong></span> 
     </span>
     <span class='ocr_line' id='line_1_27' title="bbox 211 2409 2772 2492; baseline 0.002 -21"><span class='ocrx_word' id='word_1_269' title='bbox 211 2411 340 2472; x_wconf 87' lang='lat' dir='ltr'><strong>simo</strong></span> <span class='ocrx_word' id='word_1_270' title='bbox 376 2414 491 2476; x_wconf 89' lang='lat' dir='ltr'><strong>cbe</strong></span> <span class='ocrx_word' id='word_1_271' title='bbox 540 2412 591 2475; x_wconf 86' lang='lat' dir='ltr'><strong>il</strong></span> <span class='ocrx_word' id='word_1_272' title='bbox 639 2428 830 2474; x_wconf 86' lang='lat' dir='ltr'><strong>nome</strong></span> <span class='ocrx_word' id='word_1_273' title='bbox 873 2410 938 2473; x_wconf 91' lang='lat' dir='ltr'><strong>di</strong></span> <span class='ocrx_word' id='word_1_274' title='bbox 981 2412 1215 2492; x_wconf 68' lang='lat' dir='ltr'><strong>qesuiti</strong></span> <span class='ocrx_word' id='word_1_275' title='bbox 1262 2413 1524 2474; x_wconf 81' lang='lat' dir='ltr'><strong>invento</strong></span> <span class='ocrx_word' id='word_1_276' title='bbox 1569 2411 1647 2474; x_wconf 92' lang='lat' dir='ltr'><strong>ed</strong></span> <span class='ocrx_word' id='word_1_277' title='bbox 1694 2410 1950 2474; x_wconf 80' lang='lat' dir='ltr'><strong>affibbio</strong></span> <span class='ocrx_word' id='word_1_278' title='bbox 1979 2428 2013 2475; x_wconf 88' lang='lat' dir='ltr'><strong>a</strong></span> <span class='ocrx_word' id='word_1_279' title='bbox 2058 2409 2203 2490; x_wconf 86' lang='lat' dir='ltr'><strong>quel</strong></span> <span class='ocrx_word' id='word_1_280' title='bbox 2238 2410 2546 2473; x_wconf 87' lang='lat' dir='ltr'><strong>sodalizio</strong></span> <span class='ocrx_word' id='word_1_281' title='bbox 2590 2426 2772 2475; x_wconf 91' lang='lat' dir='ltr'><strong>come</strong></span> 
     </span>
     <span class='ocr_line' id='line_1_28' title="bbox 214 2491 2765 2571; baseline 0 -18"><span class='ocrx_word' id='word_1_282' title='bbox 214 2492 446 2554; x_wconf 84' lang='lat' dir='ltr'><strong>termine</strong></span> <span class='ocrx_word' id='word_1_283' title='bbox 488 2494 555 2555; x_wconf 89' lang='lat' dir='ltr'><strong>di</strong></span> <span class='ocrx_word' id='word_1_284' title='bbox 611 2494 946 2555; x_wconf 88' lang='lat' dir='ltr'><strong>scberno...</strong></span> <span class='ocrx_word' id='word_1_285' title='bbox 991 2491 1167 2554; x_wconf 86' lang='lat' dir='ltr'><strong>Nella</strong></span> <span class='ocrx_word' id='word_1_286' title='bbox 1212 2491 1460 2566; x_wconf 79' lang='lat' dir='ltr'><strong>chiesa,</strong></span> <span class='ocrx_word' id='word_1_287' title='bbox 1504 2492 1607 2555; x_wconf 91' lang='lat' dir='ltr'><strong>nel</strong></span> <span class='ocrx_word' id='word_1_288' title='bbox 1658 2508 1859 2570; x_wconf 81' lang='lat' dir='ltr'><strong>regno</strong></span> <span class='ocrx_word' id='word_1_289' title='bbox 1894 2492 1956 2556; x_wconf 90' lang='lat' dir='ltr'><strong>di</strong></span> <span class='ocrx_word' id='word_1_290' title='bbox 2003 2492 2121 2554; x_wconf 89' lang='lat' dir='ltr'><strong>Dio</strong></span> <span class='ocrx_word' id='word_1_291' title='bbox 2166 2492 2288 2571; x_wconf 76' lang='lat' dir='ltr'><strong>pub</strong></span> <span class='ocrx_word' id='word_1_292' title='bbox 2320 2491 2614 2554; x_wconf 85' lang='lat' dir='ltr'><strong>divenire</strong></span> <span class='ocrx_word' id='word_1_293' title='bbox 2659 2491 2765 2553; x_wconf 91' lang='lat' dir='ltr'><strong>ob-</strong></span> 
     </span>
     <span class='ocr_line' id='line_1_29' title="bbox 212 2570 2778 2652; baseline 0.001 -20"><span class='ocrx_word' id='word_1_294' title='bbox 212 2570 503 2636; x_wconf 84' lang='lat' dir='ltr'><strong>brobrioso</strong></span> <span class='ocrx_word' id='word_1_295' title='bbox 553 2572 604 2635; x_wconf 91' lang='lat' dir='ltr'><strong>il</strong></span> <span class='ocrx_word' id='word_1_296' title='bbox 650 2589 839 2635; x_wconf 90' lang='lat' dir='ltr'><strong>nome</strong></span> <span class='ocrx_word' id='word_1_297' title='bbox 884 2572 948 2634; x_wconf 91' lang='lat' dir='ltr'><strong>di</strong></span> <span class='ocrx_word' id='word_1_298' title='bbox 993 2570 1180 2648; x_wconf 77' lang='lat' dir='ltr'><strong>Gesd,</strong></span> <span class='ocrx_word' id='word_1_299' title='bbox 1225 2589 1262 2633; x_wconf 90' lang='lat' dir='ltr'><strong>o</strong></span> <span class='ocrx_word' id='word_1_300' title='bbox 1305 2573 1674 2652; x_wconf 87' lang='lat' dir='ltr'><strong>qualunqne</strong></span> <span class='ocrx_word' id='word_1_301' title='bbox 1717 2589 1828 2636; x_wconf 89' lang='lat' dir='ltr'><strong>sua</strong></span> <span class='ocrx_word' id='word_1_302' title='bbox 1875 2571 2342 2635; x_wconf 72' lang='lat' dir='ltr'><strong>derivazione‘?</strong></span> <span class='ocrx_word' id='word_1_303' title='bbox 2391 2572 2778 2635; x_wconf 75' lang='lat' dir='ltr'><strong>Gesuitismo</strong></span> 
     </span>
     <span class='ocr_line' id='line_1_30' title="bbox 213 2651 2764 2733; baseline 0.001 -20"><span class='ocrx_word' id='word_1_304' title='bbox 213 2667 311 2714; x_wconf 87' lang='lat' dir='ltr'><strong>uon</strong></span> <span class='ocrx_word' id='word_1_305' title='bbox 342 2656 457 2732; x_wconf 76' lang='lat' dir='ltr'><strong>pub</strong></span> <span class='ocrx_word' id='word_1_306' title='bbox 500 2654 881 2733; x_wconf 82' lang='lat' dir='ltr'><strong>significare</strong></span> <span class='ocrx_word' id='word_1_307' title='bbox 904 2651 1003 2716; x_wconf 81' lang='lat' dir='ltr'><strong>rra</strong></span> <span class='ocrx_word' id='word_1_308' title='bbox 1026 2653 1305 2716; x_wconf 88' lang='lat' dir='ltr'><strong>cattolici</strong></span> <span class='ocrx_word' id='word_1_309' title='bbox 1332 2653 1778 2716; x_wconf 88' lang='lat' dir='ltr'><strong>dommatismo</strong></span> <span class='ocrx_word' id='word_1_310' title='bbox 1804 2653 1984 2729; x_wconf 82' lang='lat' dir='ltr'><strong>falso,</strong></span> <span class='ocrx_word' id='word_1_311' title='bbox 2009 2654 2252 2715; x_wconf 88' lang='lat' dir='ltr'><strong>morale</strong></span> <span class='ocrx_word' id='word_1_312' title='bbox 2287 2652 2470 2715; x_wconf 88' lang='lat' dir='ltr'><strong>bassa</strong></span> <span class='ocrx_word' id='word_1_313' title='bbox 2515 2671 2551 2715; x_wconf 91' lang='grc' dir='ltr'>ο</span> <span class='ocrx_word' id='word_1_314' title='bbox 2596 2670 2764 2716; x_wconf 87' lang='lat' dir='ltr'><strong>scor·</strong></span> 
     </span>
     <span class='ocr_line' id='line_1_31' title="bbox 211 2732 2773 2815; baseline 0.002 -23"><span class='ocrx_word' id='word_1_315' title='bbox 211 2740 360 2807; x_wconf 78' lang='lat' dir='ltr'><strong>tetta,</strong></span> <span class='ocrx_word' id='word_1_316' title='bbox 390 2733 670 2797; x_wconf 84' lang='lat' dir='ltr'><strong>costumi</strong></span> <span class='ocrx_word' id='word_1_317' title='bbox 704 2733 1016 2814; x_wconf 59' lang='lat' dir='ltr'><strong>perversi,</strong></span> <span class='ocrx_word' id='word_1_318' title='bbox 1046 2734 1367 2813; x_wconf 87' lang='lat' dir='ltr'><strong>ipocrisia,</strong></span> <span class='ocrx_word' id='word_1_319' title='bbox 1397 2749 1789 2813; x_wconf 82' lang='lat' dir='ltr'><strong>menzogna3</strong></span> <span class='ocrx_word' id='word_1_320' title='bbox 1822 2734 2286 2815; x_wconf 76' lang='lat' dir='ltr'><strong>l&#39;improprieta</strong></span> <span class='ocrx_word' id='word_1_321' title='bbox 2325 2732 2429 2796; x_wconf 92' lang='lat' dir='ltr'><strong>del</strong></span> <span class='ocrx_word' id='word_1_322' title='bbox 2476 2737 2773 2814; x_wconf 87' lang='lat' dir='ltr'><strong>termine,</strong></span> 
     </span>
     <span class='ocr_line' id='line_1_32' title="bbox 215 2811 1609 2893; baseline -0.001 -21"><span class='ocrx_word' id='word_1_323' title='bbox 215 2811 520 2877; x_wconf 77' lang='lat' dir='ltr'><strong>l’antitrasi</strong></span> <span class='ocrx_word' id='word_1_324' title='bbox 561 2817 602 2877; x_wconf 76' lang='lat' dir='ltr'><strong>e</strong></span> <span class='ocrx_word' id='word_1_325' title='bbox 646 2818 714 2876; x_wconf 84' lang='lat' dir='ltr'><strong>in</strong></span> <span class='ocrx_word' id='word_1_326' title='bbox 759 2818 1027 2878; x_wconf 87' lang='lat' dir='ltr'><strong>materia</strong></span> <span class='ocrx_word' id='word_1_327' title='bbox 1073 2823 1299 2893; x_wconf 88' lang='lat' dir='ltr'><strong>troppo</strong></span> <span class='ocrx_word' id='word_1_328' title='bbox 1342 2830 1541 2878; x_wconf 87' lang='lat' dir='ltr'><strong>sacra.</strong></span> <span class='ocrx_word' id='word_1_329' title='bbox 1587 2841 1609 2870; x_wconf 80' lang='lat'>.</span> 
     </span>
    </p>

    <p class='ocr_par' dir='ltr' id='par_1_6' title="bbox 209 2893 2782 3779">
     <span class='ocr_line' id='line_1_33' title="bbox 268 2893 2770 2974; baseline 0 -17"><span class='ocrx_word' id='word_1_330' title='bbox 268 2893 630 2974; x_wconf 83' lang='lat' dir='ltr'><strong>Quanquam</strong></span> <span class='ocrx_word' id='word_1_331' title='bbox 671 2894 865 2958; x_wconf 87' lang='lat' dir='ltr'><strong>bodie</strong></span> <span class='ocrx_word' id='word_1_332' title='bbox 911 2893 1230 2958; x_wconf 88' lang='lat' dir='ltr'><strong>increduli</strong></span> <span class='ocrx_word' id='word_1_333' title='bbox 1264 2910 1336 2958; x_wconf 91' lang='lat' dir='ltr'><strong>ac</strong></span> <span class='ocrx_word' id='word_1_334' title='bbox 1368 2895 1658 2958; x_wconf 85' lang='lat' dir='ltr'><strong>libertini</strong></span> <span class='ocrx_word' id='word_1_335' title='bbox 1692 2893 1858 2958; x_wconf 82' lang='lat' dir='ltr'><strong>ultra</strong></span> <span class='ocrx_word' id='word_1_336' title='bbox 1897 2894 2215 2974; x_wconf 83' lang='lat' dir='ltr'><strong>progressi</strong></span> <span class='ocrx_word' id='word_1_337' title='bbox 2262 2901 2430 2967; x_wconf 85' lang='lat' dir='ltr'><strong>sunt,</strong></span> <span class='ocrx_word' id='word_1_338' title='bbox 2474 2902 2545 2958; x_wconf 88' lang='lat' dir='ltr'><strong>ut</strong></span> <span class='ocrx_word' id='word_1_339' title='bbox 2589 2902 2770 2958; x_wconf 82' lang='lat' dir='ltr'><strong>notat</strong></span> 
     </span>
     <span class='ocr_line' id='line_1_34' title="bbox 209 2970 2782 3056; baseline 0.002 -22"><span class='ocrx_word' id='word_1_340' title='bbox 209 2970 447 3048; x_wconf 74' lang='lat' dir='ltr'><strong>Bienlin,</strong></span> <span class='ocrx_word' id='word_1_341' title='bbox 489 2975 525 3037; x_wconf 92' lang='lat' dir='ltr'><strong><em>I</em></strong></span> <span class='ocrx_word' id='word_1_342' title='bbox 531 2976 555 3038; x_wconf 79' lang='lat'><em>1</em></span> <span class='ocrx_word' id='word_1_343' title='bbox 604 2973 771 3039; x_wconf 69' lang='lat' dir='ltr'><strong>buon</strong></span> <span class='ocrx_word' id='word_1_344' title='bbox 814 2975 1074 3038; x_wconf 78' lang='lat' dir='ltr'><strong>Pastore</strong></span> <span class='ocrx_word' id='word_1_345' title='bbox 1115 2975 1219 3038; x_wconf 77' lang='lat' dir='ltr'><strong>nsi</strong></span> <span class='ocrx_word' id='word_1_346' title='bbox 1259 2977 1456 3039; x_wconf 79' lang='lat' dir='ltr'><strong>secolo</strong></span> <span class='ocrx_word' id='word_1_347' title='bbox 1497 2976 1661 3052; x_wconf 88' lang='lat' dir='ltr'><strong>XIX,</strong></span> <span class='ocrx_word' id='word_1_348' title='bbox 1704 2975 1737 3056; x_wconf 68' lang='grc' dir='ltr'><strong>ἓ</strong></span> <span class='ocrx_word' id='word_1_349' title='bbox 1771 2996 1786 3036; x_wconf 75' lang='lat' dir='ltr'>x</span> <span class='ocrx_word' id='word_1_350' title='bbox 1822 2975 2147 3041; x_wconf 78' lang='lat' dir='ltr'><strong>Necessita</strong></span> <span class='ocrx_word' id='word_1_351' title='bbox 2179 2973 2334 3036; x_wconf 77' lang='lat' dir='ltr'><strong>d’un</strong></span> <span class='ocrx_word' id='word_1_352' title='bbox 2377 2974 2520 3036; x_wconf 81' lang='lat' dir='ltr'><strong>sodo</strong></span> <span class='ocrx_word' id='word_1_353' title='bbox 2563 2976 2782 3039; x_wconf 80' lang='lat' dir='ltr'><strong>studio</strong></span> 
     </span>
     <span class='ocr_line' id='line_1_35' title="bbox 211 3050 2779 3137; baseline 0.002 -21"><span class='ocrx_word' id='word_1_354' title='bbox 211 3052 344 3117; x_wconf 73' lang='lat' dir='ltr'><strong>tella</strong></span> <span class='ocrx_word' id='word_1_355' title='bbox 380 3055 710 3136; x_wconf 71' lang='lat' dir='ltr'><strong>Roiiqione</strong></span> <span class='ocrx_word' id='word_1_356' title='bbox 771 3071 881 3135; x_wconf 79' lang='lat' dir='ltr'><strong>per</strong></span> <span class='ocrx_word' id='word_1_357' title='bbox 943 3072 1315 3119; x_wconf 78' lang='lat' dir='ltr'><strong>conservare</strong></span> <span class='ocrx_word' id='word_1_358' title='bbox 1357 3056 1421 3119; x_wconf 81' lang='lat' dir='ltr'><strong>ia</strong></span> <span class='ocrx_word' id='word_1_359' title='bbox 1484 3056 1620 3136; x_wconf 74' lang='lat' dir='ltr'><strong>fede</strong></span> <span class='ocrx_word' id='word_1_360' title='bbox 1662 3058 1764 3118; x_wconf 79' lang='lat' dir='ltr'><strong>nsi</strong></span> <span class='ocrx_word' id='word_1_361' title='bbox 1821 3055 2114 3137; x_wconf 74' lang='lat' dir='ltr'><strong>qiovani:</strong></span> <span class='ocrx_word' id='word_1_362' title='bbox 2171 3078 2196 3109; x_wconf 82' lang='lat'><strong>«</strong></span> <span class='ocrx_word' id='word_1_363' title='bbox 2248 3053 2467 3117; x_wconf 86' lang='lat' dir='ltr'><strong>Fauno</strong></span> <span class='ocrx_word' id='word_1_364' title='bbox 2510 3071 2545 3117; x_wconf 90' lang='lat' dir='ltr'><strong>a</strong></span> <span class='ocrx_word' id='word_1_365' title='bbox 2609 3050 2779 3120; x_wconf 68' lang='grc' dir='ltr'><strong>(ἔθει)</strong></span> 
     </span>
     <span class='ocr_line' id='line_1_36' title="bbox 212 3132 2776 3216; baseline 0.002 -21"><span class='ocrx_word' id='word_1_366' title='bbox 212 3132 382 3198; x_wconf 80' lang='lat' dir='ltr'><strong>cristo</strong></span> <span class='ocrx_word' id='word_1_367' title='bbox 422 3153 554 3200; x_wconf 86' lang='lat' dir='ltr'><strong>una</strong></span> <span class='ocrx_word' id='word_1_368' title='bbox 603 3152 835 3214; x_wconf 83' lang='lat' dir='ltr'><strong>guerra</strong></span> <span class='ocrx_word' id='word_1_369' title='bbox 878 3138 1291 3216; x_wconf 63' lang='lat' dir='ltr'><strong>sanguinem,</strong></span> <span class='ocrx_word' id='word_1_370' title='bbox 1332 3137 1628 3200; x_wconf 90' lang='lat' dir='ltr'><strong>scalzano</strong></span> <span class='ocrx_word' id='word_1_371' title='bbox 1663 3137 1723 3199; x_wconf 89' lang='lat' dir='ltr'><strong>le</strong></span> <span class='ocrx_word' id='word_1_372' title='bbox 1784 3136 1918 3199; x_wconf 89' lang='lat' dir='ltr'><strong>basi</strong></span> <span class='ocrx_word' id='word_1_373' title='bbox 1966 3134 2134 3197; x_wconf 91' lang='lat' dir='ltr'><strong>della</strong></span> <span class='ocrx_word' id='word_1_374' title='bbox 2179 3150 2290 3198; x_wconf 85' lang='lat' dir='ltr'><strong>sna</strong></span> <span class='ocrx_word' id='word_1_375' title='bbox 2336 3133 2555 3198; x_wconf 87' lang='lat' dir='ltr'><strong>divina</strong></span> <span class='ocrx_word' id='word_1_376' title='bbox 2602 3134 2776 3199; x_wconf 85' lang='lat' dir='ltr'><strong>Reli-</strong></span> 
     </span>
     <span class='ocr_line' id='line_1_37' title="bbox 213 3215 2776 3296; baseline 0.001 -19"><span class='ocrx_word' id='word_1_377' title='bbox 213 3216 389 3291; x_wconf 78' lang='lat' dir='ltr'><strong>gione,</strong></span> <span class='ocrx_word' id='word_1_378' title='bbox 429 3217 490 3280; x_wconf 91' lang='lat' dir='ltr'><strong>le</strong></span> <span class='ocrx_word' id='word_1_379' title='bbox 554 3229 821 3296; x_wconf 82' lang='lat' dir='ltr'><strong>gettano</strong></span> <span class='ocrx_word' id='word_1_380' title='bbox 885 3217 953 3278; x_wconf 90' lang='lat' dir='ltr'><strong>in</strong></span> <span class='ocrx_word' id='word_1_381' title='bbox 1020 3217 1235 3279; x_wconf 82' lang='lat' dir='ltr'><strong>fronte</strong></span> <span class='ocrx_word' id='word_1_382' title='bbox 1282 3217 1320 3278; x_wconf 90' lang='lat' dir='ltr'><strong>l’</strong></span> <span class='ocrx_word' id='word_1_383' title='bbox 1346 3219 1551 3280; x_wconf 88' lang='lat' dir='ltr'><strong>ironia</strong></span> <span class='ocrx_word' id='word_1_384' title='bbox 1599 3233 1635 3280; x_wconf 91' lang='lat' dir='ltr'><strong>e</strong></span> <span class='ocrx_word' id='word_1_385' title='bbox 1701 3216 2084 3296; x_wconf 83' lang='lat' dir='ltr'><strong>l’oltraggio,</strong></span> <span class='ocrx_word' id='word_1_386' title='bbox 2154 3231 2235 3277; x_wconf 86' lang='lat' dir='ltr'><strong>ne</strong></span> <span class='ocrx_word' id='word_1_387' title='bbox 2289 3215 2776 3280; x_wconf 80' lang='lat' dir='ltr'><strong>¹combattonoi</strong></span> 
     </span>
     <span class='ocr_line' id='line_1_38' title="bbox 216 3295 2773 3377; baseline 0.002 -21"><span class='ocrx_word' id='word_1_388' title='bbox 216 3295 452 3372; x_wconf 88' lang='lat' dir='ltr'><strong>dommi;</strong></span> <span class='ocrx_word' id='word_1_389' title='bbox 487 3313 577 3360; x_wconf 89' lang='lat' dir='ltr'><strong>ne</strong></span> <span class='ocrx_word' id='word_1_390' title='bbox 622 3313 900 3377; x_wconf 89' lang='lat' dir='ltr'><strong>coprono</strong></span> <span class='ocrx_word' id='word_1_391' title='bbox 943 3297 1008 3358; x_wconf 94' lang='lat' dir='ltr'><strong>di</strong></span> <span class='ocrx_word' id='word_1_392' title='bbox 1055 3297 1374 3360; x_wconf 90' lang='lat' dir='ltr'><strong>ridicoloi</strong></span> <span class='ocrx_word' id='word_1_393' title='bbox 1420 3297 1683 3374; x_wconf 72' lang='lat' dir='ltr'><strong>Misteri,</strong></span> <span class='ocrx_word' id='word_1_394' title='bbox 1731 3298 2054 3360; x_wconf 81' lang='lat' dir='ltr'><strong>insultano</strong></span> <span class='ocrx_word' id='word_1_395' title='bbox 2091 3296 2149 3357; x_wconf 82' lang='lat' dir='ltr'><strong>ai</strong></span> <span class='ocrx_word' id='word_1_396' title='bbox 2183 3295 2353 3358; x_wconf 88' lang='lat' dir='ltr'><strong>Libri</strong></span> <span class='ocrx_word' id='word_1_397' title='bbox 2389 3298 2573 3374; x_wconf 90' lang='lat' dir='ltr'><strong>sacri,</strong></span> <span class='ocrx_word' id='word_1_398' title='bbox 2620 3304 2773 3361; x_wconf 85' lang='lat' dir='ltr'><strong>trat-</strong></span> 
     </span>
     <span class='ocr_line' id='line_1_39' title="bbox 216 3375 2772 3452; baseline 0.002 -16"><span class='ocrx_word' id='word_1_399' title='bbox 216 3383 336 3438; x_wconf 81' lang='lat' dir='ltr'><strong>tano</strong></span> <span class='ocrx_word' id='word_1_400' title='bbox 373 3378 449 3441; x_wconf 90' lang='lat' dir='ltr'><strong>da</strong></span> <span class='ocrx_word' id='word_1_401' title='bbox 499 3378 714 3441; x_wconf 76' lang='lat' dir='ltr'><strong>favele</strong></span> <span class='ocrx_word' id='word_1_402' title='bbox 760 3378 778 3440; x_wconf 90' lang='lat' dir='ltr'><strong>i</strong></span> <span class='ocrx_word' id='word_1_403' title='bbox 823 3377 1142 3452; x_wconf 83' lang='lat' dir='ltr'><strong>miracoli,</strong></span> <span class='ocrx_word' id='word_1_404' title='bbox 1189 3394 1226 3440; x_wconf 92' lang='lat' dir='ltr'><strong>e</strong></span> <span class='ocrx_word' id='word_1_405' title='bbox 1253 3380 1303 3440; x_wconf 93' lang='lat' dir='ltr'><strong>si</strong></span> <span class='ocrx_word' id='word_1_406' title='bbox 1345 3379 1576 3441; x_wconf 89' lang='lat' dir='ltr'><strong>ridono</strong></span> <span class='ocrx_word' id='word_1_407' title='bbox 1611 3378 1716 3440; x_wconf 88' lang='lat' dir='ltr'><strong>dei</strong></span> <span class='ocrx_word' id='word_1_408' title='bbox 1750 3379 1984 3440; x_wconf 88' lang='lat' dir='ltr'><strong>terrori</strong></span> <span class='ocrx_word' id='word_1_409' title='bbox 2034 3375 2452 3440; x_wconf 78' lang='lat' dir='ltr'><strong>dell&#39;inierno</strong></span> <span class='ocrx_word' id='word_1_410' title='bbox 2496 3393 2676 3441; x_wconf 91' lang='lat' dir='ltr'><strong>come</strong></span> <span class='ocrx_word' id='word_1_411' title='bbox 2706 3377 2772 3441; x_wconf 90' lang='lat' dir='ltr'><strong>di</strong></span> 
     </span>
     <span class='ocr_line' id='line_1_40' title="bbox 213 3457 2769 3539; baseline 0.001 -20"><span class='ocrx_word' id='word_1_412' title='bbox 213 3470 313 3519; x_wconf 80' lang='lat' dir='ltr'><strong>una</strong></span> <span class='ocrx_word' id='word_1_413' title='bbox 351 3474 514 3521; x_wconf 82' lang='lat' dir='ltr'><strong>vana</strong></span> <span class='ocrx_word' id='word_1_414' title='bbox 562 3458 872 3521; x_wconf 88' lang='lat' dir='ltr'><strong>chimera.</strong></span> <span class='ocrx_word' id='word_1_415' title='bbox 913 3457 1137 3520; x_wconf 84' lang='lat' dir='ltr'><strong>Talora</strong></span> <span class='ocrx_word' id='word_1_416' title='bbox 1186 3460 1235 3520; x_wconf 90' lang='lat' dir='ltr'><strong>si</strong></span> <span class='ocrx_word' id='word_1_417' title='bbox 1287 3468 1554 3522; x_wconf 78' lang='lat' dir='ltr'><strong>trovano</strong></span> <span class='ocrx_word' id='word_1_418' title='bbox 1600 3458 1920 3522; x_wconf 88' lang='lat' dir='ltr'><strong>increduli</strong></span> <span class='ocrx_word' id='word_1_419' title='bbox 1959 3457 2092 3521; x_wconf 87' lang='lat' dir='ltr'><strong>cosl</strong></span> <span class='ocrx_word' id='word_1_420' title='bbox 2137 3457 2460 3536; x_wconf 76' lang='lat' dir='ltr'><strong>strontati‚</strong></span> <span class='ocrx_word' id='word_1_421' title='bbox 2504 3461 2524 3520; x_wconf 93' lang='lat' dir='ltr'><strong>i</strong></span> <span class='ocrx_word' id='word_1_422' title='bbox 2570 3457 2769 3539; x_wconf 86' lang='lat' dir='ltr'><strong>quali,</strong></span> 
     </span>
     <span class='ocr_line' id='line_1_41' title="bbox 214 3535 2779 3620; baseline 0.002 -25"><span class='ocrx_word' id='word_1_423' title='bbox 214 3535 276 3597; x_wconf 86' lang='lat' dir='ltr'><strong>ad</strong></span> <span class='ocrx_word' id='word_1_424' title='bbox 311 3542 588 3618; x_wconf 85' lang='lat' dir='ltr'><strong>esempio</strong></span> <span class='ocrx_word' id='word_1_425' title='bbox 633 3539 737 3602; x_wconf 91' lang='lat' dir='ltr'><strong>dei</strong></span> <span class='ocrx_word' id='word_1_426' title='bbox 794 3536 1045 3613; x_wconf 87' lang='lat' dir='ltr'><strong>Giudei,</strong></span> <span class='ocrx_word' id='word_1_427' title='bbox 1110 3537 1436 3601; x_wconf 79' lang='lat' dir='ltr'><strong>insultabo</strong></span> <span class='ocrx_word' id='word_1_428' title='bbox 1481 3539 1540 3601; x_wconf 93' lang='lat' dir='ltr'><strong>al</strong></span> <span class='ocrx_word' id='word_1_429' title='bbox 1587 3539 1941 3612; x_wconf 77' lang='lat' dir='ltr'><strong>salvatore,</strong></span> <span class='ocrx_word' id='word_1_430' title='bbox 2009 3554 2290 3618; x_wconf 88' lang='lat' dir='ltr'><strong>coprono</strong></span> <span class='ocrx_word' id='word_1_431' title='bbox 2352 3538 2427 3601; x_wconf 82' lang='lat' dir='ltr'><strong>di</strong></span> <span class='ocrx_word' id='word_1_432' title='bbox 2468 3538 2669 3620; x_wconf 64' lang='lat' dir='ltr'><strong>:dileg</strong></span> <span class='ocrx_word' id='word_1_433' title='bbox 2714 3540 2779 3602; x_wconf 91' lang='lat' dir='ltr'><strong>io</strong></span> 
     </span>
     <span class='ocr_line' id='line_1_42' title="bbox 218 3612 2779 3700; baseline 0.003 -25"><span class='ocrx_word' id='word_1_434' title='bbox 218 3613 555 3681; x_wconf 79' lang='lat' dir='ltr'><strong>l’adorabile</strong></span> <span class='ocrx_word' id='word_1_435' title='bbox 599 3634 712 3683; x_wconf 88' lang='lat' dir='ltr'><strong>sna</strong></span> <span class='ocrx_word' id='word_1_436' title='bbox 757 3634 1053 3697; x_wconf 86' lang='lat' dir='ltr'><strong>persona,</strong></span> <span class='ocrx_word' id='word_1_437' title='bbox 1097 3635 1134 3681; x_wconf 92' lang='lat' dir='ltr'><strong>e</strong></span> <span class='ocrx_word' id='word_1_438' title='bbox 1178 3619 1373 3681; x_wconf 83' lang='lat' dir='ltr'><strong>fanno</strong></span> <span class='ocrx_word' id='word_1_439' title='bbox 1418 3622 1548 3682; x_wconf 86' lang='lat' dir='ltr'><strong>voti</strong></span> <span class='ocrx_word' id='word_1_440' title='bbox 1603 3621 1947 3700; x_wconf 82' lang='lat' dir='ltr'><strong>sacrilegbi</strong></span> <span class='ocrx_word' id='word_1_441' title='bbox 1996 3636 2110 3699; x_wconf 87' lang='lat' dir='ltr'><strong>per</strong></span> <span class='ocrx_word' id='word_1_442' title='bbox 2155 3620 2214 3682; x_wconf 91' lang='lat' dir='ltr'><strong>la</strong></span> <span class='ocrx_word' id='word_1_443' title='bbox 2260 3628 2468 3681; x_wconf 87' lang='lat' dir='ltr'><strong>morte</strong></span> <span class='ocrx_word' id='word_1_444' title='bbox 2501 3612 2605 3681; x_wconf 87' lang='lat' dir='ltr'><strong>del</strong></span> <span class='ocrx_word' id='word_1_445' title='bbox 2701 3621 2779 3682; x_wconf 86' lang='lat' dir='ltr'><strong>ri·</strong></span> 
     </span>
     <span class='ocr_line' id='line_1_43' title="bbox 215 3698 2779 3779; baseline 0.003 -24"><span class='ocrx_word' id='word_1_446' title='bbox 215 3698 556 3761; x_wconf 81' lang='lat' dir='ltr'><strong>stianesimo</strong></span> <span class='ocrx_word' id='word_1_447' title='bbox 600 3715 728 3761; x_wconf 89' lang='lat' dir='ltr'><strong>ecc.</strong></span> <span class='ocrx_word' id='word_1_448' title='bbox 772 3724 796 3752; x_wconf 74' lang='grc' dir='ltr'><strong>ι</strong></span> <span class='ocrx_word' id='word_1_449' title='bbox 854 3698 1029 3762; x_wconf 88' lang='lat' dir='ltr'><strong>luter</strong></span> <span class='ocrx_word' id='word_1_450' title='bbox 1071 3716 1229 3779; x_wconf 83' lang='lat' dir='ltr'><strong>qnos</strong></span> <span class='ocrx_word' id='word_1_451' title='bbox 1276 3700 1465 3763; x_wconf 88' lang='lat' dir='ltr'><strong>hodie</strong></span> <span class='ocrx_word' id='word_1_452' title='bbox 1512 3702 1788 3774; x_wconf 86' lang='lat' dir='ltr'><strong>primum</strong></span> <span class='ocrx_word' id='word_1_453' title='bbox 1819 3702 2023 3763; x_wconf 89' lang='lat' dir='ltr'><strong>locum</strong></span> <span class='ocrx_word' id='word_1_454' title='bbox 2058 3701 2306 3762; x_wconf 82' lang='lat' dir='ltr'><strong>obtinet</strong></span> <span class='ocrx_word' id='word_1_455' title='bbox 2344 3699 2589 3775; x_wconf 69' lang='lat' dir='ltr'><strong>Remu,</strong></span> <span class='ocrx_word' id='word_1_456' title='bbox 2634 3716 2779 3762; x_wconf 89' lang='lat' dir='ltr'><strong>con-</strong></span> 
     </span>
    </p>
   </div>
   <div class='ocr_carea' id='block_1_3' title="bbox 219 3778 2890 3862">
    <p class='ocr_par' dir='ltr' id='par_1_7' title="bbox 219 3778 2890 3862">
     <span class='ocr_line' id='line_1_44' title="bbox 219 3778 2890 3862; baseline 0.001 -24"><span class='ocrx_word' id='word_1_457' title='bbox 219 3784 294 3838; x_wconf 82' lang='lat' dir='ltr'><strong>tra</strong></span> <span class='ocrx_word' id='word_1_458' title='bbox 329 3794 507 3856; x_wconf 87' lang='lat' dir='ltr'><strong>quem</strong></span> <span class='ocrx_word' id='word_1_459' title='bbox 561 3781 800 3841; x_wconf 79' lang='lat' dir='ltr'><strong>invicte</strong></span> <span class='ocrx_word' id='word_1_460' title='bbox 843 3790 1245 3860; x_wconf 78' lang='lat' dir='ltr'><strong>scripserunt</strong></span> <span class='ocrx_word' id='word_1_461' title='bbox 1288 3781 1605 3860; x_wconf 84' lang='lat' dir='ltr'><strong>Poujoult,</strong></span> <span class='ocrx_word' id='word_1_462' title='bbox 1648 3781 1944 3862; x_wconf 83' lang='lat' dir='ltr'><strong>Treppel‚</strong></span> <span class='ocrx_word' id='word_1_463' title='bbox 1979 3779 2256 3856; x_wconf 77' lang='lat' dir='ltr'><strong>NicolaS,</strong></span> <span class='ocrx_word' id='word_1_464' title='bbox 2298 3778 2774 3861; x_wconf 78' lang='lat' dir='ltr'><strong>Ghiringhello,</strong></span> <span class='ocrx_word' id='word_1_465' title='bbox 2883 3788 2890 3799; x_wconf 88' lang='lat'><strong>·</strong></span> 
     </span>
    </p>
   </div>
   <div class='ocr_carea' id='block_1_4' title="bbox 217 3853 2783 4827">
    <p class='ocr_par' dir='ltr' id='par_1_8' title="bbox 217 3853 1838 4021">
     <span class='ocr_line' id='line_1_45' title="bbox 217 3853 1303 3939; baseline 0.003 -20"><span class='ocrx_word' id='word_1_466' title='bbox 217 3853 277 3919; x_wconf 82' lang='lat' dir='ltr'><strong>Ca</strong></span> <span class='ocrx_word' id='word_1_467' title='bbox 319 3860 615 3936; x_wconf 86' lang='lat' dir='ltr'><strong>acelatro‚</strong></span> <span class='ocrx_word' id='word_1_468' title='bbox 659 3859 994 3922; x_wconf 83' lang='lat' dir='ltr'><strong>Alimonda</strong></span> <span class='ocrx_word' id='word_1_469' title='bbox 1043 3861 1303 3939; x_wconf 88' lang='lat' dir='ltr'><strong>aliique.</strong></span> 
     </span>
     <span class='ocr_line' id='line_1_46' title="bbox 375 3939 1838 4021; baseline 0.003 -22"><span class='ocrx_word' id='word_1_470' title='bbox 375 3940 455 4000; x_wconf 69' lang='grc' dir='ltr'><strong>ὖ.</strong></span> <span class='ocrx_word' id='word_1_471' title='bbox 501 3940 576 4013; x_wconf 86' lang='lat' dir='ltr'><strong>Q.</strong></span> <span class='ocrx_word' id='word_1_472' title='bbox 619 3940 675 4003; x_wconf 80' lang='lat'><strong>4.</strong></span> <span class='ocrx_word' id='word_1_473' title='bbox 720 3939 884 4015; x_wconf 70' lang='lat' dir='ltr'><strong>Quia</strong></span> <span class='ocrx_word' id='word_1_474' title='bbox 922 3941 996 4003; x_wconf 77' lang='lat' dir='ltr'><strong>de</strong></span> <span class='ocrx_word' id='word_1_475' title='bbox 1036 3939 1330 4021; x_wconf 79' lang='lat' dir='ltr'><strong>formulis</strong></span> <span class='ocrx_word' id='word_1_476' title='bbox 1374 3941 1838 4006; x_wconf 73' lang='lat' dir='ltr'><strong>salutationis?</strong></span> 
     </span>
    </p>

    <p class='ocr_par' dir='ltr' id='par_1_9' title="bbox 221 4014 2783 4827">
     <span class='ocr_line' id='line_1_47' title="bbox 277 4014 2780 4101; baseline 0.002 -22"><span class='ocrx_word' id='word_1_477' title='bbox 277 4014 338 4080; x_wconf 82' lang='lat' dir='ltr'><strong>R.</strong></span> <span class='ocrx_word' id='word_1_478' title='bbox 375 4020 468 4083; x_wconf 79' lang='lat' dir='ltr'><strong>Ad</strong></span> <span class='ocrx_word' id='word_1_479' title='bbox 509 4036 654 4083; x_wconf 83' lang='lat' dir='ltr'><strong>rem</strong></span> <span class='ocrx_word' id='word_1_480' title='bbox 693 4020 1019 4096; x_wconf 78' lang='lat' dir='ltr'><strong>Gattoiico,</strong></span> <span class='ocrx_word' id='word_1_481' title='bbox 1056 4020 1355 4101; x_wconf 75' lang='lat' dir='ltr'><strong>Genova13</strong></span> <span class='ocrx_word' id='word_1_482' title='bbox 1398 4022 1575 4096; x_wconf 75' lang='lat'><strong>1857,</strong></span> <span class='ocrx_word' id='word_1_483' title='bbox 1621 4039 1683 4085; x_wconf 90' lang='lat' dir='ltr'><strong>n.</strong></span> <span class='ocrx_word' id='word_1_484' title='bbox 1731 4021 1880 4086; x_wconf 75' lang='lat'>567:</span> <span class='ocrx_word' id='word_1_485' title='bbox 1937 4045 1962 4076; x_wconf 75' lang='grc' dir='ltr'>ι</span> <span class='ocrx_word' id='word_1_486' title='bbox 2006 4018 2236 4082; x_wconf 78' lang='lat' dir='ltr'><strong>invece</strong></span> <span class='ocrx_word' id='word_1_487' title='bbox 2301 4017 2472 4081; x_wconf 90' lang='lat' dir='ltr'><strong>delle</strong></span> <span class='ocrx_word' id='word_1_488' title='bbox 2536 4018 2780 4083; x_wconf 79' lang='lat' dir='ltr'><strong>triviali</strong></span> 
     </span>
     <span class='ocr_line' id='line_1_48' title="bbox 223 4094 2782 4181; baseline 0.002 -23"><span class='ocrx_word' id='word_1_489' title='bbox 223 4094 452 4163; x_wconf 72' lang='lat' dir='ltr'><strong>termole</strong></span> <span class='ocrx_word' id='word_1_490' title='bbox 487 4100 554 4163; x_wconf 90' lang='lat' dir='ltr'><strong>di</strong></span> <span class='ocrx_word' id='word_1_491' title='bbox 600 4101 828 4177; x_wconf 86' lang='lat' dir='ltr'><strong>saluto,</strong></span> <span class='ocrx_word' id='word_1_492' title='bbox 850 4103 971 4164; x_wconf 89' lang='lat' dir='ltr'><strong>che</strong></span> <span class='ocrx_word' id='word_1_493' title='bbox 1014 4102 1066 4163; x_wconf 89' lang='lat' dir='ltr'><strong>si</strong></span> <span class='ocrx_word' id='word_1_494' title='bbox 1101 4117 1302 4166; x_wconf 87' lang='lat' dir='ltr'><strong>usano</strong></span> <span class='ocrx_word' id='word_1_495' title='bbox 1334 4102 1861 4181; x_wconf 79' lang='lat' dir='ltr'><strong>nell’Allemagna</strong></span> <span class='ocrx_word' id='word_1_496' title='bbox 1901 4106 2318 4181; x_wconf 86' lang='lat' dir='ltr'><strong>protestante,</strong></span> <span class='ocrx_word' id='word_1_497' title='bbox 2366 4114 2582 4162; x_wconf 83' lang='lat' dir='ltr'><strong>come:</strong></span> <span class='ocrx_word' id='word_1_498' title='bbox 2618 4098 2782 4165; x_wconf 78' lang='lat' dir='ltr'><strong>buon</strong></span> 
     </span>
     <span class='ocr_line' id='line_1_49' title="bbox 221 4176 2776 4273; baseline 0 -30"><span class='ocrx_word' id='word_1_499' title='bbox 221 4176 437 4273; x_wconf 55' lang='lat' dir='ltr'><strong>florae,</strong></span> <span class='ocrx_word' id='word_1_500' title='bbox 468 4187 679 4244; x_wconf 79' lang='lat' dir='ltr'><strong>vostro</strong></span> <span class='ocrx_word' id='word_1_501' title='bbox 718 4182 1021 4245; x_wconf 76' lang='lat' dir='ltr'><strong>servitore</strong></span> <span class='ocrx_word' id='word_1_502' title='bbox 1063 4197 1099 4244; x_wconf 91' lang='lat' dir='ltr'><strong>e</strong></span> <span class='ocrx_word' id='word_1_503' title='bbox 1141 4182 1361 4258; x_wconf 87' lang='lat' dir='ltr'><strong>simili,</strong></span> <span class='ocrx_word' id='word_1_504' title='bbox 1405 4183 1451 4245; x_wconf 94' lang='lat' dir='ltr'><strong>il</strong></span> <span class='ocrx_word' id='word_1_505' title='bbox 1495 4183 1791 4246; x_wconf 86' lang='lat' dir='ltr'><strong>cattolico</strong></span> <span class='ocrx_word' id='word_1_506' title='bbox 1836 4180 2388 4273; x_wconf 80' lang='lat' dir='ltr'><strong>dell’Allemagna,</strong></span> <span class='ocrx_word' id='word_1_507' title='bbox 2451 4196 2487 4242; x_wconf 89' lang='lat' dir='ltr'><strong>e</strong></span> <span class='ocrx_word' id='word_1_508' title='bbox 2530 4180 2619 4261; x_wconf 81' lang='lat' dir='ltr'><strong>gli</strong></span> <span class='ocrx_word' id='word_1_509' title='bbox 2668 4197 2776 4243; x_wconf 89' lang='lat' dir='ltr'><strong>uo·</strong></span> 
     </span>
     <span class='ocr_line' id='line_1_50' title="bbox 223 4259 2781 4406; baseline 0.002 -84"><span class='ocrx_word' id='word_1_510' title='bbox 223 4261 897 4405; x_wconf 50' lang='lat' dir='ltr'><strong>ffllgongffilffmeme</strong></span> <span class='ocrx_word' id='word_1_511' title='bbox 940 4261 1111 4327; x_wconf 90' lang='lat' dir='ltr'><strong>delle</strong></span> <span class='ocrx_word' id='word_1_512' title='bbox 1155 4263 1389 4406; x_wconf 54' lang='lat' dir='ltr'><strong>vigete</strong></span> <span class='ocrx_word' id='word_1_513' title='bbox 1432 4262 1549 4406; x_wconf 61' lang='lat' dir='ltr'><strong>c(liei</strong></span> <span class='ocrx_word' id='word_1_514' title='bbox 1613 4262 1894 4404; x_wconf 76' lang='lat' dir='ltr'><strong>contaBdt,</strong></span> <span class='ocrx_word' id='word_1_515' title='bbox 1937 4263 2316 4405; x_wconf 49' lang='grc' dir='ltr'><strong>εέθῗῗένίιήεἰ</strong></span> <span class='ocrx_word' id='word_1_516' title='bbox 2342 4259 2488 4403; x_wconf 38' lang='grc' dir='ltr'><strong>,(ΙΞΙί</strong></span> <span class='ocrx_word' id='word_1_517' title='bbox 2524 4261 2781 4406; x_wconf 47' lang='grc' dir='ltr'><strong>οἳΙῗιῠιὲθ</strong></span> 
     </span>
     <span class='ocr_line' id='line_1_51' title="bbox 230 4358 2780 4513; baseline 0.003 -33"><span class='ocrx_word' id='word_1_518' title='bbox 230 4413 364 4482; x_wconf 59' lang='lat' dir='ltr'><strong>Ges&amp;</strong></span> <span class='ocrx_word' id='word_1_519' title='bbox 405 4359 852 4513; x_wconf 52' lang='grc' dir='ltr'><strong>Ιὶῂίεωῗζηῖῗιί</strong></span> <span class='ocrx_word' id='word_1_520' title='bbox 885 4358 1306 4503; x_wconf 53' lang='grc' dir='ltr'><strong>ἓῖοῗῗεῗέἓάἓ</strong></span> <span class='ocrx_word' id='word_1_521' title='bbox 1329 4361 1376 4484; x_wconf 78' lang='lat' dir='ltr'><strong>:o</strong></span> <span class='ocrx_word' id='word_1_522' title='bbox 1391 4360 1780 4503; x_wconf 43' lang='grc' dir='ltr'><strong>δοιῗιρὶδερὲἰα</strong></span> <span class='ocrx_word' id='word_1_523' title='bbox 1813 4358 2036 4486; x_wconf 56' lang='grc' dir='ltr'><strong>Ιῖὲιῗεο.</strong></span> <span class='ocrx_word' id='word_1_524' title='bbox 2082 4419 2145 4481; x_wconf 89' lang='lat' dir='ltr'><strong>Io</strong></span> <span class='ocrx_word' id='word_1_525' title='bbox 2187 4422 2272 4483; x_wconf 88' lang='lat' dir='ltr'><strong>mi</strong></span> <span class='ocrx_word' id='word_1_526' title='bbox 2319 4359 2577 4486; x_wconf 49' lang='lat' dir='ltr'><strong>ricorctllo</strong></span> <span class='ocrx_word' id='word_1_527' title='bbox 2598 4358 2780 4487; x_wconf 38' lang='lat' dir='ltr'><strong>‘asiai</strong></span> 
     </span>
     <span class='ocr_line' id='line_1_52' title="bbox 227 4494 2775 4586; baseline 0.003 -26"><span class='ocrx_word' id='word_1_528' title='bbox 227 4494 382 4576; x_wconf 84' lang='lat' dir='ltr'><strong>bene,</strong></span> <span class='ocrx_word' id='word_1_529' title='bbox 417 4501 558 4566; x_wconf 71' lang='lat' dir='ltr'><strong>dice</strong></span> <span class='ocrx_word' id='word_1_530' title='bbox 601 4502 969 4584; x_wconf 79' lang='lat' dir='ltr'><strong>Klopstock,</strong></span> <span class='ocrx_word' id='word_1_531' title='bbox 1012 4504 1073 4568; x_wconf 85' lang='lat' dir='ltr'><strong>la</strong></span> <span class='ocrx_word' id='word_1_532' title='bbox 1117 4504 1485 4568; x_wconf 78' lang='lat' dir='ltr'><strong>smsazions</strong></span> <span class='ocrx_word' id='word_1_533' title='bbox 1522 4503 1833 4585; x_wconf 72' lang='lat' dir='ltr'><strong>profonda</strong></span> <span class='ocrx_word' id='word_1_534' title='bbox 1882 4504 2000 4566; x_wconf 86' lang='lat' dir='ltr'><strong>che</strong></span> <span class='ocrx_word' id='word_1_535' title='bbox 2045 4505 2433 4581; x_wconf 72' lang='lat' dir='ltr'><strong>prodessero</strong></span> <span class='ocrx_word' id='word_1_536' title='bbox 2476 4521 2662 4586; x_wconf 89' lang='lat' dir='ltr'><strong>sopra</strong></span> <span class='ocrx_word' id='word_1_537' title='bbox 2711 4504 2775 4567; x_wconf 88' lang='lat' dir='ltr'><strong>di</strong></span> 
     </span>
     <span class='ocr_line' id='line_1_53' title="bbox 223 4582 2778 4745; baseline 0.003 -27"><span class='ocrx_word' id='word_1_538' title='bbox 223 4583 1866 4745; x_wconf 50' lang='lat' dir='ltr'><strong>mettmffifftii‘133502310l30‘35ffl‘5225355</strong></span> <span class='ocrx_word' id='word_1_539' title='bbox 1907 4585 2288 4729; x_wconf 54' lang='grc' dir='ltr'><strong>εἵῗιωῗὲὲἓῖο</strong></span> <span class='ocrx_word' id='word_1_540' title='bbox 2318 4582 2531 4728; x_wconf 52' lang='lat'><strong>232¹?</strong></span> <span class='ocrx_word' id='word_1_541' title='bbox 2550 4585 2778 4727; x_wconf 51' lang='lat'><strong>0235&amp;</strong></span> 
     </span>
     <span class='ocr_line' id='line_1_54' title="bbox 225 4736 2783 4827; baseline 0.003 -29"><span class='ocrx_word' id='word_1_542' title='bbox 225 4736 265 4797; x_wconf 75' lang='lat' dir='ltr'>A</span> <span class='ocrx_word' id='word_1_543' title='bbox 300 4738 391 4803; x_wconf 88' lang='lat' dir='ltr'><strong>dir</strong></span> <span class='ocrx_word' id='word_1_544' title='bbox 437 4759 610 4822; x_wconf 77' lang='lat' dir='ltr'><strong>vero,</strong></span> <span class='ocrx_word' id='word_1_545' title='bbox 653 4760 782 4809; x_wconf 86' lang='lat' dir='ltr'><strong>non</strong></span> <span class='ocrx_word' id='word_1_546' title='bbox 839 4762 1069 4825; x_wconf 81' lang='lat' dir='ltr'><strong>sapeva</strong></span> <span class='ocrx_word' id='word_1_547' title='bbox 1113 4745 1315 4812; x_wconf 87' lang='lat' dir='ltr'><strong>allora</strong></span> <span class='ocrx_word' id='word_1_548' title='bbox 1360 4747 1478 4809; x_wconf 88' lang='lat' dir='ltr'><strong>cbe</strong></span> <span class='ocrx_word' id='word_1_549' title='bbox 1519 4759 1747 4827; x_wconf 85' lang='lat' dir='ltr'><strong>questo</strong></span> <span class='ocrx_word' id='word_1_550' title='bbox 1818 4747 1986 4810; x_wconf 77' lang='lat' dir='ltr'><strong>fosse</strong></span> <span class='ocrx_word' id='word_1_551' title='bbox 2049 4762 2139 4810; x_wconf 85' lang='lat' dir='ltr'><strong>nn</strong></span> <span class='ocrx_word' id='word_1_552' title='bbox 2209 4745 2441 4821; x_wconf 90' lang='lat' dir='ltr'><strong>saluto,</strong></span> <span class='ocrx_word' id='word_1_553' title='bbox 2499 4761 2536 4806; x_wconf 90' lang='lat' dir='ltr'><strong>e</strong></span> <span class='ocrx_word' id='word_1_554' title='bbox 2578 4742 2783 4806; x_wconf 86' lang='lat' dir='ltr'><strong>molto</strong></span> 
     </span>
    </p>
   </div>
  </div>
 </body>
</html>
