3292 5167
1154 273 1232 319 be
1276 270 1561 341 sitsi-irin
1610 272 1881 336 ulpianus
1940 327 1947 334 ,
2322 259 2331 264 ’
2686 255 2815 322 543

212 378 373 458 quin
425 375 591 439 ultro
630 373 951 454 inquirat:
1015 371 1377 516 [niver-(secti
1438 374 1643 437 cordis
1693 380 1756 437 et
1809 373 2075 454 infirmis
2133 393 2401 456 prorsus
2463 377 2817 441 voluntatis

217 458 528 521 indicium
569 461 665 518 est
705 455 825 533 (ait
867 471 917 516 s.
963 453 1203 517 Bernar
1256 454 1357 535 us)
1401 460 1652 517 statuta
1713 456 2032 518 seniorum
2073 457 2420 520 studiosius
2484 460 2818 530 discutere,

228 540 462 601 tuerere
504 538 585 599 ad
627 534 882 617 sinqula
911 551 1045 614 quoe
1078 535 1530 616 injttnquntur,
1565 536 1815 615 exiqere
1857 537 1928 598 de
1957 534 2303 616 quibusque
2344 540 2674 615 rationem,
2704 547 2820 601 aut

219 619 388 682 nolle
434 614 706 682 libenter
748 612 1020 690 obedire,
1068 617 1198 678 nisi
1240 633 1379 679 cum
1422 616 1647 679 audire
1676 619 2032 697 contiqerit‚
2064 619 2222 696 quod
2265 617 2428 697 forte
2473 618 2735 684 libuerit
2768 620 2818 683 ¹.

217 695 460 763 Contra
510 708 634 761 tam
689 698 1010 776 insignem
1057 696 1447 762 obedientiae
1493 699 1983 777 praerogativam
2044 708 2310 776 peccant
2351 699 2814 776 adolescentes,

220 783 360 861 qui,
392 781 543 841 licet
575 778 860 839 nondum
890 778 1116 857 judicii
1144 777 1515 841 maturitate
1546 785 1611 839 et
1652 794 1870 840 rerum
1903 778 2303 856 experientia
2353 780 2629 857 praediti,
2661 782 2815 842 emi-

231 877 391 924 nere
438 869 651 921 tamen
698 858 929 920 volunt
971 873 1163 938 supra
1225 861 1560 934 senioreS,
1610 873 1961 938 eorumque
2005 868 2069 920 et
2112 859 2281 921 dicta
2326 869 2392 921 et
2433 858 2598 924 facta
2651 866 2814 923 vitu-

226 947 485 1023 perare,
526 950 716 1018 atque
764 942 1095 1019 aspernari
1165 938 1463 1002 mandata
1510 940 1559 1000 ².
1606 936 1761 1000 Item
1823 947 2042 1018 peccat
2083 939 2190 1020 qui
2249 942 2508 1002 nonnisi
2569 941 2822 1004 obmur-

225 1019 548 1084 murando
585 1016 922 1095 obediunt,
967 1019 1110 1082 ideo
1156 1019 1300 1099 quia
1350 1018 1460 1081 ille
1503 1019 1610 1099 qui
1659 1020 1951 1098 imperat,
1982 1034 2111 1081 non
2155 1028 2252 1082 est
2285 1022 2571 1083 numeris
2616 1022 2817 1083 omni·

228 1102 350 1165 bus
395 1101 745 1174 absolutuS,
794 1101 922 1161 imo
959 1099 1164 1176 rudis,
1198 1099 1506 1174 difficilis,
1543 1101 1901 1179 imperituS,
1939 1100 2304 1176 iracundus,
2348 1101 2681 1180 superbuS,
2712 1101 2817 1163 de·
2851 1137 2855 1140 Α

221 1183 533 1254 sidiosus,
586 1190 740 1247 etc.;
788 1196 917 1242 non
963 1184 1137 1244 enim
1181 1197 1303 1260 qua
1353 1180 1542 1242 bomo
1598 1191 1716 1255 est,
1761 1180 1869 1241 sed
1915 1197 2034 1259 qua
2084 1181 2195 1242 Dei
2262 1185 2431 1244 vices
2475 1184 2661 1260 gerit,
2716 1198 2818 1245 su·

226 1265 470 1346 periori
517 1271 616 1323 est
659 1260 1255 1341 obtemperandum,
1299 1263 1347 1324 si
1399 1260 1672 1324 velimus
1717 1260 2102 1322 obedientiae
2148 1274 2394 1325 nostrae
2440 1263 2671 1324 merita
2715 1277 2819 1324 cu·

223 1342 497 1410 mulare.
543 1341 705 1403 Hinc
770 1341 1002 1406 clamat
1064 1339 1516 1421 Apostolorum
1581 1341 1915 1421 princeps:
1984 1339 2239 1403 Subditi
2285 1348 2482 1406 estote
2546 1344 2615 1405 in
2657 1344 2827 1406 omni

223 1426 454 1487 timore
497 1421 764 1485 dominis
808 1439 931 1485 non
977 1428 1226 1485 tantum
1271 1419 1470 1496 bonis,
1513 1421 1620 1483 sed
1662 1421 1852 1483 etiam
1895 1421 2151 1483 discolis
2196 1421 2244 1483 ³.

387 1503 444 1567 3.
479 1503 695 1566 Animi
737 1501 1070 1576 hilarium
1113 1506 1204 1566 ait
1245 1507 1417 1564 enim
1464 1502 1524 1564 d.
1569 1501 1964 1565 Bernardus:
2004 1501 2256 1565 Tertius
2283 1504 2522 1583 qradus
2552 1502 2827 1568 obedien·

223 1587 335 1646 tioe
381 1590 477 1647 est
519 1583 820 1646 hilariter
862 1581 1108 1647 obedire
1133 1603 1153 1644 .·
1199 1600 1320 1646 non
1362 1599 1441 1645 eat
1486 1583 1787 1659 tristitia,
1831 1582 2039 1661 inquit
2069 1585 2423 1661 Apostolus,
2459 1601 2582 1646 non
2610 1603 2689 1648 ex
2718 1602 2823 1648 neo

221 1665 517 1727 cessitate
540 1686 564 1737 ,·
612 1662 877 1726 hilarem
919 1666 1083 1728 enim
1125 1663 1406 1726 datorem
1435 1663 1655 1739 diliqic
1695 1662 1929 1724 Deust...
1963 1661 2282 1726 Serenitas
2318 1665 2386 1727 in
2418 1665 2601 1728 vultu
2625 1685 2653 1737 ‚·
2684 1666 2822 1728 dul·-

220 1746 372 1807 eedo
414 1746 483 1807 in
524 1761 801 1806 sermone
835 1746 1104 1807 multum
1145 1745 1391 1807 colorat
1429 1741 1840 1806 obedientiam
1894 1742 2389 1823 obsequentis...;
2456 1747 2595 1828 quis
2659 1748 2823 1809 enim

221 1828 402 1888 locus
446 1824 826 1900 obedientiae,
871 1824 980 1890 ubi
1026 1825 1312 1888 tristitioe
1354 1825 1646 1887 cernitur
1688 1825 2045 1887 amaritudo
2072 1823 2155 1886 ⁴?

308 1905 506 1966 ⁷83.
552 1905 951 1972 obedientiae
996 1907 1339 1985 opponitur
1385 1909 1809 1978 contumacia,
1852 1922 1994 1984 quie
2038 1902 2461 1967 inobedientia
2492 1923 2818 1985 nuncupa·

225 1994 358 2063 tur,
399 1997 465 2050 et
505 1994 602 2048 est
641 1986 933 2048 voluntas
977 1984 1204 2067 aqendi
1244 1992 1468 2048 contra
1509 1991 1887 2065 praeceptum
1938 1985 2298 2064 superioris.
2344 1984 2496 2048 Cum
2547 2004 2622 2048 ex
2686 1989 2819 2066 pbi-

227 2066 642 2145 losophorum
686 2067 912 2145 adagio
954 2067 1163 2130 eadem
1224 2067 1694 2128 contrariorum
1754 2065 1888 2127 sint
1946 2067 2388 2146 consequentia
2418 2091 2467 2142 ,·
2500 2076 2671 2145 patet
2737 2078 2828 2130 tot

224 2148 397 2210 mala
443 2164 520 2210 ex
569 2150 686 2208 boc
733 2149 887 2211 vitio
931 2151 1110 2223 oriri,
1200 2155 1308 2209 uot
1350 2162 1429 2208 ex
1474 2145 1844 2208 obedientia
1890 2155 2282 2209 enascuntur
2327 2147 2518 2210 bona.
2565 2147 2691 2209 Hac
2745 2150 2829 2210 vi·

228 2227 472 2290 delicet
516 2241 690 2307 peste
736 2235 1121 2291 evertuntur
1195 2226 1450 2303 amiliae,
1494 2226 1955 2306 perturbantur
1999 2227 2527 2294 communitates,
2589 2228 2825 2292 labefa-

223 2317 440 2372 ctatur
487 2308 880 2387 respublica,
922 2317 987 2371 et
1029 2310 1241 2370 omnia
1290 2305 1586 2369 foventur
1642 2308 1793 2368 vitia
1840 2306 1914 2368 ad
1977 2308 2327 2385 perniciem
2404 2319 2545 2370 tam-
2594 2310 2827 2374 animae

225 2405 426 2468 quam
471 2391 777 2468 corporis.
825 2389 985 2453 illud
1030 2389 1224 2450 etiam
1270 2386 1506 2450 malum
1544 2396 1641 2449 est
1688 2387 2125 2462 tristissimum
2155 2435 2171 2463 ,
2234 2394 2398 2466 qnod
2454 2391 2556 2465 qui
2607 2389 2828 2467 abjicit

231 2468 700 2545 obedientiam,
745 2470 960 2533 reddit
1002 2485 1069 2532 se
1113 2469 1240 2531 Deo
1284 2467 1733 2536 execrabilem,
1783 2466 2041 2529 dicente
2086 2471 2221 2546 ipso
2270 2469 2427 2530 Deo:
2464 2468 2644 2531 Sicut
2681 2487 2825 2549 qen·

223 2557 325 2614 tes
367 2565 524 2630 quas
566 2551 793 2613 delevit
835 2551 1185 2614 Dominus...
1230 2548 1326 2611 ita
1368 2557 1431 2613 et
1477 2557 1578 2610 vos
1614 2546 1925 2626 peribitis,
1952 2549 2012 2610 si
2037 2548 2453 2620 inobedientes
2492 2549 2756 2629 fueritis
2784 2549 2827 2611 ὅ.

225 2629 357 2694 Sed
405 2632 800 2693 contumacia
850 2647 978 2710 prae
1023 2630 1255 2692 ceteris
1301 2640 1488 2691 nocet
1527 2629 2065 2700 adolescentibus
2115 2632 2221 2709 qui
2273 2647 2382 2708 per
2430 2632 2549 2692 boc
2598 2630 2827 2693 vitium

228 2711 359 2774 sibi
415 2710 824 2794 praecluduiit
882 2714 1047 2772 viam
1121 2710 1198 2784 ad
1245 2709 1717 2788 suscipiendam
1795 2710 2207 2790 disciplinam
2282 2722 2346 2774 et
2415 2713 2830 2833 sapientiam

225 2793 455 2870 sicque
499 2792 797 2856 incidunt
839 2792 905 2854 in
951 2789 1152 2854 illud:
1194 2790 1596 2870 disciplinam
1638 2789 1749 2868 qui
1792 2788 2043 2865 abjicit,
2089 2791 2320 2871 infelix
2361 2797 2457 2853 est
2513 2839 2527 2852 .

315 2870 503 2942 284.
547 2870 613 2945 Q.
658 2871 716 2935 3.
762 2871 924 2947 Quid
963 2871 1353 2934 sentiendum
1394 2872 1465 2933 de
1508 2871 1901 2933 veracitate?

316 2950 386 3014 R.
431 2951 759 3014 veracitas
803 2963 899 3014 est
943 2954 1165 3022 virtus,
1210 2970 1342 3031 quoe
1388 2951 1454 3014 id
1495 2949 1621 3015 sibi
1662 2951 2047 3030 propositum
2092 2949 2313 3025 habet,
2356 2958 2429 3012 ut
2473 2951 2541 3012 in
2584 2950 2813 3032 siqnifi·

223 3032 453 3095 candis
498 3033 731 3094 nostris
775 3029 1266 3111 coqitationibus
1309 3048 1408 3094 res
1452 3033 1846 3094 enuntiemus
1890 3031 2242 3109 cujusmodi
2283 3039 2451 3106 sunt,
2485 3031 2582 3095 vel
2602 3033 2832 3111 {cujus-

232 3114 406 3175 modi
468 3130 596 3174 esse
651 3123 964 3192 putamus.
1008 3113 1101 3175 Ex
1143 3130 1267 3193 quo
1314 3121 1486 3191 patet
1528 3112 1876 3174 discrimen
1922 3114 2336 3175 veracitatem
2394 3114 2566 3175 inter
2610 3123 2674 3176 et
2726 3127 2829 3174 ve·

231 3194 541 3256 ritatem:
588 3209 734 3257 nam
781 3198 1016 3258 veritas
1063 3203 1188 3257 tota
1246 3194 1523 3279 sumitur
1564 3210 1642 3254 ex
1687 3192 2139 3256 conformitate
2199 3192 2423 3270 judicii
2491 3209 2634 3255 cum
2700 3194 2831 3272 ipsa

235 3290 316 3336 re
358 3274 684 3352 judicata;
731 3276 1041 3337 veracitas
1085 3284 1296 3338 autem
1344 3281 1587 3354 spectat
1632 3273 2032 3351 potissimum
2081 3272 2597 3354 conformitatem
2662 3271 2828 3335 locu-

231 3356 434 3416 tionis
480 3370 620 3416 cum
668 3364 880 3417 mente
926 3355 1260 3434 ipsiusmet
1297 3355 1576 3416 liominis
1632 3353 1985 3432 loquentis:
2032 3355 2230 3433 prima
2305 3363 2433 3416 tota
2501 3361 2598 3415 est
2660 3353 2831 3432 obje-

231 3437 443 3510 ctiva;
490 3435 688 3497 altera
737 3435 1105 3513 subjectiva.
1147 3435 1359 3497 Verax
1404 3436 1635 3496 iccirco
1693 3450 1832 3495 esse
1902 3443 2107 3512 potest
2171 3434 2366 3496 etiam
2425 3437 2535 3513 qui
2603 3432 2833 3498 falsum

227 3515 417 3591 dicit,
466 3517 517 3579 si
613 3531 796 3595 empe
843 3526 1019 3595 putet
1062 3533 1132 3578 se
1175 3530 1398 3578 verum
1458 3517 1837 3587 enuntiare;
1880 3514 2047 3580 sicut
2088 3526 2152 3577 et
2198 3514 2468 3578 mendax
2529 3526 2739 3591 esset,
2781 3517 2832 3578 si

226 3610 462 3659 verum
507 3613 582 3676 pr
629 3595 958 3659 nuntiaret
1002 3605 1232 3677 putans
1277 3612 1344 3658 se
1389 3593 1606 3657 dicere
1654 3594 1906 3656 falsum.

298 3801 324 3842 ¹
358 3803 425 3853 De
454 3807 692 3865 praecept.
726 3806 778 3853 et
806 3801 1078 3863 dispensat.

295 3864 322 3906 ²
355 3868 430 3915 Ex
462 3878 572 3930 quo
607 3864 736 3916 iilud
769 3865 958 3921 oritur.
991 3862 1138 3927 quod
1169 3862 1481 3915 educatores
1513 3864 1712 3926 saepius
1740 3862 1980 3914 dolenter
2013 3862 2467 3919 animadvertunt,
2534 3862 2594 3911 ut
2651 3872 2838 3921 nempe

215 3925 458 3989 juvenes
488 3927 712 3991 quidam
747 3926 976 3989 plurium
1013 3935 1278 3983 annorum
1311 3927 1488 3988 spatio
1522 3927 1578 3976 in
1654 3925 1951 3987 iscipiinam
1988 3923 2186 3982 traditi.
2228 3925 2359 3976 nibil
2393 3924 2574 3985 utique
2626 3925 2836 3984 prseter-

231 3990 452 4042 mittant
482 4001 666 4041 eorum
701 4000 822 4053 quae
850 3988 1131 4048 jubentur-3
1167 3998 1443 4051 nunquam
1478 3989 1587 4040 tam
1624 3999 1656 4037 n
1691 3987 2010 4039 obedientiae
2046 3987 2287 4040 habitum
2338 3984 2439 4035 sibi
2497 3985 2832 4045 comparent,

229 4051 289 4102 et
317 4052 408 4101 vix
440 4064 470 4102 e
504 4051 783 4114 disciplina
813 4051 866 4101 et
891 4051 1078 4101 schola
1109 4055 1303 4108 enressi
1342 4052 1629 4113 pessimam
1666 4051 1968 4100 animorum
2006 4049 2324 4100 electionem
2360 4046 2668 4107 ostendant,
2709 4057 2832 4097 vera

235 4113 569 4187 Reipublicae·
599 4115 780 4176 pestis,
807 4112 1036 4164 dedecus
1070 4112 1513 4185 communitatum
1550 4115 1604 4162 et
1634 4112 1956 4162 lautitiarum
1997 4112 2168 4163 ruina.

298 4176 327 4280 ἔ
358 4178 783 4290 &eregii-Zia&
814 4177 880 4278 -Y—
914 4176 986 4287 ΒΘ
1012 4175 1390 4309 έιξῖιιέιῖιεῖΙόξρ’θ,ι’
1413 4176 1641 4286 ssbnfflfii
1694 4235 1772 4308 b..
1801 4236 1873 4284 tit.
1923 4259 1984 4271 —
2039 4234 2353 4307 Rodriguez,
2411 4232 2669 4304 Eser-cisio
2729 4242 2838 4305 ecc.

232 4300 395 4354 Aliud
433 4304 613 4352 tamen
638 4303 718 4352 est
749 4311 873 4351 cuin
908 4301 1119 4352 tristitia
1154 4298 1387 4358 obedire,
1424 4297 1569 4349 allud
1618 4295 1918 4347 obediendo
1969 4296 2238 4348 tristitiam
2293 4307 2344 4346 in
2396 4295 2545 4357 parte
2592 4293 2838 4366 inferiori

229 4364 433 4415 sentire
465 4374 563 4413 nec
596 4364 886 4415 assentire:
926 4363 1155 4427 primum
1190 4365 1269 4412 est
1302 4359 1588 4423 imperfecti
1628 4358 1814 4419 animi,
1849 4357 2143 4408 secundum
2180 4359 2329 4409 notat
2362 4357 2567 4407 lantum
2602 4368 2711 4406 vim
2755 4356 2840 4408 do-

231 4425 386 4485 lor-itt,
419 4437 583 4488 quam
616 4428 736 4488 quis
772 4425 982 4486 patitur.
1021 4427 1096 4476 tta
1129 4424 1322 4475 Christi
1356 4424 1537 4473 anima
1570 4423 1624 4473 in
1660 4432 1758 4471 sua
1792 4422 2043 4483 passione
2072 4420 2238 4470 tristis
2282 4422 2591 4482 eretusque
2614 4419 2678 4468 ad
2706 4431 2841 4470 inor·

233 4492 370 4538 tem.
405 4491 457 4537 et
488 4490 624 4539 adeo
662 4489 845 4546 tristis,
884 4489 940 4537 ut
972 4486 1308 4538 vehementia
1340 4483 1542 4535 doloris
1579 4484 1764 4534 vivum
1797 4483 2115 4543 sanguinem
2153 4493 2184 4531 a
2216 4493 2439 4544 corpore
2492 4482 2835 4552 expresserit.

234 4549 522 4664 beibbiiae
544 4550 595 4601 di
631 4550 822 4662 gerice,
857 4548 1148 4606 dissertae..
1186 4548 1288 4598 vol.
1327 4559 1406 4599 vi:
1444 4548 1610 4609 sopra
1643 4547 1680 4596 il
1711 4544 1868 4595 sudor
1899 4546 1951 4594 di
1999 4557 2188 4605 sanqae
2221 4544 2277 4594 di
2329 4544 2460 4595 Gesil
2504 4543 2673 4595 Crista
2732 4544 2839 4594 nel·

263 4613 278 4630 ’
343 4617 426 4663 rto
555 4614 594 4663 li
672 4614 778 4663 tivi.

302 4671 327 4713 ⁸
356 4626 580 4725 neut.⁹i.
615 4698 678 4712 -
711 4676 782 4726 De
815 4671 1117 4725 obedientia
1147 4683 1289 4722 coeca
1324 4669 1493 4733 plura,
1532 4668 1644 4722 Lib.
1681 4682 1755 4731 iv,
1791 4669 2016 4731 Append.
2053 4668 2134 4719 41.

300 4737 324 4775 ⁸
358 4736 482 4799 Sap.
511 4749 585 4786 iii.
617 4761 681 4774 —
722 4737 774 4787 Υ.
809 4736 1038 4799 Liguoit,
1080 4736 1152 4786 La
1187 4735 1407 4786 Monaca
1438 4739 1626 4794 santa,·
1660 4757 1722 4771 -
1759 4731 2083 4793 Seni-amelli,
2124 4731 2402 4783 Dircam-io
2433 4731 2673 4783 ascetieo.
