3292 5167
409 554 442 589 S

549 228 680 293 612
1241 249 1358 297 ιιιι.
1405 249 1471 298 ιι.
1520 253 1732 299 τιυιοτ.
1784 250 1909 298 vm.
1955 254 2110 301 mse.
2160 252 2204 299 1.
2251 253 2383 300 cnr.
2423 249 2490 298 ιι.

724 353 785 417 4.
832 350 1159 437 Infideles,
1208 359 1283 422 ut
1330 353 1547 441 ipsum
1598 373 1718 441 per
1762 374 1835 424 se
1883 373 2126 424 nomen
2174 362 2387 439 sonat,
2425 353 2626 423 fidem
2689 373 2823 424 non
2877 353 3141 424 habent.

549 455 738 535 Quod
782 475 936 526 vero
986 467 1242 546 spectat
1293 460 1374 529 ad
1421 461 1776 531 haereticos
1820 460 2396 549 distinguendum:
2431 461 2532 529 vel
2580 461 2798 547 agitur
2836 460 2923 530 de
2955 460 3144 529 hoere-

544 562 663 629 tico
708 565 1045 649 materiali,
1094 567 1204 653 qui
1260 586 1498 656 nempe
1549 576 1817 655 paratus
1865 576 1968 639 est
2014 568 2286 639 credere
2325 568 2659 656 quidquid
2690 569 2989 638 Ecclesia
3036 585 3143 637 ca·

547 671 789 741 tholica
838 674 1069 750 credit.
1118 684 1183 746 et
1233 695 1313 745 ex
1363 676 1733 764 ignorantia
1797 685 2052 746 tantum
2100 679 2164 747 in
2216 677 2616 766 quibusdam
2669 678 2822 747 fidei
2869 678 3145 764 dogma-

545 777 727 851 tibus
776 788 950 849 errat
965 807 986 864 3
1036 782 1188 868 quia
1240 783 1535 852 nondum
1565 784 1884 853 Ecclesiae
1919 803 2193 854 sensum
2232 792 2334 855 est
2367 792 2735 875 assecutus.
2779 768 2899 855 Vel
2931 784 3147 871 agitur

545 884 628 987 de
698 888 982 958 hoeretico
1026 891 1303 977 formali,
1358 892 1470 979 qui
1542 911 1780 979 nempe
1829 900 1985 979 post
2060 900 2442 964 assecutum
2505 894 2825 962 Ecclesiae
2874 910 3147 962 sensum

546 991 762 1063 adhuc
811 995 877 1064 in
926 998 1327 1084 quibusdam
1374 1000 1680 1068 assentiri
1732 1007 2014 1071 recusat.

639 1101 705 1168 Si
761 1104 819 1184 l,
872 1103 1231 1173 haereticus
1283 1105 1391 1176 ille
1441 1111 1648 1174 totam
1683 1114 1748 1175 et
1789 1107 2111 1193 integram
2143 1106 2341 1176 fidem
2381 1107 2579 1176 habet
2610 1107 2679 1175 in
2709 1107 2964 1185 habau:
2996 1122 3147 1174 nam

548 1227 682 1277 non
731 1217 906 1279 errat
954 1212 1415 1299 pertinaciter:
1466 1213 1561 1283 sic
1612 1233 1809 1283 nemo
1862 1215 2198 1300 negaverit
2272 1232 2492 1284 veram
2561 1214 2761 1283 fidem
2831 1213 3145 1283 habuisse

547 1335 601 1384 s.
652 1319 1047 1404 cyprianum
1097 1322 1297 1390 etiam
1344 1329 1516 1405 actu,
1569 1339 1702 1407 quo
1752 1324 2088 1409 Baptisma
2136 1324 2216 1392 ab
2266 1322 2599 1391 haereticis
2649 1321 2965 1391 collatum
3000 1320 3145 1407 reji-

550 1424 764 1497 ciebat
834 1427 929 1495 uti
1001 1428 1378 1498 invalidum.
1428 1431 1494 1498 Si
1545 1432 1620 1512 2,
1674 1429 2025 1499 Durandus
2073 1431 2318 1517 aliique
2366 1431 2556 1517 pauci
2603 1430 2986 1499 existimant
3035 1445 3145 1497 ve-

548 1550 688 1600 ram
737 1533 934 1604 fidem
981 1536 1046 1604 in
1097 1537 1433 1608 haereticis
1481 1538 1873 1609 formalibus
1912 1539 2289 1625 aliqualiter
2335 1537 2549 1608 adbuc
2594 1555 2864 1607 manere
2940 1536 3145 1607 relate

552 1638 633 1707 ad
679 1659 796 1710 eos
843 1643 1181 1730 articulos,
1232 1663 1401 1731 quos
1451 1647 1749 1715 credunt.
1801 1647 2190 1716 Communis
2243 1653 2466 1714 tamen
2518 1651 2584 1714 et
2632 1644 2851 1713 verior
2883 1651 3146 1731 senten·

552 1746 641 1813 tia
690 1766 840 1816 cum
888 1748 949 1817 d.
996 1752 1244 1819 Thema
1296 1760 1524 1839 negat3
1571 1753 1824 1823 etenim
1873 1754 2045 1821 sicut
2091 1758 2437 1839 peccatum
2475 1752 2756 1820 mortale
2790 1746 3146 1820 contraria·

551 1861 662 1921 tur
697 1848 1018 1940 charitati,
1068 1857 1156 1925 ita
1206 1857 1582 1929 discredere
1622 1878 1829 1929 unum
1878 1859 2230 1928 articulum
2264 1858 2710 1928 contrariatur
2741 1857 2895 1926 fidei
2910 1884 2929 1939 3
2965 1858 3142 1944 atqui

550 1961 834 2032 charitas
885 1984 1014 2034 non
1066 1977 1360 2036 remanet
1410 1968 1473 2035 in
1510 1969 1777 2036 bomine
1812 1975 1964 2054 post
2003 1986 2213 2037 unum
2249 1973 2598 2053 peccatum
2636 1966 2920 2034 mortale
2936 1992 2955 2048 ;
2988 1982 3144 2050 ergo

552 2087 675 2136 nec
724 2070 886 2139 fides
934 2073 999 2142 in
1049 2092 1152 2158 eo,
1203 2076 1318 2162 qui
1367 2075 1686 2145 discredit
1736 2095 1917 2144 unun
1970 2075 2322 2143 articulum
2372 2074 2549 2144 fidei.
2586 2073 2804 2143 Adde:
2839 2073 2955 2159 qui
2987 2090 3146 2142 non-

552 2174 727 2242 nulla
778 2178 987 2248 credit
1013 2187 1079 2249 et
1113 2183 1432 2251 nonnulla
1478 2184 1722 2269 rejicit,
1756 2183 1887 2270 agit
1934 2202 2013 2251 ex
2062 2182 2344 2269 proprio
2380 2181 2654 2268 judicio,
2680 2179 2969 2266 ideoque
3017 2198 3143 2249 non

551 2300 633 2350 ex
681 2283 828 2367 fide,
882 2295 952 2354 ut
997 2298 1500 2375 argumentatur
1545 2289 1607 2359 d.
1658 2290 2066 2377 Augustinus
2117 2286 2170 2357 ¹.
2219 2288 2435 2357 Adde:
2485 2287 2649 2356 fides
2698 2287 2899 2355 habet
2944 2284 3144 2354 unum

551 2390 844 2460 medium
893 2395 1227 2482 credendi,
1273 2399 1499 2465 scilicet
1541 2410 1798 2485 propter
1843 2400 2166 2467 veritatem
2206 2397 2488 2486 primam
2528 2397 2916 2483 propositam
2978 2395 3143 2462 nobis

553 2502 622 2570 in
667 2505 1006 2593 scripturis
1051 2506 1391 2575 secundum
1437 2506 1788 2574 doctrinam
1834 2506 2124 2575 Ecclesioe
2170 2505 2571 2592 intettiqentis
2619 2523 2772 2571 sane
2795 2529 2821 2582 ;
2892 2516 2951 2571 et
3017 2503 3141 2570 ideo

547 2617 656 2702 qui
700 2616 778 2684 ab
824 2617 937 2683 hoc
980 2614 1183 2682 medio
1230 2614 1475 2696 decidit,
1520 2616 1793 2682 totaliter
1859 2614 1976 2700 fide
2043 2625 2251 2680 caret.-
2328 2613 2414 2679 ita
2482 2609 2837 2697 Angelicus
2885 2609 2938 2678 ².
2990 2609 3143 2678 Hinc

547 2722 909 2810 Apostolus
959 2721 1040 2792 de
1089 2721 1504 2810 quibusdam,
1554 2721 1664 2808 qui
1719 2729 1975 2791 tantum
2023 2721 2350 2808 negabant
2407 2712 2776 2806 cdrporum
2846 2732 3139 2786 resurre-

546 2829 856 2913 ctionem,
907 2830 1268 2914 generatim
1315 2830 1424 2912 ait,
1473 2829 1654 2917 quod
1699 2830 1868 2897 circa
1911 2831 2092 2916 fidem
2136 2828 2681 2914 naufraqaverunt
2730 2819 2779 2893 ⁸.

1405 3172 1739 3242 ΟΑΡυΤ
1809 3170 2282 3241 Teanum

1330 3376 1425 3435 DE
1485 3376 1681 3435 mom
1730 3372 2360 3435 PROPRIE'I'ATIBUS.

640 3626 846 3697 898.
897 3628 1126 3698 Plures
1193 3635 1349 3699 sunt
1398 3626 1548 3697 fidei
1598 3627 1837 3698 divinae
1889 3627 2351 3713 proprietates,
2441 3642 2561 3694 seu
2633 3623 2858 3710 plures
2932 3620 3142 3709 requi-

550 3748 791 3809 runtur
838 3736 1273 3819 conditiones,
1322 3743 1398 3804 ut
1443 3736 1608 3805 fides
1658 3734 1941 3823 genuina
1990 3735 2328 3803 habeatur.
2380 3734 2658 3819 Oportet
2706 3737 2776 3798 ut
2825 3730 2943 3799 sit:

730 3849 787 3914 l.
837 3846 1063 3914 Libera
1075 3870 1102 3927 ,·
1146 3846 1272 3932 legi
1297 3852 1410 3915 tur
1455 3844 1668 3914 enim:
1716 3844 1825 3930 qui
1865 3842 2192 3911 crediderit
2222 3853 2277 3908 et
2309 3842 2656 3929 baptizatus
2683 3839 2896 3924 suerit,
2933 3838 3143 3904 salvus

550 3956 715 4036 em,-
762 3954 872 4042 qui
915 3974 1060 4023 vero
1108 3973 1236 4021 non
1282 3952 1610 4022 crediderit
1655 3950 2162 4019 condemnabitur
2205 3954 2255 4018 ⁸.
2333 3952 2493 4031 Quae
2541 3946 2738 4015 verba
2809 3944 3144 4014 evidenter

550 4069 940 4172 supponunt
989 4060 1495 4147 possibilitatem
1544 4056 1854 4127 credendi
1904 4064 1969 4126 et
2019 4077 2150 4127 non
2199 4053 2533 4125 credendi.

728 4170 789 4236 2.
839 4171 1151 4248 Honesta;
1199 4184 1357 4236 sane
1406 4164 1460 4234 si
1509 4164 1858 4234 laudabilis
1906 4170 2009 4233 est
2057 4163 2220 4232 fides
2295 4162 2603 4242 humana,
2653 4157 2865 4227 multo
2938 4153 3142 4241 magis

552 4276 766 4345 divina
801 4276 964 4346 fides
996 4277 1185 4363 juxta
1214 4274 1408 4343 illud:
1440 4268 1497 4341 si
1525 4273 1945 4342 testimonium
1976 4273 2299 4341 hominum
2328 4269 2690 4356 accipimus,
2725 4264 3147 4333 testimonium

553 4386 669 4452 Dei
715 4386 920 4472 majus
963 4396 1052 4453 est
1097 4382 1149 4451 ⁸.

612 4633 636 4738 Ξ
670 4634 970 4749 hagnz'tvff'
1004 4637 1266 4686 incontra
1296 4633 1568 4684 Faustum.
1816 4629 1849 4733 ⁸²
1875 4632 1926 4745 ἐκ,
1959 4631 2009 4688 2,
2041 4639 2096 4690 q.
2129 4628 2178 4688 5,
2213 4637 2264 4679 a.
2297 4626 2346 4678 3.
2598 4621 2621 4662 ⁸
2653 4632 2692 4685 ι,
2726 4620 2863 4673 Tim.
2896 4630 2936 4673 ι.
