<?xml version="1.0" encoding="UTF-8"?>
<!DOCTYPE html PUBLIC "-//W3C//DTD XHTML 1.0 Transitional//EN"
    "http://www.w3.org/TR/xhtml1/DTD/xhtml1-transitional.dtd">
<html xmlns="http://www.w3.org/1999/xhtml" xml:lang="en" lang="en">
 <head>
  <title>
</title>
<meta http-equiv="Content-Type" content="text/html;charset=utf-8" />
  <meta name='ocr-system' content='tesseract 3.04.00' />
  <meta name='ocr-capabilities' content='ocr_page ocr_carea ocr_par ocr_line ocrx_word'/>
</head>
<body>
  <div class='ocr_page' id='page_1' title='image "./theologiamorali04scavgoog_0660.png"; bbox 0 0 3292 5167; ppageno 0'>
   <div class='ocr_carea' id='block_1_1' title="bbox 490 272 2401 342">
    <p class='ocr_par' dir='ltr' id='par_1_1' title="bbox 490 272 2401 342">
     <span class='ocr_line' id='line_1_1' title="bbox 490 272 2401 342; baseline -0.001 -2"><span class='ocrx_word' id='word_1_1' title='bbox 490 272 622 341; x_wconf 79' lang='lat'><strong>650</strong></span> <span class='ocrx_word' id='word_1_2' title='bbox 1153 290 1248 338; x_wconf 75' lang='lat' dir='ltr'><strong>mn</strong></span> <span class='ocrx_word' id='word_1_3' title='bbox 1295 289 1361 338; x_wconf 84' lang='lat'><strong>11.</strong></span> <span class='ocrx_word' id='word_1_4' title='bbox 1409 294 1619 340; x_wconf 64' lang='lat' dir='ltr'><strong>macr.</strong></span> <span class='ocrx_word' id='word_1_5' title='bbox 1673 291 1798 341; x_wconf 84' lang='lat' dir='ltr'><strong>vm.</strong></span> <span class='ocrx_word' id='word_1_6' title='bbox 1847 292 1999 342; x_wconf 69' lang='lat' dir='ltr'><strong>mse.</strong></span> <span class='ocrx_word' id='word_1_7' title='bbox 2049 292 2089 340; x_wconf 83' lang='lat'><strong>1.</strong></span> <span class='ocrx_word' id='word_1_8' title='bbox 2138 294 2269 341; x_wconf 57' lang='lat' dir='ltr'><strong>car.</strong></span> <span class='ocrx_word' id='word_1_9' title='bbox 2317 289 2401 339; x_wconf 84' lang='lat' dir='ltr'><strong>lv.</strong></span> 
     </span>
    </p>
   </div>
   <div class='ocr_carea' id='block_1_2' title="bbox 459 393 3084 4344">
    <p class='ocr_par' dir='ltr' id='par_1_2' title="bbox 487 393 3079 1345">
     <span class='ocr_line' id='line_1_2' title="bbox 492 393 3072 483; baseline 0 -20"><span class='ocrx_word' id='word_1_10' title='bbox 492 397 832 478; x_wconf 89' lang='lat' dir='ltr'><strong>librorum,</strong></span> <span class='ocrx_word' id='word_1_11' title='bbox 884 396 1177 481; x_wconf 88' lang='lat' dir='ltr'><strong>aliasque</strong></span> <span class='ocrx_word' id='word_1_12' title='bbox 1228 414 1457 483; x_wconf 88' lang='lat' dir='ltr'><strong>poenas</strong></span> <span class='ocrx_word' id='word_1_13' title='bbox 1507 397 1835 466; x_wconf 81' lang='lat' dir='ltr'><strong>ordinarii</strong></span> <span class='ocrx_word' id='word_1_14' title='bbox 1907 396 2182 467; x_wconf 86' lang='lat' dir='ltr'><strong>arbitrio</strong></span> <span class='ocrx_word' id='word_1_15' title='bbox 2256 395 2646 482; x_wconf 88' lang='lat' dir='ltr'><strong>infligendas</strong></span> <span class='ocrx_word' id='word_1_16' title='bbox 2715 393 3072 464; x_wconf 85' lang='lat' dir='ltr'><strong>constituit.</strong></span> 
     </span>
     <span class='ocr_line' id='line_1_3' title="bbox 487 503 3078 590; baseline 0 -19"><span class='ocrx_word' id='word_1_17' title='bbox 487 503 740 572; x_wconf 80' lang='lat' dir='ltr'>Deinde</span> <span class='ocrx_word' id='word_1_18' title='bbox 787 504 1028 571; x_wconf 86' lang='lat' dir='ltr'><strong>Paulus</strong></span> <span class='ocrx_word' id='word_1_19' title='bbox 1077 504 1184 586; x_wconf 88' lang='lat'><strong>111,</strong></span> <span class='ocrx_word' id='word_1_20' title='bbox 1236 522 1407 572; x_wconf 91' lang='lat' dir='ltr'><strong>anno</strong></span> <span class='ocrx_word' id='word_1_21' title='bbox 1463 507 1652 587; x_wconf 72' lang='lat'><strong>1542,</strong></span> <span class='ocrx_word' id='word_1_22' title='bbox 1702 507 1933 573; x_wconf 82' lang='lat' dir='ltr'><strong>statuit</strong></span> <span class='ocrx_word' id='word_1_23' title='bbox 1971 506 2197 574; x_wconf 81' lang='lat' dir='ltr'><strong>Romae</strong></span> <span class='ocrx_word' id='word_1_24' title='bbox 2264 503 2859 590; x_wconf 79' lang='lat' dir='ltr'><strong>congregationem</strong></span> <span class='ocrx_word' id='word_1_25' title='bbox 2893 519 3078 588; x_wconf 90' lang='lat' dir='ltr'><strong>gene·</strong></span> 
     </span>
     <span class='ocr_line' id='line_1_4' title="bbox 490 611 3077 702; baseline -0.002 -20"><span class='ocrx_word' id='word_1_26' title='bbox 490 614 642 682; x_wconf 87' lang='lat' dir='ltr'><strong>ralis</strong></span> <span class='ocrx_word' id='word_1_27' title='bbox 677 613 1153 699; x_wconf 79' lang='lat' dir='ltr'><strong>lnquisitioniS,</strong></span> <span class='ocrx_word' id='word_1_28' title='bbox 1189 614 1291 684; x_wconf 86' lang='lat' dir='ltr'><strong>cui</strong></span> <span class='ocrx_word' id='word_1_29' title='bbox 1332 633 1565 701; x_wconf 86' lang='lat' dir='ltr'><strong>pravos</strong></span> <span class='ocrx_word' id='word_1_30' title='bbox 1598 615 1809 685; x_wconf 88' lang='lat' dir='ltr'><strong>libros</strong></span> <span class='ocrx_word' id='word_1_31' title='bbox 1864 613 2258 702; x_wconf 88' lang='lat' dir='ltr'><strong>prohibendi</strong></span> <span class='ocrx_word' id='word_1_32' title='bbox 2294 630 2519 683; x_wconf 87' lang='lat' dir='ltr'><strong>curam</strong></span> <span class='ocrx_word' id='word_1_33' title='bbox 2586 611 2923 698; x_wconf 83' lang='lat' dir='ltr'><strong>imposuit.</strong></span> <span class='ocrx_word' id='word_1_34' title='bbox 2962 613 3077 678; x_wconf 93' lang='lat' dir='ltr'><strong>Po-</strong></span> 
     </span>
     <span class='ocr_line' id='line_1_5' title="bbox 488 714 3078 805; baseline -0.002 -15"><span class='ocrx_word' id='word_1_35' title='bbox 488 728 626 790; x_wconf 88' lang='lat' dir='ltr'><strong>stea</strong></span> <span class='ocrx_word' id='word_1_36' title='bbox 662 721 787 788; x_wconf 90' lang='lat' dir='ltr'><strong>sub</strong></span> <span class='ocrx_word' id='word_1_37' title='bbox 822 720 1026 788; x_wconf 90' lang='lat' dir='ltr'><strong>Paulo</strong></span> <span class='ocrx_word' id='word_1_38' title='bbox 1061 723 1164 803; x_wconf 90' lang='lat' dir='ltr'><strong>IV,</strong></span> <span class='ocrx_word' id='word_1_39' title='bbox 1202 721 1542 789; x_wconf 86' lang='lat' dir='ltr'><strong>confectus</strong></span> <span class='ocrx_word' id='word_1_40' title='bbox 1583 731 1688 791; x_wconf 87' lang='lat' dir='ltr'><strong>est</strong></span> <span class='ocrx_word' id='word_1_41' title='bbox 1725 723 1930 790; x_wconf 75' lang='lat' dir='ltr'><strong>Indeae</strong></span> <span class='ocrx_word' id='word_1_42' title='bbox 1966 723 2293 791; x_wconf 85' lang='lat' dir='ltr'><strong>librorum</strong></span> <span class='ocrx_word' id='word_1_43' title='bbox 2329 714 2845 805; x_wconf 72' lang='lat' dir='ltr'><strong>prohibitorum,</strong></span> <span class='ocrx_word' id='word_1_44' title='bbox 2887 734 3078 803; x_wconf 89' lang='lat' dir='ltr'><strong>quem</strong></span> 
     </span>
     <span class='ocr_line' id='line_1_6' title="bbox 488 825 3079 916; baseline -0.002 -17"><span class='ocrx_word' id='word_1_45' title='bbox 488 830 642 899; x_wconf 90' lang='lat' dir='ltr'><strong>Pius</strong></span> <span class='ocrx_word' id='word_1_46' title='bbox 689 830 792 911; x_wconf 87' lang='lat' dir='ltr'><strong>lv,</strong></span> <span class='ocrx_word' id='word_1_47' title='bbox 841 836 1172 896; x_wconf 87' lang='lat' dir='ltr'><strong>annuente</strong></span> <span class='ocrx_word' id='word_1_48' title='bbox 1224 827 1630 912; x_wconf 81' lang='lat' dir='ltr'><strong>Tridentino,</strong></span> <span class='ocrx_word' id='word_1_49' title='bbox 1667 829 2008 916; x_wconf 83' lang='lat' dir='ltr'><strong>ampliavit</strong></span> <span class='ocrx_word' id='word_1_50' title='bbox 2043 828 2390 914; x_wconf 83' lang='lat' dir='ltr'><strong>magisque</strong></span> <span class='ocrx_word' id='word_1_51' title='bbox 2427 826 2722 913; x_wconf 76' lang='lat' dir='ltr'><strong>perfecit.</strong></span> <span class='ocrx_word' id='word_1_52' title='bbox 2762 825 2893 895; x_wconf 89' lang='lat' dir='ltr'><strong>Sed</strong></span> <span class='ocrx_word' id='word_1_53' title='bbox 2932 843 3079 894; x_wconf 88' lang='lat' dir='ltr'><strong>cum</strong></span> 
     </span>
     <span class='ocr_line' id='line_1_7' title="bbox 487 933 3079 1023; baseline 0 -22"><span class='ocrx_word' id='word_1_54' title='bbox 487 934 636 1004; x_wconf 83' lang='lat' dir='ltr'><strong>libri</strong></span> <span class='ocrx_word' id='word_1_55' title='bbox 691 934 1081 1021; x_wconf 85' lang='lat' dir='ltr'><strong>perniciosae</strong></span> <span class='ocrx_word' id='word_1_56' title='bbox 1135 935 1437 1005; x_wconf 86' lang='lat' dir='ltr'><strong>lectionis</strong></span> <span class='ocrx_word' id='word_1_57' title='bbox 1489 955 1728 1023; x_wconf 89' lang='lat' dir='ltr'><strong>magno</strong></span> <span class='ocrx_word' id='word_1_58' title='bbox 1779 938 1843 1005; x_wconf 88' lang='lat' dir='ltr'><strong>in</strong></span> <span class='ocrx_word' id='word_1_59' title='bbox 1896 955 2181 1006; x_wconf 89' lang='lat' dir='ltr'><strong>numero</strong></span> <span class='ocrx_word' id='word_1_60' title='bbox 2217 934 2509 1020; x_wconf 89' lang='lat' dir='ltr'><strong>undique</strong></span> <span class='ocrx_word' id='word_1_61' title='bbox 2550 933 2926 1013; x_wconf 78' lang='lat' dir='ltr'><strong>ederentur,</strong></span> <span class='ocrx_word' id='word_1_62' title='bbox 2965 950 3079 1001; x_wconf 84' lang='lat' dir='ltr'><strong>nec</strong></span> 
     </span>
     <span class='ocr_line' id='line_1_8' title="bbox 489 1041 3078 1130; baseline -0.002 -20"><span class='ocrx_word' id='word_1_63' title='bbox 489 1042 750 1110; x_wconf 87' lang='lat' dir='ltr'><strong>laudata</strong></span> <span class='ocrx_word' id='word_1_64' title='bbox 801 1043 1240 1128; x_wconf 85' lang='lat' dir='ltr'><strong>congregatio</strong></span> <span class='ocrx_word' id='word_1_65' title='bbox 1298 1044 1763 1130; x_wconf 88' lang='lat' dir='ltr'><strong>Inquisitionis</strong></span> <span class='ocrx_word' id='word_1_66' title='bbox 1835 1044 1915 1111; x_wconf 92' lang='lat' dir='ltr'><strong>ad</strong></span> <span class='ocrx_word' id='word_1_67' title='bbox 1987 1063 2104 1113; x_wconf 90' lang='lat' dir='ltr'><strong>eos</strong></span> <span class='ocrx_word' id='word_1_68' title='bbox 2175 1041 2654 1111; x_wconf 84' lang='lat' dir='ltr'><strong>examinandos</strong></span> <span class='ocrx_word' id='word_1_69' title='bbox 2730 1041 3078 1123; x_wconf 87' lang='lat' dir='ltr'><strong>sufficeret,</strong></span> 
     </span>
     <span class='ocr_line' id='line_1_9' title="bbox 487 1148 3077 1237; baseline -0.002 -18"><span class='ocrx_word' id='word_1_70' title='bbox 487 1170 537 1219; x_wconf 84' lang='lat' dir='ltr'><strong>s,</strong></span> <span class='ocrx_word' id='word_1_71' title='bbox 589 1150 744 1219; x_wconf 89' lang='lat' dir='ltr'><strong>Pius</strong></span> <span class='ocrx_word' id='word_1_72' title='bbox 793 1152 848 1218; x_wconf 88' lang='lat' dir='ltr'><strong>V</strong></span> <span class='ocrx_word' id='word_1_73' title='bbox 895 1167 1128 1218; x_wconf 90' lang='lat' dir='ltr'><strong>novam</strong></span> <span class='ocrx_word' id='word_1_74' title='bbox 1201 1152 1799 1237; x_wconf 81' lang='lat' dir='ltr'><strong>congregationem</strong></span> <span class='ocrx_word' id='word_1_75' title='bbox 1870 1152 2177 1233; x_wconf 86' lang='lat' dir='ltr'><strong>instituit,</strong></span> <span class='ocrx_word' id='word_1_76' title='bbox 2230 1148 2566 1236; x_wconf 87' lang='lat' dir='ltr'><strong>appellans</strong></span> <span class='ocrx_word' id='word_1_77' title='bbox 2612 1165 2757 1216; x_wconf 86' lang='lat' dir='ltr'><strong>eam</strong></span> <span class='ocrx_word' id='word_1_78' title='bbox 2823 1148 3077 1229; x_wconf 80' lang='lat' dir='ltr'><strong>Indicis,</strong></span> 
     </span>
     <span class='ocr_line' id='line_1_10' title="bbox 487 1257 1699 1345; baseline -0.001 -20"><span class='ocrx_word' id='word_1_79' title='bbox 487 1258 636 1327; x_wconf 90' lang='lat' dir='ltr'><strong>ideo</strong></span> <span class='ocrx_word' id='word_1_80' title='bbox 691 1257 839 1345; x_wconf 88' lang='lat' dir='ltr'><strong>quia</strong></span> <span class='ocrx_word' id='word_1_81' title='bbox 891 1257 1095 1327; x_wconf 87' lang='lat' dir='ltr'><strong>libros</strong></span> <span class='ocrx_word' id='word_1_82' title='bbox 1147 1259 1384 1327; x_wconf 86' lang='lat' dir='ltr'><strong>noxios</strong></span> <span class='ocrx_word' id='word_1_83' title='bbox 1435 1260 1699 1327; x_wconf 88' lang='lat' dir='ltr'><strong>indicat.</strong></span> 
     </span>
    </p>

    <p class='ocr_par' dir='ltr' id='par_1_3' title="bbox 474 1362 3084 2203">
     <span class='ocr_line' id='line_1_11' title="bbox 570 1362 3084 1451; baseline -0.003 -15"><span class='ocrx_word' id='word_1_84' title='bbox 570 1370 676 1436; x_wconf 74' lang='lat' dir='ltr'><strong>Eoe</strong></span> <span class='ocrx_word' id='word_1_85' title='bbox 719 1367 836 1433; x_wconf 79' lang='lat' dir='ltr'><strong>hac</strong></span> <span class='ocrx_word' id='word_1_86' title='bbox 878 1367 1085 1451; x_wconf 82' lang='lat' dir='ltr'><strong>itaque</strong></span> <span class='ocrx_word' id='word_1_87' title='bbox 1128 1368 1436 1434; x_wconf 77' lang='lat' dir='ltr'><strong>constanti</strong></span> <span class='ocrx_word' id='word_1_88' title='bbox 1481 1368 1760 1434; x_wconf 86' lang='lat' dir='ltr'><strong>omnium</strong></span> <span class='ocrx_word' id='word_1_89' title='bbox 1806 1378 2059 1433; x_wconf 85' lang='lat' dir='ltr'><strong>aetatum</strong></span> <span class='ocrx_word' id='word_1_90' title='bbox 2089 1365 2566 1433; x_wconf 79' lang='lat' dir='ltr'><strong>sollicitudine...</strong></span> <span class='ocrx_word' id='word_1_91' title='bbox 2604 1375 2775 1451; x_wconf 73' lang='lat' dir='ltr'><strong>patet</strong></span> <span class='ocrx_word' id='word_1_92' title='bbox 2811 1362 3084 1429; x_wconf 78' lang='lat' dir='ltr'><strong>luculen-</strong></span> 
     </span>
     <span class='ocr_line' id='line_1_12' title="bbox 484 1456 3077 1559; baseline -0.003 -16"><span class='ocrx_word' id='word_1_93' title='bbox 484 1476 716 1543; x_wconf 80' lang='lat' dir='ltr'><strong>tissime</strong></span> <span class='ocrx_word' id='word_1_94' title='bbox 764 1473 864 1559; x_wconf 86' lang='lat' dir='ltr'><strong>(ut</strong></span> <span class='ocrx_word' id='word_1_95' title='bbox 909 1456 1122 1542; x_wconf 81' lang='lat' dir='ltr'><strong>verbis</strong></span> <span class='ocrx_word' id='word_1_96' title='bbox 1171 1481 1320 1541; x_wconf 91' lang='lat' dir='ltr'><strong>utar</strong></span> <span class='ocrx_word' id='word_1_97' title='bbox 1367 1474 1664 1559; x_wconf 87' lang='lat' dir='ltr'><strong>Gregorii</strong></span> <span class='ocrx_word' id='word_1_98' title='bbox 1704 1474 1847 1542; x_wconf 86' lang='lat' dir='ltr'><strong>XVI</strong></span> <span class='ocrx_word' id='word_1_99' title='bbox 1881 1474 2223 1558; x_wconf 86' lang='lat' dir='ltr'><strong>Encyclica</strong></span> <span class='ocrx_word' id='word_1_100' title='bbox 2273 1473 2508 1541; x_wconf 84' lang='lat' dir='ltr'><strong>Mirari</strong></span> <span class='ocrx_word' id='word_1_101' title='bbox 2540 1481 2648 1538; x_wconf 83' lang='lat' dir='ltr'><strong>vos</strong></span> <span class='ocrx_word' id='word_1_102' title='bbox 2678 1488 2850 1538; x_wconf 89' lang='lat' dir='ltr'><strong>anno</strong></span> <span class='ocrx_word' id='word_1_103' title='bbox 2881 1470 3077 1553; x_wconf 77' lang='lat'>183¹)</span> 
     </span>
     <span class='ocr_line' id='line_1_13' title="bbox 479 1577 3079 1671; baseline -0.002 -20"><span class='ocrx_word' id='word_1_104' title='bbox 479 1597 854 1671; x_wconf 81' lang='lat' dir='ltr'><strong>quantopere</strong></span> <span class='ocrx_word' id='word_1_105' title='bbox 894 1581 1082 1668; x_wconf 85' lang='lat' dir='ltr'><strong>salsa,</strong></span> <span class='ocrx_word' id='word_1_106' title='bbox 1131 1584 1465 1648; x_wconf 84' lang='lat' dir='ltr'><strong>temeraria</strong></span> <span class='ocrx_word' id='word_1_107' title='bbox 1509 1595 1692 1668; x_wconf 80' lang='lat' dir='ltr'><strong>atque</strong></span> <span class='ocrx_word' id='word_1_108' title='bbox 1739 1581 2105 1669; x_wconf 84' lang='lat' dir='ltr'><strong>Apostolicae</strong></span> <span class='ocrx_word' id='word_1_109' title='bbox 2138 1581 2276 1649; x_wconf 85' lang='lat' dir='ltr'><strong>Sedi</strong></span> <span class='ocrx_word' id='word_1_110' title='bbox 2314 1581 2644 1667; x_wconf 69' lang='lat' dir='ltr'><strong>iniuriosa,</strong></span> <span class='ocrx_word' id='word_1_111' title='bbox 2691 1599 2767 1646; x_wconf 86' lang='lat' dir='ltr'><strong>ac</strong></span> <span class='ocrx_word' id='word_1_112' title='bbox 2793 1577 3079 1665; x_wconf 78' lang='lat' dir='ltr'><strong>saecuuda</strong></span> 
     </span>
     <span class='ocr_line' id='line_1_14' title="bbox 481 1687 3076 1776; baseline -0.003 -18"><span class='ocrx_word' id='word_1_113' title='bbox 481 1693 794 1758; x_wconf 86' lang='lat' dir='ltr'><strong>malorum</strong></span> <span class='ocrx_word' id='word_1_114' title='bbox 840 1689 908 1754; x_wconf 85' lang='lat' dir='ltr'><strong>in</strong></span> <span class='ocrx_word' id='word_1_115' title='bbox 955 1689 1297 1755; x_wconf 84' lang='lat' dir='ltr'><strong>christiano</strong></span> <span class='ocrx_word' id='word_1_116' title='bbox 1341 1691 1568 1776; x_wconf 83' lang='lat' dir='ltr'><strong>populo</strong></span> <span class='ocrx_word' id='word_1_117' title='bbox 1616 1689 1964 1774; x_wconf 74' lang='lat' dir='ltr'><strong>inqentium</strong></span> <span class='ocrx_word' id='word_1_118' title='bbox 2011 1688 2092 1755; x_wconf 84' lang='lat' dir='ltr'><strong>sit</strong></span> <span class='ocrx_word' id='word_1_119' title='bbox 2150 1688 2406 1755; x_wconf 84' lang='lat' dir='ltr'><strong>illorum</strong></span> <span class='ocrx_word' id='word_1_120' title='bbox 2445 1687 2731 1754; x_wconf 82' lang='lat' dir='ltr'><strong>doctrina</strong></span> <span class='ocrx_word' id='word_1_121' title='bbox 2764 1739 2780 1769; x_wconf 91' lang='lat'><strong>,</strong></span> <span class='ocrx_word' id='word_1_122' title='bbox 2819 1687 2928 1771; x_wconf 84' lang='lat' dir='ltr'><strong>qui</strong></span> <span class='ocrx_word' id='word_1_123' title='bbox 2970 1706 3076 1749; x_wconf 80' lang='lat' dir='ltr'><strong>ne-</strong></span> 
     </span>
     <span class='ocr_line' id='line_1_15' title="bbox 481 1793 3078 1883; baseline -0.003 -18"><span class='ocrx_word' id='word_1_124' title='bbox 481 1799 631 1865; x_wconf 81' lang='lat' dir='ltr'><strong>dum</strong></span> <span class='ocrx_word' id='word_1_125' title='bbox 700 1816 1031 1863; x_wconf 77' lang='lat' dir='ltr'><strong>censuram</strong></span> <span class='ocrx_word' id='word_1_126' title='bbox 1080 1796 1381 1862; x_wconf 85' lang='lat' dir='ltr'><strong>librorum</strong></span> <span class='ocrx_word' id='word_1_127' title='bbox 1428 1797 1615 1863; x_wconf 87' lang='lat' dir='ltr'><strong>veluti</strong></span> <span class='ocrx_word' id='word_1_128' title='bbox 1662 1815 1918 1883; x_wconf 70' lang='lat' dir='ltr'><strong>pravem</strong></span> <span class='ocrx_word' id='word_1_129' title='bbox 1980 1796 2171 1861; x_wconf 86' lang='lat' dir='ltr'><strong>nimis</strong></span> <span class='ocrx_word' id='word_1_130' title='bbox 2234 1808 2291 1861; x_wconf 86' lang='lat' dir='ltr'><strong>et</strong></span> <span class='ocrx_word' id='word_1_131' title='bbox 2344 1812 2673 1861; x_wconf 81' lang='lat' dir='ltr'><strong>onerosam</strong></span> <span class='ocrx_word' id='word_1_132' title='bbox 2744 1793 3078 1879; x_wconf 83' lang='lat' dir='ltr'><strong>rejiciunt;</strong></span> 
     </span>
     <span class='ocr_line' id='line_1_16' title="bbox 483 1898 3077 1991; baseline -0.002 -20"><span class='ocrx_word' id='word_1_133' title='bbox 483 1905 589 1971; x_wconf 84' lang='lat' dir='ltr'><strong>sed</strong></span> <span class='ocrx_word' id='word_1_134' title='bbox 632 1925 698 1970; x_wconf 90' lang='lat' dir='ltr'><strong>eo</strong></span> <span class='ocrx_word' id='word_1_135' title='bbox 745 1904 931 1969; x_wconf 88' lang='lat' dir='ltr'><strong>etiam</strong></span> <span class='ocrx_word' id='word_1_136' title='bbox 980 1903 1393 1987; x_wconf 77' lang='lat' dir='ltr'><strong>improbitatis</strong></span> <span class='ocrx_word' id='word_1_137' title='bbox 1436 1903 1945 1990; x_wconf 71' lang='lat' dir='ltr'><strong>proqrediuntur,</strong></span> <span class='ocrx_word' id='word_1_138' title='bbox 1983 1916 2047 1971; x_wconf 85' lang='lat' dir='ltr'><strong>ut</strong></span> <span class='ocrx_word' id='word_1_139' title='bbox 2098 1923 2233 1971; x_wconf 87' lang='lat' dir='ltr'><strong>eam</strong></span> <span class='ocrx_word' id='word_1_140' title='bbox 2267 1901 2608 1991; x_wconf 75' lang='lat' dir='ltr'><strong>praedicent</strong></span> <span class='ocrx_word' id='word_1_141' title='bbox 2637 1922 2680 1969; x_wconf 91' lang='lat' dir='ltr'><strong>a</strong></span> <span class='ocrx_word' id='word_1_142' title='bbox 2725 1899 2877 1967; x_wconf 85' lang='lat' dir='ltr'><strong>recti</strong></span> <span class='ocrx_word' id='word_1_143' title='bbox 2910 1898 3077 1987; x_wconf 73' lang='lat' dir='ltr'><strong>J&#39;uris</strong></span> 
     </span>
     <span class='ocr_line' id='line_1_17' title="bbox 474 2008 3081 2099; baseline -0.002 -22"><span class='ocrx_word' id='word_1_144' title='bbox 474 2011 812 2099; x_wconf 76' lang='lat' dir='ltr'><strong>principiis</strong></span> <span class='ocrx_word' id='word_1_145' title='bbox 856 2010 1193 2076; x_wconf 80' lang='lat' dir='ltr'><strong>abhorrere</strong></span> <span class='ocrx_word' id='word_1_146' title='bbox 1216 2063 1232 2092; x_wconf 93' lang='lat'><strong>,</strong></span> <span class='ocrx_word' id='word_1_147' title='bbox 1272 2010 1498 2096; x_wconf 82' lang='lat' dir='ltr'><strong>jusque</strong></span> <span class='ocrx_word' id='word_1_148' title='bbox 1544 2012 1718 2077; x_wconf 85' lang='lat' dir='ltr'><strong>illius</strong></span> <span class='ocrx_word' id='word_1_149' title='bbox 1768 2011 2165 2079; x_wconf 72' lang='lat' dir='ltr'><strong>decernendce</strong></span> <span class='ocrx_word' id='word_1_150' title='bbox 2210 2009 2620 2095; x_wconf 71' lang='lat' dir='ltr'><strong>habendaque</strong></span> <span class='ocrx_word' id='word_1_151' title='bbox 2649 2008 2921 2074; x_wconf 83' lang='lat' dir='ltr'><strong>audeant</strong></span> <span class='ocrx_word' id='word_1_152' title='bbox 2971 2008 3081 2075; x_wconf 80' lang='lat' dir='ltr'><strong>Ec-</strong></span> 
     </span>
     <span class='ocr_line' id='line_1_18' title="bbox 480 2106 2025 2203; baseline -0.001 -18"><span class='ocrx_word' id='word_1_153' title='bbox 480 2119 684 2185; x_wconf 81' lang='lat' dir='ltr'><strong>clesioe</strong></span> <span class='ocrx_word' id='word_1_154' title='bbox 730 2118 1032 2203; x_wconf 69' lang='lat' dir='ltr'><strong>denegare</strong></span> <span class='ocrx_word' id='word_1_155' title='bbox 1081 2119 1223 2200; x_wconf 90' lang='lat' dir='ltr'><strong>(N).</strong></span> <span class='ocrx_word' id='word_1_156' title='bbox 1940 2106 1945 2115; x_wconf 76' lang='grc'>’</span> <span class='ocrx_word' id='word_1_157' title='bbox 2018 2132 2025 2139; x_wconf 89' lang='grc'><em>·</em></span> 
     </span>
    </p>

    <p class='ocr_par' dir='ltr' id='par_1_4' title="bbox 459 2202 3077 3591">
     <span class='ocr_line' id='line_1_19' title="bbox 662 2202 3076 2321; baseline -0.002 -29"><span class='ocrx_word' id='word_1_158' title='bbox 662 2229 721 2293; x_wconf 78' lang='lat'><strong>4.</strong></span> <span class='ocrx_word' id='word_1_159' title='bbox 769 2227 919 2310; x_wconf 87' lang='lat' dir='ltr'><strong>Ipsa</strong></span> <span class='ocrx_word' id='word_1_160' title='bbox 964 2225 1207 2290; x_wconf 86' lang='lat' dir='ltr'><strong>ratione</strong></span> <span class='ocrx_word' id='word_1_161' title='bbox 1253 2224 1575 2321; x_wconf 66' lang='lat' dir='ltr'><strong>natura-li:</strong></span> <span class='ocrx_word' id='word_1_162' title='bbox 1624 2231 1878 2292; x_wconf 59' lang='lat' dir='ltr'><strong>naturai</strong></span> <span class='ocrx_word' id='word_1_163' title='bbox 1928 2242 2054 2293; x_wconf 83' lang='lat' dir='ltr'><strong>vox</strong></span> <span class='ocrx_word' id='word_1_164' title='bbox 2094 2230 2221 2307; x_wconf 89' lang='lat' dir='ltr'><strong>est,</strong></span> <span class='ocrx_word' id='word_1_165' title='bbox 2272 2202 2477 2292; x_wconf 73' lang='lat' dir='ltr'><strong>libros</strong></span> <span class='ocrx_word' id='word_1_166' title='bbox 2513 2222 2625 2309; x_wconf 91' lang='lat' dir='ltr'><strong>qui</strong></span> <span class='ocrx_word' id='word_1_167' title='bbox 2658 2219 2977 2305; x_wconf 89' lang='lat' dir='ltr'><strong>Religioni</strong></span> <span class='ocrx_word' id='word_1_168' title='bbox 3012 2225 3076 2286; x_wconf 91' lang='lat' dir='ltr'><strong>et</strong></span> 
     </span>
     <span class='ocr_line' id='line_1_20' title="bbox 484 2325 3076 2419; baseline -0.002 -18"><span class='ocrx_word' id='word_1_169' title='bbox 484 2334 784 2401; x_wconf 91' lang='lat' dir='ltr'><strong>moribus</strong></span> <span class='ocrx_word' id='word_1_170' title='bbox 836 2331 1152 2414; x_wconf 84' lang='lat' dir='ltr'><strong>officiunt,</strong></span> <span class='ocrx_word' id='word_1_171' title='bbox 1214 2330 1639 2416; x_wconf 85' lang='lat' dir='ltr'><strong>extirpandos</strong></span> <span class='ocrx_word' id='word_1_172' title='bbox 1676 2349 1860 2419; x_wconf 72' lang='lat' dir='ltr'><strong>esse.</strong></span> <span class='ocrx_word' id='word_1_173' title='bbox 1912 2331 2075 2413; x_wconf 87' lang='lat' dir='ltr'><strong>Quia</strong></span> <span class='ocrx_word' id='word_1_174' title='bbox 2129 2331 2462 2400; x_wconf 92' lang='lat' dir='ltr'><strong>neminem</strong></span> <span class='ocrx_word' id='word_1_175' title='bbox 2514 2329 2670 2398; x_wconf 90' lang='lat' dir='ltr'><strong>latet</strong></span> <span class='ocrx_word' id='word_1_176' title='bbox 2717 2336 2882 2415; x_wconf 89' lang='lat' dir='ltr'><strong>quot</strong></span> <span class='ocrx_word' id='word_1_177' title='bbox 2928 2325 3076 2395; x_wconf 88' lang='lat' dir='ltr'><strong>inde</strong></span> 
     </span>
     <span class='ocr_line' id='line_1_21' title="bbox 484 2433 3073 2528; baseline -0.002 -20"><span class='ocrx_word' id='word_1_178' title='bbox 484 2440 692 2508; x_wconf 80' lang='lat' dir='ltr'><strong>malai</strong></span> <span class='ocrx_word' id='word_1_179' title='bbox 743 2451 1154 2528; x_wconf 83' lang='lat' dir='ltr'><strong>corrumpunt</strong></span> <span class='ocrx_word' id='word_1_180' title='bbox 1201 2440 1385 2506; x_wconf 88' lang='lat' dir='ltr'><strong>bonos</strong></span> <span class='ocrx_word' id='word_1_181' title='bbox 1429 2459 1632 2506; x_wconf 87' lang='lat' dir='ltr'><strong>mores</strong></span> <span class='ocrx_word' id='word_1_182' title='bbox 1701 2440 2009 2524; x_wconf 84' lang='lat' dir='ltr'><strong>colloquia</strong></span> <span class='ocrx_word' id='word_1_183' title='bbox 2047 2459 2272 2528; x_wconf 85' lang='lat' dir='ltr'><strong>prava,</strong></span> <span class='ocrx_word' id='word_1_184' title='bbox 2325 2438 2537 2524; x_wconf 89' lang='lat' dir='ltr'><strong>inquit</strong></span> <span class='ocrx_word' id='word_1_185' title='bbox 2584 2435 2956 2523; x_wconf 86' lang='lat' dir='ltr'><strong>Apostolus</strong></span> <span class='ocrx_word' id='word_1_186' title='bbox 3008 2433 3073 2515; x_wconf 82' lang='lat'><strong>¹3</strong></span> 
     </span>
     <span class='ocr_line' id='line_1_22' title="bbox 481 2543 3076 2634; baseline -0.002 -18"><span class='ocrx_word' id='word_1_187' title='bbox 481 2557 550 2616; x_wconf 88' lang='lat' dir='ltr'><strong>at</strong></span> <span class='ocrx_word' id='word_1_188' title='bbox 600 2549 952 2634; x_wconf 82' lang='lat' dir='ltr'><strong>colloquiis</strong></span> <span class='ocrx_word' id='word_1_189' title='bbox 995 2546 1207 2633; x_wconf 87' lang='lat' dir='ltr'><strong>pravis</strong></span> <span class='ocrx_word' id='word_1_190' title='bbox 1260 2546 1434 2633; x_wconf 90' lang='lat' dir='ltr'><strong>pravi</strong></span> <span class='ocrx_word' id='word_1_191' title='bbox 1487 2547 1631 2615; x_wconf 89' lang='lat' dir='ltr'><strong>libri</strong></span> <span class='ocrx_word' id='word_1_192' title='bbox 1688 2549 2002 2617; x_wconf 87' lang='lat' dir='ltr'><strong>noxiores</strong></span> <span class='ocrx_word' id='word_1_193' title='bbox 2051 2554 2248 2631; x_wconf 91' lang='lat' dir='ltr'><strong>sunt,</strong></span> <span class='ocrx_word' id='word_1_194' title='bbox 2311 2546 2557 2632; x_wconf 87' lang='lat' dir='ltr'><strong>quippe</strong></span> <span class='ocrx_word' id='word_1_195' title='bbox 2603 2545 2714 2632; x_wconf 80' lang='lat' dir='ltr'><strong>qui</strong></span> <span class='ocrx_word' id='word_1_196' title='bbox 2761 2543 2882 2630; x_wconf 91' lang='lat' dir='ltr'><strong>(ait</strong></span> <span class='ocrx_word' id='word_1_197' title='bbox 2937 2543 3076 2611; x_wconf 89' lang='lat' dir='ltr'><strong>Cle·</strong></span> 
     </span>
     <span class='ocr_line' id='line_1_23' title="bbox 484 2638 3077 2743; baseline -0.003 -18"><span class='ocrx_word' id='word_1_198' title='bbox 484 2675 670 2726; x_wconf 90' lang='lat' dir='ltr'><strong>mens</strong></span> <span class='ocrx_word' id='word_1_199' title='bbox 718 2658 864 2724; x_wconf 88' lang='lat' dir='ltr'><strong>Xlll</strong></span> <span class='ocrx_word' id='word_1_200' title='bbox 927 2653 1418 2722; x_wconf 88' lang='lat' dir='ltr'><strong>Constitutione</strong></span> <span class='ocrx_word' id='word_1_201' title='bbox 1470 2655 1845 2723; x_wconf 65' lang='lat' dir='ltr'><strong>Christiana»</strong></span> <span class='ocrx_word' id='word_1_202' title='bbox 1910 2656 2300 2743; x_wconf 60' lang='lat' dir='ltr'><strong>Respublica,</strong></span> <span class='ocrx_word' id='word_1_203' title='bbox 2352 2673 2524 2723; x_wconf 91' lang='lat' dir='ltr'><strong>anno</strong></span> <span class='ocrx_word' id='word_1_204' title='bbox 2578 2638 2781 2738; x_wconf 78' lang='lat'>1766)</span> <span class='ocrx_word' id='word_1_205' title='bbox 2825 2661 3077 2718; x_wconf 83' lang='lat' dir='ltr'><strong>manent</strong></span> 
     </span>
     <span class='ocr_line' id='line_1_24' title="bbox 472 2760 3075 2852; baseline -0.002 -22"><span class='ocrx_word' id='word_1_206' title='bbox 472 2776 788 2852; x_wconf 83' lang='lat' dir='ltr'><strong>perpetuo,</strong></span> <span class='ocrx_word' id='word_1_207' title='bbox 821 2776 872 2829; x_wconf 89' lang='lat' dir='ltr'><strong>et</strong></span> <span class='ocrx_word' id='word_1_208' title='bbox 910 2781 1148 2848; x_wconf 79' lang='lat' dir='ltr'><strong>semper</strong></span> <span class='ocrx_word' id='word_1_209' title='bbox 1183 2761 1503 2828; x_wconf 81' lang='lat' dir='ltr'><strong>nobiseum</strong></span> <span class='ocrx_word' id='word_1_210' title='bbox 1546 2762 1793 2845; x_wconf 81' lang='lat' dir='ltr'><strong>adsunt,</strong></span> <span class='ocrx_word' id='word_1_211' title='bbox 1840 2763 2158 2830; x_wconf 85' lang='lat' dir='ltr'><strong>nobiscum</strong></span> <span class='ocrx_word' id='word_1_212' title='bbox 2198 2762 2705 2849; x_wconf 62' lang='lat' dir='ltr'><strong>peregrinantur,</strong></span> <span class='ocrx_word' id='word_1_213' title='bbox 2755 2760 3075 2827; x_wconf 84' lang='lat' dir='ltr'><strong>nobiscum</strong></span> 
     </span>
     <span class='ocr_line' id='line_1_25' title="bbox 479 2862 3073 2956; baseline -0.003 -18"><span class='ocrx_word' id='word_1_214' title='bbox 479 2871 650 2938; x_wconf 81' lang='lat' dir='ltr'><strong>domi</strong></span> <span class='ocrx_word' id='word_1_215' title='bbox 693 2862 917 2949; x_wconf 78' lang='lat' dir='ltr'><strong>sedent,</strong></span> <span class='ocrx_word' id='word_1_216' title='bbox 964 2880 1021 2935; x_wconf 90' lang='lat' dir='ltr'><strong>et</strong></span> <span class='ocrx_word' id='word_1_217' title='bbox 1081 2888 1294 2936; x_wconf 86' lang='lat' dir='ltr'><strong>eorum</strong></span> <span class='ocrx_word' id='word_1_218' title='bbox 1337 2880 1664 2956; x_wconf 80' lang='lat' dir='ltr'><strong>penetrant</strong></span> <span class='ocrx_word' id='word_1_219' title='bbox 1710 2870 1992 2937; x_wconf 86' lang='lat' dir='ltr'><strong>cubicula</strong></span> <span class='ocrx_word' id='word_1_220' title='bbox 2023 2923 2040 2952; x_wconf 92' lang='lat'><strong>,</strong></span> <span class='ocrx_word' id='word_1_221' title='bbox 2085 2868 2172 2937; x_wconf 87' lang='lat' dir='ltr'><strong>ad</strong></span> <span class='ocrx_word' id='word_1_222' title='bbox 2213 2889 2351 2956; x_wconf 82' lang='lat' dir='ltr'><strong>quoe</strong></span> <span class='ocrx_word' id='word_1_223' title='bbox 2415 2868 2695 2955; x_wconf 87' lang='lat' dir='ltr'><strong>improbo</strong></span> <span class='ocrx_word' id='word_1_224' title='bbox 2741 2879 2796 2933; x_wconf 85' lang='lat' dir='ltr'><strong>et</strong></span> <span class='ocrx_word' id='word_1_225' title='bbox 2843 2865 3073 2933; x_wconf 81' lang='lat' dir='ltr'><strong>occulto</strong></span> 
     </span>
     <span class='ocr_line' id='line_1_26' title="bbox 479 2972 3076 3063; baseline -0.002 -20"><span class='ocrx_word' id='word_1_226' title='bbox 479 2975 723 3043; x_wconf 81' lang='lat' dir='ltr'><strong>auctori</strong></span> <span class='ocrx_word' id='word_1_227' title='bbox 768 2975 975 3042; x_wconf 85' lang='lat' dir='ltr'><strong>aditus</strong></span> <span class='ocrx_word' id='word_1_228' title='bbox 1041 2996 1168 3041; x_wconf 87' lang='lat' dir='ltr'><strong>non</strong></span> <span class='ocrx_word' id='word_1_229' title='bbox 1209 2986 1467 3063; x_wconf 80' lang='lat' dir='ltr'><strong>pateret.</strong></span> <span class='ocrx_word' id='word_1_230' title='bbox 1515 2974 1739 3044; x_wconf 90' lang='lat' dir='ltr'><strong>Adde:</strong></span> <span class='ocrx_word' id='word_1_231' title='bbox 1805 2977 1861 3044; x_wconf 89' lang='lat' dir='ltr'><strong>si</strong></span> <span class='ocrx_word' id='word_1_232' title='bbox 1935 2977 2079 3044; x_wconf 85' lang='lat' dir='ltr'><strong>baec</strong></span> <span class='ocrx_word' id='word_1_233' title='bbox 2127 2975 2400 3043; x_wconf 82' lang='lat' dir='ltr'><strong>facultas</strong></span> <span class='ocrx_word' id='word_1_234' title='bbox 2466 2993 2667 3060; x_wconf 86' lang='lat' dir='ltr'><strong>penes</strong></span> <span class='ocrx_word' id='word_1_235' title='bbox 2716 2972 3076 3042; x_wconf 82' lang='lat' dir='ltr'><strong>Ecclesiam</strong></span> 
     </span>
     <span class='ocr_line' id='line_1_27' title="bbox 483 3078 3070 3166; baseline -0.002 -15"><span class='ocrx_word' id='word_1_236' title='bbox 483 3102 615 3151; x_wconf 91' lang='lat' dir='ltr'><strong>non</strong></span> <span class='ocrx_word' id='word_1_237' title='bbox 666 3088 862 3161; x_wconf 89' lang='lat' dir='ltr'><strong>esset,</strong></span> <span class='ocrx_word' id='word_1_238' title='bbox 916 3089 979 3147; x_wconf 91' lang='lat' dir='ltr'><strong>et</strong></span> <span class='ocrx_word' id='word_1_239' title='bbox 1028 3080 1255 3149; x_wconf 87' lang='lat' dir='ltr'><strong>fideles</strong></span> <span class='ocrx_word' id='word_1_240' title='bbox 1308 3080 1369 3148; x_wconf 89' lang='lat' dir='ltr'><strong>in</strong></span> <span class='ocrx_word' id='word_1_241' title='bbox 1422 3080 1547 3148; x_wconf 89' lang='lat' dir='ltr'><strong>boc</strong></span> <span class='ocrx_word' id='word_1_242' title='bbox 1598 3101 1828 3166; x_wconf 85' lang='lat' dir='ltr'><strong>parere</strong></span> <span class='ocrx_word' id='word_1_243' title='bbox 1863 3082 2076 3151; x_wconf 89' lang='lat' dir='ltr'><strong>eidem</strong></span> <span class='ocrx_word' id='word_1_244' title='bbox 2126 3101 2257 3149; x_wconf 90' lang='lat' dir='ltr'><strong>non</strong></span> <span class='ocrx_word' id='word_1_245' title='bbox 2308 3087 2711 3163; x_wconf 87' lang='lat' dir='ltr'><strong>tenerentur,</strong></span> <span class='ocrx_word' id='word_1_246' title='bbox 2751 3098 2878 3147; x_wconf 89' lang='lat' dir='ltr'><strong>nec</strong></span> <span class='ocrx_word' id='word_1_247' title='bbox 2913 3078 3070 3147; x_wconf 87' lang='lat' dir='ltr'><strong>fides</strong></span> 
     </span>
     <span class='ocr_line' id='line_1_28' title="bbox 459 3188 3071 3274; baseline -0.003 -16"><span class='ocrx_word' id='word_1_248' title='bbox 459 3191 688 3258; x_wconf 87' lang='lat' dir='ltr'><strong>-illaesa</strong></span> <span class='ocrx_word' id='word_1_249' title='bbox 737 3188 978 3257; x_wconf 87' lang='lat' dir='ltr'><strong>servari</strong></span> <span class='ocrx_word' id='word_1_250' title='bbox 1032 3196 1277 3274; x_wconf 87' lang='lat' dir='ltr'><strong>posset,</strong></span> <span class='ocrx_word' id='word_1_251' title='bbox 1330 3207 1450 3257; x_wconf 89' lang='lat' dir='ltr'><strong>nec</strong></span> <span class='ocrx_word' id='word_1_252' title='bbox 1500 3189 1803 3258; x_wconf 87' lang='lat' dir='ltr'><strong>Christus</strong></span> <span class='ocrx_word' id='word_1_253' title='bbox 1852 3190 2012 3259; x_wconf 90' lang='lat' dir='ltr'><strong>satis</strong></span> <span class='ocrx_word' id='word_1_254' title='bbox 2060 3190 2376 3259; x_wconf 65' lang='lat' dir='ltr'><strong>Ecclesiae</strong></span> <span class='ocrx_word' id='word_1_255' title='bbox 2428 3207 2567 3257; x_wconf 75' lang='lat' dir='ltr'><strong>suta</strong></span> <span class='ocrx_word' id='word_1_256' title='bbox 2634 3188 3071 3274; x_wconf 86' lang='lat' dir='ltr'><strong>providisset:</strong></span> 
     </span>
     <span class='ocr_line' id='line_1_29' title="bbox 481 3288 3076 3385; baseline -0.002 -21"><span class='ocrx_word' id='word_1_257' title='bbox 481 3301 751 3364; x_wconf 83' lang='lat' dir='ltr'><strong>Frustra</strong></span> <span class='ocrx_word' id='word_1_258' title='bbox 795 3296 1072 3363; x_wconf 77' lang='lat' dir='ltr'><strong>Ecclesia</strong></span> <span class='ocrx_word' id='word_1_259' title='bbox 1120 3296 1429 3362; x_wconf 86' lang='lat' dir='ltr'><strong>laboraret</strong></span> <span class='ocrx_word' id='word_1_260' title='bbox 1492 3297 1559 3362; x_wconf 87' lang='lat' dir='ltr'><strong>in</strong></span> <span class='ocrx_word' id='word_1_261' title='bbox 1598 3288 1930 3365; x_wconf 66' lang='lat' dir='ltr'><strong>haeresibus</strong></span> <span class='ocrx_word' id='word_1_262' title='bbox 1994 3297 2389 3385; x_wconf 77' lang='lat' dir='ltr'><strong>extirpandis</strong></span> <span class='ocrx_word' id='word_1_263' title='bbox 2452 3297 2743 3381; x_wconf 84' lang='lat' dir='ltr'><strong>bonisque</strong></span> <span class='ocrx_word' id='word_1_264' title='bbox 2804 3295 3076 3362; x_wconf 84' lang='lat' dir='ltr'><strong>moribus</strong></span> 
     </span>
     <span class='ocr_line' id='line_1_30' title="bbox 477 3402 3075 3490; baseline -0.001 -19"><span class='ocrx_word' id='word_1_265' title='bbox 477 3402 775 3489; x_wconf 79' lang='lat' dir='ltr'><strong>fovendis,</strong></span> <span class='ocrx_word' id='word_1_266' title='bbox 824 3403 951 3469; x_wconf 88' lang='lat' dir='ltr'><strong>nisi</strong></span> <span class='ocrx_word' id='word_1_267' title='bbox 996 3403 1156 3469; x_wconf 84' lang='lat' dir='ltr'><strong>unde</strong></span> <span class='ocrx_word' id='word_1_268' title='bbox 1201 3415 1389 3469; x_wconf 86' lang='lat' dir='ltr'><strong>scatet</strong></span> <span class='ocrx_word' id='word_1_269' title='bbox 1437 3414 1726 3471; x_wconf 84' lang='lat' dir='ltr'><strong>errorum</strong></span> <span class='ocrx_word' id='word_1_270' title='bbox 1771 3426 1847 3471; x_wconf 88' lang='lat' dir='ltr'><strong>ac</strong></span> <span class='ocrx_word' id='word_1_271' title='bbox 1892 3406 2188 3472; x_wconf 87' lang='lat' dir='ltr'><strong>vitiorum</strong></span> <span class='ocrx_word' id='word_1_272' title='bbox 2234 3404 2543 3487; x_wconf 82' lang='lat' dir='ltr'><strong>colluvies,</strong></span> <span class='ocrx_word' id='word_1_273' title='bbox 2619 3405 2763 3490; x_wconf 80' lang='lat' dir='ltr'><strong>fons</strong></span> <span class='ocrx_word' id='word_1_274' title='bbox 2826 3403 3075 3490; x_wconf 82' lang='lat' dir='ltr'><strong>penitus</strong></span> 
     </span>
     <span class='ocr_line' id='line_1_31' title="bbox 479 3508 2392 3591; baseline 0.002 -15"><span class='ocrx_word' id='word_1_275' title='bbox 479 3510 915 3591; x_wconf 85' lang='lat' dir='ltr'><strong>obstrueretur,</strong></span> <span class='ocrx_word' id='word_1_276' title='bbox 966 3514 1037 3576; x_wconf 90' lang='lat' dir='ltr'><strong>ut</strong></span> <span class='ocrx_word' id='word_1_277' title='bbox 1086 3508 1256 3577; x_wconf 89' lang='lat' dir='ltr'><strong>bene</strong></span> <span class='ocrx_word' id='word_1_278' title='bbox 1304 3509 1394 3576; x_wconf 89' lang='lat' dir='ltr'><strong>ait</strong></span> <span class='ocrx_word' id='word_1_279' title='bbox 1443 3510 1768 3578; x_wconf 89' lang='lat' dir='ltr'><strong>Baronius</strong></span> <span class='ocrx_word' id='word_1_280' title='bbox 1819 3510 1899 3578; x_wconf 89' lang='lat' dir='ltr'><strong>ad</strong></span> <span class='ocrx_word' id='word_1_281' title='bbox 1947 3528 2193 3579; x_wconf 87' lang='lat' dir='ltr'><strong>annum</strong></span> <span class='ocrx_word' id='word_1_282' title='bbox 2244 3514 2392 3579; x_wconf 71' lang='lat'><strong>447.</strong></span> 
     </span>
    </p>

    <p class='ocr_par' dir='ltr' id='par_1_5' title="bbox 479 3614 3075 4344">
     <span class='ocr_line' id='line_1_32' title="bbox 572 3614 3075 3704; baseline -0.001 -20"><span class='ocrx_word' id='word_1_283' title='bbox 572 3617 700 3703; x_wconf 87' lang='lat' dir='ltr'><strong>Ipsi</strong></span> <span class='ocrx_word' id='word_1_284' title='bbox 754 3617 1030 3701; x_wconf 90' lang='lat' dir='ltr'><strong>gentiles</strong></span> <span class='ocrx_word' id='word_1_285' title='bbox 1081 3617 1310 3703; x_wconf 92' lang='lat' dir='ltr'><strong>putida</strong></span> <span class='ocrx_word' id='word_1_286' title='bbox 1359 3618 1686 3704; x_wconf 90' lang='lat' dir='ltr'><strong>ejusmodi</strong></span> <span class='ocrx_word' id='word_1_287' title='bbox 1737 3619 1982 3704; x_wconf 87' lang='lat' dir='ltr'><strong>scripta</strong></span> <span class='ocrx_word' id='word_1_288' title='bbox 2033 3620 2552 3687; x_wconf 84' lang='lat' dir='ltr'><strong>execrabantur:</strong></span> <span class='ocrx_word' id='word_1_289' title='bbox 2626 3616 2811 3685; x_wconf 91' lang='lat' dir='ltr'><strong>Plato</strong></span> <span class='ocrx_word' id='word_1_290' title='bbox 2862 3614 3075 3701; x_wconf 88' lang='lat' dir='ltr'><strong>ajebat</strong></span> 
     </span>
     <span class='ocr_line' id='line_1_33' title="bbox 484 3722 3073 3809; baseline -0.001 -18"><span class='ocrx_word' id='word_1_291' title='bbox 484 3725 692 3793; x_wconf 88' lang='lat' dir='ltr'><strong>libros</strong></span> <span class='ocrx_word' id='word_1_292' title='bbox 767 3722 1138 3809; x_wconf 88' lang='lat' dir='ltr'><strong>impudicos</strong></span> <span class='ocrx_word' id='word_1_293' title='bbox 1188 3725 1459 3793; x_wconf 88' lang='lat' dir='ltr'><strong>omuino</strong></span> <span class='ocrx_word' id='word_1_294' title='bbox 1510 3741 1544 3792; x_wconf 87' lang='lat' dir='ltr'><strong>a</strong></span> <span class='ocrx_word' id='word_1_295' title='bbox 1589 3725 1967 3795; x_wconf 86' lang='lat' dir='ltr'><strong>civitatibus</strong></span> <span class='ocrx_word' id='word_1_296' title='bbox 2018 3725 2475 3794; x_wconf 88' lang='lat' dir='ltr'><strong>eliminandos.</strong></span> <span class='ocrx_word' id='word_1_297' title='bbox 2528 3722 2836 3809; x_wconf 82' lang='lat' dir='ltr'><strong>Virgilius</strong></span> <span class='ocrx_word' id='word_1_298' title='bbox 2907 3739 3073 3806; x_wconf 86' lang='lat' dir='ltr'><strong>opus</strong></span> 
     </span>
     <span class='ocr_line' id='line_1_34' title="bbox 479 3828 3071 3918; baseline -0.002 -20"><span class='ocrx_word' id='word_1_299' title='bbox 479 3848 675 3909; x_wconf 84' lang='lat' dir='ltr'><strong>suum</strong></span> <span class='ocrx_word' id='word_1_300' title='bbox 742 3836 1016 3915; x_wconf 89' lang='lat' dir='ltr'><strong>propter</strong></span> <span class='ocrx_word' id='word_1_301' title='bbox 1065 3829 1414 3898; x_wconf 88' lang='lat' dir='ltr'><strong>confictam</strong></span> <span class='ocrx_word' id='word_1_302' title='bbox 1487 3830 1763 3899; x_wconf 88' lang='lat' dir='ltr'><strong>Didonis</strong></span> <span class='ocrx_word' id='word_1_303' title='bbox 1832 3831 2350 3918; x_wconf 88' lang='lat' dir='ltr'><strong>impudicitiam,</strong></span> <span class='ocrx_word' id='word_1_304' title='bbox 2424 3831 2619 3899; x_wconf 90' lang='lat' dir='ltr'><strong>morti</strong></span> <span class='ocrx_word' id='word_1_305' title='bbox 2688 3828 3071 3915; x_wconf 75' lang='lat' dir='ltr'><strong>proximuS,</strong></span> 
     </span>
     <span class='ocr_line' id='line_1_35' title="bbox 484 3924 3071 4026; baseline -0.001 -22"><span class='ocrx_word' id='word_1_306' title='bbox 484 3924 799 4024; x_wconf 78' lang='lat' dir='ltr'><strong>praecepit</strong></span> <span class='ocrx_word' id='word_1_307' title='bbox 848 3945 920 4004; x_wconf 91' lang='lat' dir='ltr'><strong>ut</strong></span> <span class='ocrx_word' id='word_1_308' title='bbox 987 3937 1115 4023; x_wconf 89' lang='lat' dir='ltr'><strong>igni</strong></span> <span class='ocrx_word' id='word_1_309' title='bbox 1169 3938 1584 4006; x_wconf 84' lang='lat' dir='ltr'><strong>traderetur.&#39;</strong></span> <span class='ocrx_word' id='word_1_310' title='bbox 1627 3938 1880 4007; x_wconf 88' lang='lat' dir='ltr'><strong>Tullius</strong></span> <span class='ocrx_word' id='word_1_311' title='bbox 1947 3940 2008 4007; x_wconf 90' lang='lat' dir='ltr'><strong>in</strong></span> <span class='ocrx_word' id='word_1_312' title='bbox 2078 3947 2307 4026; x_wconf 88' lang='lat' dir='ltr'><strong>poetas</strong></span> <span class='ocrx_word' id='word_1_313' title='bbox 2369 3939 2464 4007; x_wconf 89' lang='lat' dir='ltr'><strong>ira</strong></span> <span class='ocrx_word' id='word_1_314' title='bbox 2528 3936 2897 4007; x_wconf 79' lang='lat' dir='ltr'><strong>exardescit</strong></span> <span class='ocrx_word' id='word_1_315' title='bbox 2960 3933 3071 4021; x_wconf 90' lang='lat' dir='ltr'><strong>qui</strong></span> 
     </span>
     <span class='ocr_line' id='line_1_36' title="bbox 483 4043 3073 4130; baseline -0.002 -18"><span class='ocrx_word' id='word_1_316' title='bbox 483 4044 794 4112; x_wconf 90' lang='lat' dir='ltr'><strong>mollibus</strong></span> <span class='ocrx_word' id='word_1_317' title='bbox 838 4044 1136 4112; x_wconf 89' lang='lat' dir='ltr'><strong>versibus</strong></span> <span class='ocrx_word' id='word_1_318' title='bbox 1185 4064 1405 4111; x_wconf 84' lang='lat' dir='ltr'><strong>nervos</strong></span> <span class='ocrx_word' id='word_1_319' title='bbox 1447 4044 1699 4111; x_wconf 85' lang='lat' dir='ltr'><strong>virtutis</strong></span> <span class='ocrx_word' id='word_1_320' title='bbox 1745 4045 1981 4113; x_wconf 84' lang='lat' dir='ltr'><strong>elidunt</strong></span> <span class='ocrx_word' id='word_1_321' title='bbox 2014 4051 2064 4112; x_wconf 83' lang='lat'><strong>¹.</strong></span> <span class='ocrx_word' id='word_1_322' title='bbox 2116 4050 2196 4114; x_wconf 89' lang='lat' dir='ltr'><strong>Et</strong></span> <span class='ocrx_word' id='word_1_323' title='bbox 2245 4044 2588 4113; x_wconf 88' lang='lat' dir='ltr'><strong>multoties</strong></span> <span class='ocrx_word' id='word_1_324' title='bbox 2623 4043 2796 4130; x_wconf 84' lang='lat' dir='ltr'><strong>apud</strong></span> <span class='ocrx_word' id='word_1_325' title='bbox 2842 4046 3073 4112; x_wconf 88' lang='lat' dir='ltr'><strong>Roma-</strong></span> 
     </span>
     <span class='ocr_line' id='line_1_37' title="bbox 482 4148 3074 4238; baseline -0 -20"><span class='ocrx_word' id='word_1_326' title='bbox 482 4169 645 4231; x_wconf 77' lang='lat' dir='ltr'><strong>noS‚</strong></span> <span class='ocrx_word' id='word_1_327' title='bbox 696 4157 770 4219; x_wconf 93' lang='lat' dir='ltr'><strong>ut</strong></span> <span class='ocrx_word' id='word_1_328' title='bbox 818 4148 1039 4219; x_wconf 88' lang='lat' dir='ltr'><strong>Livius</strong></span> <span class='ocrx_word' id='word_1_329' title='bbox 1087 4151 1336 4233; x_wconf 79' lang='lat' dir='ltr'><strong>refert,</strong></span> <span class='ocrx_word' id='word_1_330' title='bbox 1387 4152 1730 4236; x_wconf 88' lang='lat' dir='ltr'><strong>negotium</strong></span> <span class='ocrx_word' id='word_1_331' title='bbox 1791 4151 1920 4222; x_wconf 88' lang='lat' dir='ltr'><strong>boc</strong></span> <span class='ocrx_word' id='word_1_332' title='bbox 1979 4153 2473 4238; x_wconf 87' lang='lat' dir='ltr'><strong>magistratibus</strong></span> <span class='ocrx_word' id='word_1_333' title='bbox 2537 4152 2760 4220; x_wconf 89' lang='lat' dir='ltr'><strong>datum</strong></span> <span class='ocrx_word' id='word_1_334' title='bbox 2809 4158 2954 4234; x_wconf 88' lang='lat' dir='ltr'><strong>est,</strong></span> <span class='ocrx_word' id='word_1_335' title='bbox 3003 4155 3074 4218; x_wconf 85' lang='lat' dir='ltr'><strong>ut</strong></span> 
     </span>
     <span class='ocr_line' id='line_1_38' title="bbox 483 4258 2719 4344; baseline 0.001 -20"><span class='ocrx_word' id='word_1_336' title='bbox 483 4258 687 4326; x_wconf 90' lang='lat' dir='ltr'><strong>libros</strong></span> <span class='ocrx_word' id='word_1_337' title='bbox 739 4259 1075 4341; x_wconf 89' lang='lat' dir='ltr'><strong>vaticinos,</strong></span> <span class='ocrx_word' id='word_1_338' title='bbox 1128 4265 1193 4326; x_wconf 90' lang='lat' dir='ltr'><strong>et</strong></span> <span class='ocrx_word' id='word_1_339' title='bbox 1240 4258 1448 4327; x_wconf 90' lang='lat' dir='ltr'><strong>malos</strong></span> <span class='ocrx_word' id='word_1_340' title='bbox 1498 4261 1972 4344; x_wconf 86' lang='lat' dir='ltr'><strong>conquirerent</strong></span> <span class='ocrx_word' id='word_1_341' title='bbox 2021 4280 2098 4330; x_wconf 86' lang='lat' dir='ltr'><strong>ac</strong></span> <span class='ocrx_word' id='word_1_342' title='bbox 2154 4262 2622 4330; x_wconf 85' lang='lat' dir='ltr'><strong>comburerent</strong></span> <span class='ocrx_word' id='word_1_343' title='bbox 2671 4260 2719 4327; x_wconf 83' lang='lat'><strong>³.</strong></span> 
     </span>
    </p>
   </div>
   <div class='ocr_carea' id='block_1_3' title="bbox 476 4444 3117 4772">
    <p class='ocr_par' dir='ltr' id='par_1_6' title="bbox 547 4444 2821 4529">
     <span class='ocr_line' id='line_1_39' title="bbox 547 4444 2821 4529; baseline 0.004 -21"><span class='ocrx_word' id='word_1_344' title='bbox 547 4457 563 4496; x_wconf 86' lang='lat'><strong>¹</strong></span> <span class='ocrx_word' id='word_1_345' title='bbox 603 4459 911 4529; x_wconf 40' lang='lat' dir='ltr'><strong>t,·Corintb.</strong></span> <span class='ocrx_word' id='word_1_346' title='bbox 945 4473 1036 4511; x_wconf 79' lang='lat' dir='ltr'><strong>xv.</strong></span> <span class='ocrx_word' id='word_1_347' title='bbox 1965 4464 1990 4503; x_wconf 61' lang='grc' dir='ltr'>ἱ</span> <span class='ocrx_word' id='word_1_348' title='bbox 2032 4464 2217 4526; x_wconf 81' lang='lat' dir='ltr'><strong>Quoest.</strong></span> <span class='ocrx_word' id='word_1_349' title='bbox 2258 4444 2500 4524; x_wconf 72' lang='lat' dir='ltr'><strong>Tuscul.,’</strong></span> <span class='ocrx_word' id='word_1_350' title='bbox 2518 4465 2550 4516; x_wconf 92' lang='lat'><strong>1.</strong></span> <span class='ocrx_word' id='word_1_351' title='bbox 2582 4474 2621 4517; x_wconf 85' lang='grc' dir='ltr'><strong>ιι</strong></span> <span class='ocrx_word' id='word_1_352' title='bbox 2657 4468 2709 4517; x_wconf 86' lang='lat' dir='ltr'><strong>et</strong></span> <span class='ocrx_word' id='word_1_353' title='bbox 2745 4478 2821 4517; x_wconf 84' lang='lat'><strong>111.</strong></span> 
     </span>
    </p>

    <p class='ocr_par' dir='ltr' id='par_1_7' title="bbox 476 4521 3117 4772">
     <span class='ocr_line' id='line_1_40' title="bbox 546 4521 3071 4651; baseline 0.002 -16"><span class='ocrx_word' id='word_1_354' title='bbox 546 4521 818 4635; x_wconf 46' lang='lat' dir='ltr'><strong>{attat</strong></span> <span class='ocrx_word' id='word_1_355' title='bbox 843 4524 1319 4646; x_wconf 42' lang='lat' dir='ltr'><strong>astantia&amp;</strong></span> <span class='ocrx_word' id='word_1_356' title='bbox 1339 4527 1687 4641; x_wconf 55' lang='grc' dir='ltr'><strong>ἔᾶἰὲῑςέἳειᾰ</strong></span> <span class='ocrx_word' id='word_1_357' title='bbox 1715 4525 1913 4639; x_wconf 51' lang='grc' dir='ltr'><strong>ἒῆιζιί</strong></span> <span class='ocrx_word' id='word_1_358' title='bbox 1929 4527 2546 4651; x_wconf 42' lang='grc' dir='ltr'><strong>ἳὲἷωῗοοῑΰρᾶῖῑῑὸβ</strong></span> <span class='ocrx_word' id='word_1_359' title='bbox 2582 4528 2803 4580; x_wconf 54' lang='lat'>”⁸⁰⁰⁶</span> <span class='ocrx_word' id='word_1_360' title='bbox 2836 4529 2934 4641; x_wconf 64' lang='lat'><strong>{²¹¹⁹</strong></span> <span class='ocrx_word' id='word_1_361' title='bbox 2974 4540 3071 4641; x_wconf 60' lang='lat' dir='ltr'><strong>tta</strong></span> 
     </span>
     <span class='ocr_line' id='line_1_41' title="bbox 479 4596 3069 4722; baseline 0.002 -26"><span class='ocrx_word' id='word_1_362' title='bbox 479 4596 548 4721; x_wconf 33' lang='lat' dir='ltr'><strong>gio·</strong></span> <span class='ocrx_word' id='word_1_363' title='bbox 571 4648 905 4710; x_wconf 77' lang='lat' dir='ltr'><strong>spiegassero</strong></span> <span class='ocrx_word' id='word_1_364' title='bbox 934 4648 984 4697; x_wconf 81' lang='lat' dir='ltr'><strong>ai</strong></span> <span class='ocrx_word' id='word_1_365' title='bbox 1024 4648 1315 4707; x_wconf 84' lang='lat' dir='ltr'><strong>giovanetti</strong></span> <span class='ocrx_word' id='word_1_366' title='bbox 1351 4649 1366 4699; x_wconf 91' lang='lat' dir='ltr'><strong>l</strong></span> <span class='ocrx_word' id='word_1_367' title='bbox 1401 4649 1519 4701; x_wconf 88' lang='lat' dir='ltr'><strong>libri</strong></span> <span class='ocrx_word' id='word_1_368' title='bbox 1553 4600 1638 4701; x_wconf 61' lang='lat' dir='ltr'><strong>fiet</strong></span> <span class='ocrx_word' id='word_1_369' title='bbox 1677 4650 1815 4722; x_wconf 58' lang='lat' dir='ltr'><strong>poeti</strong></span> <span class='ocrx_word' id='word_1_370' title='bbox 1853 4602 2000 4702; x_wconf 60' lang='lat' dir='ltr'><strong>mgni</strong></span> <span class='ocrx_word' id='word_1_371' title='bbox 2035 4601 3069 4713; x_wconf 46' lang='lat' dir='ltr'><strong>che*trattagondilaggsgogsgguegaan·</strong></span> 
     </span>
     <span class='ocr_line' id='line_1_42' title="bbox 476 4710 3117 4772; baseline 0.003 -13"><span class='ocrx_word' id='word_1_372' title='bbox 476 4714 610 4769; x_wconf 64' lang='lat' dir='ltr'><strong>stat„</strong></span> <span class='ocrx_word' id='word_1_373' title='bbox 648 4710 680 4758; x_wconf 86' lang='lat'><strong>1.</strong></span> <span class='ocrx_word' id='word_1_374' title='bbox 719 4717 834 4767; x_wconf 79' lang='lat' dir='ltr'><strong>xm,</strong></span> <span class='ocrx_word' id='word_1_375' title='bbox 871 4720 917 4757; x_wconf 84' lang='lat' dir='ltr'><strong>e.</strong></span> <span class='ocrx_word' id='word_1_376' title='bbox 953 4710 1020 4768; x_wconf 80' lang='lat'><strong>1).</strong></span> <span class='ocrx_word' id='word_1_377' title='bbox 1056 4733 1120 4745; x_wconf 93' lang='lat'>—</span> <span class='ocrx_word' id='word_1_378' title='bbox 1154 4710 1343 4761; x_wconf 81' lang='lat' dir='ltr'><strong>Lutero</strong></span> <span class='ocrx_word' id='word_1_379' title='bbox 1375 4712 1703 4763; x_wconf 82' lang='lat' dir='ltr'><strong>similmente</strong></span> <span class='ocrx_word' id='word_1_380' title='bbox 1740 4712 2021 4772; x_wconf 75' lang='lat' dir='ltr'><strong>gludlcava</strong></span> <span class='ocrx_word' id='word_1_381' title='bbox 2056 4715 2355 4767; x_wconf 80' lang='lat' dir='ltr'><strong>necessario</strong></span> <span class='ocrx_word' id='word_1_382' title='bbox 2386 4715 2483 4767; x_wconf 86' lang='lat' dir='ltr'><strong>che</strong></span> <span class='ocrx_word' id='word_1_383' title='bbox 2515 4716 2655 4767; x_wconf 80' lang='lat' dir='ltr'><strong>ootai</strong></span> <span class='ocrx_word' id='word_1_384' title='bbox 2686 4714 2810 4767; x_wconf 78' lang='lat' dir='ltr'><strong>libri</strong></span> <span class='ocrx_word' id='word_1_385' title='bbox 2867 4715 3069 4767; x_wconf 76' lang='lat' dir='ltr'><strong>rosseto</strong></span> <span class='ocrx_word' id='word_1_386' title='bbox 3092 4730 3117 4755; x_wconf 78' lang='grc' dir='ltr'><strong><em>ο</em></strong></span> 
     </span>
    </p>
   </div>
  </div>
 </body>
</html>
