3292 5167
502 209 644 277 598
1113 224 1118 230 ·
1435 232 1550 277 un.
1597 232 1664 278 ιι.
1712 231 1925 278 macr.
1975 228 2076 276 vu.

507 331 671 405 Quid
716 332 993 408 mirum,
1038 334 1089 394 si
1131 333 1440 409 juventus
1483 332 1564 396 ad
1596 333 1718 397 hoc
1751 333 1978 396 vitium
2019 348 2152 411 Jam
2196 332 2357 397 alias
2400 332 2705 412 proclivis
2754 341 2937 397 tanto
2981 333 3091 395 im·

594 421 659 475 tu
702 411 782 474 ad
826 411 1188 491 voluptates
1228 412 1509 489 anhelet,
1551 429 1695 493 quae
1723 413 2007 488 auribus,
2051 415 2420 492 conspectui
2465 420 2531 475 et
2560 414 2920 492 phantasiae
2965 419 3089 476 tam

536 491 845 566 allaciter,
888 500 953 554 et
997 500 1298 572 tanquam
1342 495 1550 557 omnis
1595 493 1927 556 felicitatis
1970 494 2229 556 culmen
2273 492 2768 561 obtruduntur?

622 596 646 627 ‹
675 572 1051 636 Animarum
1097 572 1317 636 Pastor
1358 576 1677 638 incautam
1714 580 2123 653 juventutem
2165 574 2341 635 omni
2368 590 2493 653 quo
2523 582 2734 653 potest
2772 571 2984 647 modo,
3021 571 3103 635 ab

512 652 876 732 hujusmodi
923 652 1225 717 familiari
1271 657 1593 718 consortio
1638 654 1969 717 dehortari
2015 665 2081 716 et
2108 653 2487 717 abstrahere
2515 655 3087 733 conabitur3prae·

511 735 734 796 sertim
779 734 885 796 ubi
935 733 1108 797 nulla
1157 734 1252 798 vel
1300 736 1594 815 ambigua
1640 743 1705 798 et
1750 742 1993 797 remota
2045 736 2299 797 honesti
2347 737 2753 798 matrimonii
2798 749 2945 814 spes
3008 732 3097 796 ei·

509 811 771 891 fuiget...
819 813 1179 877 Periculum
1227 816 1392 879 istud
1442 817 1558 895 ipsi
1593 832 1846 895 quoque
1894 814 2211 878 sacerdoti
2319 816 2631 878 raesertim
2672 814 2918 894 juniori
2975 812 3095 875 sol·

509 892 689 957 licite
738 896 1095 957 cavendum
1143 903 1279 969 est,
1354 912 1433 958 ne
1478 895 1728 960 scilicet
1772 898 2012 958 intuitu
2077 896 2265 974 singu
2295 896 2427 958 aris
2488 897 2925 971 innocentiae‚
2968 894 3093 974 pie·

510 976 687 1049 tatis,
735 983 876 1049 etc„
919 991 1070 1054 erga
1118 991 1425 1053 personas
1468 976 1739 1040 alterius
1785 992 1974 1039 sexus
2011 975 2411 1039 molliculum
2452 977 2750 1041 affectum
2782 975 3096 1039 admittat.

507 1052 753 1118 Sensus
799 1057 1174 1133 iste‚iuquit
1214 1056 1608 1132 Oberraucb‚
1656 1057 1823 1121 ultra
1870 1073 2124 1119 omnem
2170 1059 2540 1136 opinionem
2585 1067 2836 1121 astutus
2884 1066 3001 1132 est,
3031 1063 3101 1117 et

513 1135 908 1213 periculosus
952 1136 1334 1204 admodum,
1379 1145 1598 1217 utpote
1653 1139 1759 1217 qui
1810 1137 2047 1199 nedum
2093 1153 2171 1199 ex
2219 1153 2289 1199 re
2335 1140 2547 1215 turpi,
2620 1138 2731 1201 sed
2777 1138 2972 1199 etiam
3015 1149 3095 1197 ex

507 1217 760 1279 ratione
803 1217 1066 1279 honesta
1117 1233 1244 1279 non
1289 1234 1437 1280 raro
1479 1219 1689 1280 acrior
1730 1215 1962 1280 evadit.
2008 1242 2030 1271 ι
2089 1215 2292 1297 Staps',
2329 1220 2359 1297 ἓ
2447 1218 2564 1282 302
2608 1226 2673 1282 et
2714 1218 2853 1282 310.

588 1297 678 1359 De
721 1299 998 1360 amicitia
1046 1297 1204 1362 falsa
1248 1297 1325 1361 ad
1362 1313 1495 1360 rem
1525 1300 1616 1360 ait
1657 1297 1893 1376 Orsini,
1934 1298 1970 1360 Ι
2007 1297 2187 1361 Fiori
2226 1298 2326 1360 del
2401 1299 2535 1374 icto,
2566 1315 2704 1379 cap.
2749 1316 2852 1360 xi:
2899 1322 2923 1353 ‹
2954 1297 3103 1359 Per·

508 1377 624 1439 cbe
667 1377 1005 1451 Roboamo‚
1049 1378 1195 1459 quel
1239 1380 1497 1457 giovine
1544 1380 1891 1451 insensato,
1935 1379 2055 1440 che
2115 1379 2406 1456 perdette
2478 1380 2606 1442 fino
2657 1380 2716 1442 lo
2761 1379 2963 1441 scudo
3027 1376 3095 1438 di

508 1474 623 1520 suo
666 1458 881 1536 padre,
926 1458 1071 1521 vide
1121 1459 1162 1520 il
1210 1460 1467 1537 proprio
1514 1474 1713 1537 regno
1757 1468 2039 1522 scemate
2097 1459 2160 1520 di
2224 1458 2389 1522 dieci
2452 1475 2798 1523 numerose
2863 1457 3096 1522 tribu?

510 1536 749 1600 Percbe
792 1539 1183 1617 imprudenti
1226 1540 1413 1602 amici
1460 1538 1547 1617 gli
1592 1539 1933 1601 dettarono
1981 1556 2104 1601 uua
2156 1539 2391 1601 altiera
2450 1541 2724 1619 risposta
2793 1540 2922 1602 cbe
2966 1538 3093 1599 sel·

508 1617 649 1681 levo
692 1627 856 1681 tutto
903 1618 1153 1682 israele.
1196 1619 1286 1682 Ma
1324 1622 1555 1698 perche
1588 1635 1846 1681 cercare
1881 1636 2074 1697 prove
2109 1620 2280 1681 nella
2326 1631 2524 1683 storia
2571 1630 2807 1696 antica,
2838 1619 3097 1699 quando

510 1714 594 1761 ne
624 1699 910 1762 trabocca
962 1700 1016 1762 la
1062 1709 1278 1762 nostra
1324 1715 1595 1763 cronaca
1642 1698 2005 1762 moderna?
2049 1699 2163 1762 Chi
2210 1702 2493 1778 carpisce
2523 1700 2601 1764 ad
2651 1719 2736 1764 un
2770 1716 2963 1763 uomo
2990 1698 3097 1762 de·

511 1778 653 1841 bole
697 1796 819 1843 una
869 1780 1048 1842 firma
1095 1780 1522 1858 imprudente,
1557 1782 1676 1842 che
1718 1781 1806 1859 gli
1856 1779 2051 1857 toglie
2092 1784 2155 1842 in
2204 1798 2289 1844 un
2321 1783 2551 1857 giorno
2585 1797 2667 1843 un
2700 1780 3101 1860 patrimonio

512 1859 672 1923 fatto
716 1863 778 1921 in
826 1859 990 1922 dieci
1036 1860 1249 1923 anni?
1291 1860 1403 1924 Cbi
1451 1863 1731 1924 trasoina
1787 1859 1848 1922 al
1892 1863 2117 1940 giuoco
2163 1878 2249 1924 un
2300 1862 2475 1940 figlio
2519 1862 2581 1924 di
2643 1860 2976 1940 famiglia,
3015 1860 3093 1922 ed

512 1939 635 2002 alla
683 1939 916 2003 bettola
963 1957 1046 2003 un
1100 1957 1330 2019 povero
1373 1940 1752 2020 artigiauo‘?
1795 1940 1910 2003 Chi
1955 1940 2004 2004 s’
2033 1943 2368 2005 introduce
2426 1958 2614 2006 come
2663 1959 2748 2005 un
2794 1959 2899 2005 ser
2946 1951 3101 2004 ente

514 2022 577 2083 in
625 2037 750 2083 una
815 2019 1098 2100 famiglia
1145 2022 1209 2083 di
1255 2023 1627 2084 confidenza
1676 2038 1790 2102 per
1847 2037 2066 2085 recare
2112 2024 2178 2084 in
2224 2038 2362 2086 essa
2410 2023 2456 2085 il
2509 2022 2860 2086 disonore‘?
2954 2023 3019 2083 hi
3060 2024 3101 2083 e

514 2103 737 2178 cestui,
781 2116 858 2162 ve
904 2100 962 2163 lo
1008 2101 1382 2165 domando?
1427 2118 1512 2166 un
1557 2105 1843 2164 amicum.
1880 2101 1976 2164 Un
2022 2120 2176 2165 vero
2219 2103 2422 2166 amico
2468 2105 2503 2166 e
2548 2119 2674 2168 una
2721 2120 2866 2166 cosa
2917 2110 3099 2165 tanto

515 2198 682 2255 rara,
725 2182 842 2243 che
886 2184 922 2243 e
965 2185 1065 2259 gia
1113 2182 1327 2253 molto,
1369 2182 1511 2245 dice
1557 2182 1598 2243 il
1635 2191 1975 2261 pensatore
2018 2184 2382 2263 Montaigne
2411 2231 2426 2260 ,
2483 2201 2552 2247 se
2598 2185 2651 2248 la
2703 2184 2967 2247 fortuna
3010 2197 3097 2247 ne

515 2246 719 2325 forma
765 2278 889 2324 uno
938 2262 999 2323 in
1053 2274 1147 2325 tre
1193 2261 1405 2325 secoli.
1450 2261 1684 2336 Questo
1728 2266 1764 2325 e
1806 2279 1997 2337 vero;
2042 2276 2139 2327 ma
2188 2267 2252 2326 in
2300 2280 2644 2327 mancanza
2684 2264 2747 2327 di
2788 2280 2902 2327 oro
2930 2280 3099 2344 puro

514 2342 575 2404 vi
623 2345 657 2405 e
702 2359 785 2404 un
833 2358 1069 2421 povero
1115 2344 1370 2405 metallo
1414 2343 1730 2420 coloratu,
1772 2360 1805 2406 a
1852 2346 1953 2408 cui
1999 2346 2049 2405 si
2115 2361 2383 2424 assegna
2430 2361 2516 2408 un
2560 2345 2783 2409 valore
2828 2345 2894 2407 di
2941 2359 3087 2406 con·

515 2424 870 2497 venzione‚
914 2438 949 2483 e
995 2424 1110 2485 che
1156 2422 1356 2486 torma
1404 2422 1460 2486 la
1507 2432 1764 2488 moneta
1808 2433 2110 2488 corrente
2154 2426 2325 2489 delle
2374 2433 2591 2488 nostre
2635 2427 2952 2489 relazioni
2994 2440 3091 2486 so·

514 2503 683 2566 ciali.
729 2501 1237 2576 Quest'amicizia
1288 2504 1347 2567 di
1393 2504 1876 2568 contrabbando
1912 2505 2230 2585 supplisce
2261 2507 2383 2569 alla
2422 2506 2662 2584 qualita
2692 2505 2861 2569 colla
2894 2519 3092 2584 quan·

516 2584 669 2658 tita3
704 2600 840 2647 essa
888 2584 940 2646 si
987 2584 1338 2663 moltiplica
1383 2584 1448 2647 di
1492 2585 1846 2649 barbatella
1885 2601 2064 2649 come
2111 2605 2128 2649 1
2175 2587 2410 2668 polipi;
2456 2588 2511 2649 la
2544 2591 2595 2648 si
2632 2586 2879 2667 prende
2913 2600 3095 2647 come

515 2681 638 2728 una
687 2665 1011 2739 malattia;
1058 2666 1115 2726 vi
1162 2668 1197 2727 e
1240 2664 1298 2728 al
1346 2665 1548 2728 lianco
1594 2682 1706 2745 per
1750 2668 1902 2746 ogni
1948 2665 2129 2743 dove,
2159 2669 2301 2729 evi
2347 2666 2407 2730 fa
2453 2684 2671 2747 spesse
2714 2666 2887 2730 volte
2934 2681 3093 2729 cam·

516 2746 766 2808 minare
811 2745 978 2806 nella
1027 2762 1138 2807 sua
1184 2746 1414 2809 cattiva
1461 2746 1677 2809 strada
1723 2763 1756 2809 a
1804 2747 1973 2810 furia
2019 2745 2525 2827 d’importuuita.
2570 2772 2595 2802 ι

604 2824 665 2887 V.
710 2825 911 2889 Silvio
955 2824 1234 2900 Pellico‚
1277 2825 1391 2889 Dei
1435 2825 1658 2890 voveri
1700 2828 1773 2889 de
1819 2828 1869 2890 li
1920 2829 2183 2905 nomini,
2242 2844 2376 2908 cap.
2421 2845 2565 2890 xm.
2597 2860 2677 2873 —
2721 2823 3101 2907 Beyerlink,

509 2903 811 2986 inaquam
863 2905 1202 2968 Theatrum
1242 2908 1386 2970 vitoe
1426 2905 1742 2980 humanm,-
1841 2954 1856 2971 .
1901 2908 2324 2973 Amicitia.—
2347 2906 2726 2984 BlanchariL
2760 2907 2852 2971 La
2881 2906 3100 2969 scuola

511 2985 612 3047 dei
651 2987 937 3049 costumi.
978 3020 1055 3031 -
1091 2984 1333 3063 Calino,
1374 2986 1939 3060 Considerazioni;
1982 2988 2263 3067 Lezioni,
2306 3005 2437 3053 ecc.
2479 3022 2557 3036 --
2584 2986 2941 3051 Thesaurus
2979 2986 3095 3049 Pa·

505 3068 714 3151 ‘tram
756 3066 830 3129 V.
871 3066 1193 3129 Amicitia.
1221 3100 1299 3114 —
1329 3067 1416 3130 De
1448 3065 1706 3144 Gauiis,
1750 3067 1836 3131 De
1876 3067 2195 3150 effectibus
2225 3070 2542 3134 amicitioe.
2574 3103 2652 3115 —
2687 3068 3102 3142 Lacordaire,

511 3144 603 3210 La
641 3147 1024 3212 Maddalcna
1068 3147 1166 3210 dcl
1218 3145 1505 3227 Vanum,
1552 3165 1605 3212 c.
1650 3165 1693 3213 r.

1546 3387 1675 3472 (U)
1716 3390 1870 3471 Paq.
1921 3389 2063 3456 549.

1405 3554 1416 3561 .

592 3608 792 3673 885.
860 3610 1240 3677 Persuasum
1295 3611 1627 3690 omnibus,
1733 3612 2046 3676 raesertim
2104 3610 2625 3676 adolescentibus
2681 3627 2824 3676 esse
2868 3609 3101 3687 debet,

517 3692 803 3755 animum
860 3692 1097 3756 habere
1151 3693 1455 3757 suavibus
1512 3693 1675 3757 mori
1727 3710 1799 3757 us
1863 3692 2155 3758 limatum
2206 3701 2271 3755 et
2327 3692 2735 3772 expolitum,
2786 3707 2919 3753 non
2968 3699 3095 3753 tam

510 3772 691 3851 utile,
733 3789 922 3852 quam
970 3775 1423 3850 necessarium,
1469 3789 1594 3837 non
1628 3774 1707 3835 iis
1753 3774 2086 3837 dumtaxat
2127 3773 2236 3853 qui
2281 3773 2480 3836 vitam
2525 3781 2727 3852 agunt
2760 3787 2827 3834 in
2862 3770 3006 3835 aula
3032 3778 3101 3834 et

516 3854 582 3915 in
630 3852 946 3917 nobilium
993 3855 1277 3918 virorum
1322 3853 1708 3935 frequentia,
1750 3854 1864 3918 sed
1910 3855 1991 3917 iis
2030 3855 2244 3928 etiam,
2288 3853 2395 3932 qui
2446 3852 2654 3916 nolint
2699 3854 2766 3915 in
2797 3851 3101 3916 desertis·

515 3934 675 3998 sima
721 3934 1073 3999 solitudine
1117 3942 1370 3998 aetatem
1415 3950 1795 3998 consumere
1816 3952 1835 4010 ;
1868 3950 2015 3998 nam
2044 3934 2429 3998 urbanitatis
2462 3933 2770 4014 frequens
2800 3939 2900 3997 est
2929 3946 3100 4007 usus,

516 4016 643 4078 imo
674 4013 1013 4079 familiaris
1045 4024 1108 4079 et
1143 4014 1577 4095 quotidianus.
1607 4013 1632 4076 1
1680 4031 1746 4078 sa
1780 4015 2019 4093 linguae
2049 4014 2387 4095 castigatio
2421 4014 2859 4079 urbanitatem
2890 4012 3103 4087 fovet;

515 4096 1011 4159 vernaculorum
1054 4110 1209 4159 vero
1251 4097 1595 4159 verborum
1666 4096 1899 4158 icentia
1981 4095 2236 4158 etulans
2271 4110 2522 4159 morum
2556 4094 2887 4158 licentiam
2921 4092 3099 4157 indu·

515 4175 641 4239 cit:
694 4178 813 4241 boc
854 4177 1134 4241 maxime
1199 4175 1462 4239 videant
1511 4175 1785 4255 juvenes
1827 4175 1926 4238 col
1960 4174 2255 4255 egialiter
2300 4175 2610 4240 viventes.
2656 4209 2734 4221 -
2789 4172 2849 4236 V.
2892 4173 3096 4250 Mutti,

514 4253 1080 4338 Sull'importanza
1119 4257 1187 4320 dn·
1229 4254 1342 4322 ben
1383 4273 1705 4320 conoscere
1749 4257 1812 4321 la
1855 4255 1946 4321 lin
1992 4272 2099 4334 aa,
2146 4258 2214 4320 in
2257 4255 2360 4318 cui
2391 4258 2450 4319 si
2477 4255 2712 4336 sacella
2747 4272 2781 4318 ο
2815 4256 2875 4317 si
2894 4255 3099 4317 scr-ive

509 4333 841 4414 (Memorio
885 4338 948 4401 di
995 4337 1253 4413 morale,
1296 4336 1362 4400 di
1391 4336 1621 4413 letter.‚
1664 4353 1790 4401 ecc.
1834 4334 1928 4400 Mo
1978 4353 2136 4412 ena;
2178 4335 2457 4412 Contin.‚
2486 4338 2608 4400 vol.
2644 4335 2933 4416 xvii).-
2959 4332 3099 4397 Del·

516 4416 706 4481 l’artc
736 4418 904 4482 della
944 4418 1188 4500 parola.
1231 4417 1485 4495 Milano,
1531 4416 1705 4481 1827.
1732 4450 1807 4464 —
1844 4417 1971 4482 Civ.
2021 4418 2357 4494 Cattolica,
2391 4435 2511 4482 ser.
2545 4417 2632 4496 δ’,
2656 4422 2702 4483 t.
2728 4432 2861 4481 vu:
2896 4413 2981 4478 La
3012 4414 3101 4477 ci·

515 4498 681 4562 villa
720 4501 941 4563 antica
983 4518 1012 4562 e
1053 4499 1374 4563 moderna.

596 4576 821 4642 Colere
864 4588 1084 4644 autem
1125 4579 1560 4644 urbanitatem
1601 4576 1680 4641 ad
1714 4576 1859 4642 illos
1903 4577 2270 4659 specialiter
2299 4579 2601 4660 pertinet,
2643 4579 2754 4657 qui
2798 4575 2878 4640 ad
2921 4575 3088 4639 cliri-

507 4660 709 4724 stiani
755 4659 1106 4724 sacerdotis
1137 4659 1569 4725 ministerium
1599 4657 1952 4739 proludunt
1985 4666 2051 4724 et
2083 4676 2302 4725 rerum
2327 4674 2657 4725 sacrarum
2688 4657 2927 4724 babent
2948 4670 3099 4737 pro·
