3292 5167
1309 283 1388 329 ms
1435 285 1879 331 commeneus
2767 262 2895 329 335

488 387 548 450 1.
600 386 683 454 Ut
732 380 1104 470 periculum
1153 383 1239 451 sit
1286 402 1515 453 verum
1564 392 1631 453 et
1678 385 2275 454 extraordinarium
2342 384 2682 454 amittendi
2748 403 2895 453 sor-

272 493 454 573 tem,
511 489 612 560 vel
662 507 807 559 eam
854 509 989 559 non
1038 486 1472 577 recuperandi
1523 493 1668 561 sine
1717 492 1970 578 magnis
2019 493 2331 578 expensis
2390 501 2590 579 atque
2653 492 2902 560 labori-

272 596 459 665 bus:
512 598 808 685 alioquin
856 598 1036 666 nulla
1085 605 1263 667 esset
1310 598 1489 668 illius
1526 602 1884 670 aestimatio
1928 604 1991 683 ¹3
2041 603 2110 687 2)
2158 608 2232 669 ut
2281 608 2766 689 mutuans-non
2803 607 2898 669 te-

278 712 545 774 neatur
594 713 901 772 mutuum
967 706 1154 774 alteri
1220 706 1587 775 concedere
1636 725 1716 775 ex
1769 716 2106 793 praecepto
2177 708 2514 777 charitatis
2579 707 2662 774 ad
2722 724 2900 794 prae-

281 822 571 882 sentem
612 814 754 900 ejus
792 814 1084 900 inopiam
1119 814 1610 897 sublevandam,
1648 816 1801 902 quia
1835 815 1902 882 in
1938 815 2064 883 hoc
2099 832 2255 883 casu
2303 815 2673 900 periculum
2723 821 2902 883 esset

282 929 543 990 mutuo
591 921 1023 989 intrinsecum
1039 946 1058 1002 3
1108 922 1175 1008 3)
1230 927 1301 988 ut
1349 930 1693 990 mutuator
1740 940 1873 990 non
1915 930 2178 990 recuset
2214 923 2416 991 sortis
2464 923 2905 990 assecuratio-

287 1045 483 1111 nem,
531 1027 588 1095 si
637 1027 763 1095 sibi
813 1028 1147 1111 offeratur,
1197 1045 1254 1094 v.
1305 1046 1385 1113 g.‚
1436 1047 1555 1114 per
1601 1029 1841 1115 pignus
1890 1028 1992 1096 vel
2027 1047 2148 1113 per
2180 1028 2715 1114 fidejussionem;
2764 1029 2892 1097 hoc

288 1136 487 1204 enim
536 1135 603 1203 in
655 1152 809 1203 casu
861 1132 1229 1220 periculum
1277 1153 1408 1203 non
1459 1143 1637 1203 esset
1688 1136 1882 1220 reale,
1933 1135 2057 1203 sed
2107 1136 2337 1204 fictum
2365 1141 2414 1202 ².

392 1240 614 1307 166.
667 1243 739 1320 Q.
788 1242 848 1306 5.
895 1242 997 1307 An
1044 1241 1149 1306 lea:
1192 1240 1397 1307 civilis
1438 1241 1519 1307 sit
1552 1242 1765 1328 justus
1808 1243 2046 1324 titulus,
2097 1240 2394 1327 eoetqendt
2439 1243 2628 1309 etiam
2666 1243 2737 1309 in
2765 1261 2906 1309 con-

294 1350 575 1416 scientia
611 1347 1092 1435 aliquid'supra
1136 1360 1362 1414 sortem
1415 1352 1480 1414 ³?
2047 1412 2052 1420 ,

403 1460 480 1526 Β.
526 1458 663 1524 Lex
711 1455 918 1524 civilis
950 1462 1306 1542 postquam
1341 1456 1569 1523 statuit
1616 1474 1739 1542 pro
1774 1473 2007 1524 norma
2058 1456 2381 1541 generali:
2422 1458 2481 1523 Il
2515 1456 2900 1523 mutuatorie

292 1565 418 1631 che
463 1565 546 1630 ha
585 1573 829 1649 paqato
876 1562 1161 1628 interessi
1194 1582 1322 1629 non
1367 1562 1693 1629 convenmi
1737 1583 1772 1629 o
1819 1562 2117 1629 eccedenti
2165 1564 2228 1628 la
2260 1562 2504 1629 misum
2540 1574 2900 1645 convenam,

305 1691 440 1737 non
462 1668 594 1758 pud
630 1669 910 1757 ripeterli
939 1669 1019 1735 ne
1048 1669 1375 1756 imputarli
1404 1670 1472 1735 al
1500 1670 1765 1755 capitale
1813 1669 1961 1754 (art.
2001 1669 2227 1754 1830),
2263 1668 2405 1736 haec
2456 1667 2665 1734 addit:
2715 1669 2911 1735 l'ime·

310 1797 476 1845 resse
509 1778 541 1844 e
573 1778 768 1864 leyale
813 1796 847 1843 o
894 1776 1372 1843 convenzionale
1387 1801 1412 1856 ;
1464 1777 1808 1843 l'imeresse
1844 1777 2035 1862 leqale
2065 1776 2098 1842 e
2128 1776 2530 1842 determinato
2560 1774 2661 1840 nel
2694 1777 2913 1862 cinque

238 1890 247 1905 “
308 1904 426 1972 per
460 1892 633 1951 cento
681 1884 749 1949 in
788 1884 1056 1951 materia
1088 1884 1283 1966 civile,
1333 1905 1365 1950 e
1407 1886 1512 1951 nel
1556 1885 1643 1951 sei
1680 1904 1801 1971 per
1845 1895 2015 1950 cento
2048 1884 2412 1950 inmateria
2448 1884 2913 1960 commerciale3

322 2014 351 2059 e
381 1992 435 2059 si
466 1991 718 2079 applica
748 1991 851 2056 nei
880 1990 1012 2057 casi
1057 1990 1127 2057 in
1172 1991 1273 2057 cui
1322 1991 1665 2058 l'interesse
1708 1992 1808 2057 sia
1843 1991 2085 2073 davum,
2136 2010 2168 2056 e
2211 1990 2463 2055 manchi
2493 2009 2626 2056 una
2654 2009 2913 2056 conven-

320 2101 492 2166 zione
544 2099 652 2166 che
697 2118 775 2164 ne
819 2097 1139 2165 stabilisca
1187 2098 1250 2164 la
1295 2100 1557 2165 misum.
1607 2100 1985 2165 L'interesse
2031 2098 2512 2165 convenzionale
2556 2098 2588 2164 e
2633 2096 2911 2163 stabilito

320 2227 358 2273 a
400 2206 655 2273 volout&
700 2204 798 2271 dei
846 2206 1233 2273 commenti:
1279 2208 1435 2273 nelle
1480 2208 1737 2272 materie
1783 2208 1955 2274 civili
2013 2207 2054 2272 l'
2073 2207 2366 2272 interesse
2426 2205 2909 2272 convenzionale

316 2314 618 2381 eccedente
666 2314 729 2380 la
773 2316 1017 2380 misum
1064 2314 1256 2399 leqale
1300 2315 1445 2379 deve
1488 2315 1788 2381 risultare
1833 2315 1916 2380 da
1961 2326 2087 2381 atto
2118 2315 2354 2395 scritta,
2403 2314 2752 2380 altrimenti
2782 2332 2911 2380 non

326 2421 358 2488 ἐ
398 2422 625 2489 ἀουαῑο
668 2422 859 2488 alcun
910 2423 1202 2489 interesse
1249 2421 1397 2505 (art.
1450 2423 1672 2507 1831).
1721 2424 1781 2488 ,ll
1825 2422 2090 2489 debitore
2126 2420 2256 2508 puo'
2301 2440 2559 2508 semme,
2594 2420 2750 2508 dopo
2785 2420 2916 2487 cin-

264 2544 271 2550 ’
328 2549 442 2617 que
475 2531 637 2597 anni
667 2530 763 2596 del
808 2541 1134 2613 contracto,
1180 2530 1496 2597 restitnire
1544 2532 1597 2598 le
1640 2550 1872 2598 somme
1921 2532 2203 2616 portanti
2247 2548 2336 2596 un
2381 2530 2671 2596 interesse
2730 2549 2914 2613 maq-

318 2639 492 2725 9iore
540 2637 704 2703 della
753 2638 998 2704 misum
1034 2637 1256 2723 «leode,
1327 2648 1692 2704 nonostcmte
1759 2636 2065 2722 qualsiasi
2107 2647 2278 2722 patto
2343 2637 2682 2703 contrario.
2756 2639 2918 2704 Deve

314 2744 464 2835 perd
509 2745 708 2812 derne
767 2746 857 2812 sei
903 2745 1058 2811 mesi
1094 2745 1312 2831 prima
1352 2764 1466 2831 per
1510 2744 1746 2812 {scritto
1796 2745 2073 2827 t’avviso,
2122 2747 2170 2811 il
2213 2746 2395 2830 quale
2424 2744 2694 2830 produce
2724 2743 2790 2809 di
2821 2744 2913 2810 di·

320 2855 462 2922 ritto
489 2855 551 2919 la
574 2853 876 2919 rimmzo'a
902 2852 1033 2919 alla
1056 2850 1168 2937 piit
1196 2853 1387 2938 lunqa
1409 2872 1589 2918 mora
1612 2866 1956 2919 convenuta
1986 2852 2136 2937 (art.
2163 2852 2363 2938 1832)
2389 2849 2438 2919 ⁴.

410 2963 554 3041 Quo
605 2958 876 3045 posito,
927 2956 1255 3025 diximus:

503 3068 557 3131 1.
609 3062 838 3143 Quoad
898 3069 1114 3132 taxam
1164 3062 1753 3145 conventionalem‚
1806 3070 2062 3132 certum
2113 3074 2232 3147 est,
2283 3063 2463 3149 quod
2511 3063 2633 3132 etsi
2676 3064 2780 3131 lex
2830 3062 2918 3130 ci-

322 3172 469 3240 vilis
532 3172 807 3239 liberam
856 3171 1096 3258 cui'que
1145 3172 1474 3256 relinquat
1520 3169 1980 3253 definiendam,
2015 3190 2147 3240 non
2199 3171 2352 3239 licet
2397 3172 2462 3238 in
2512 3170 2916 3239 conscientia

321 3280 498 3347 illam
549 3279 812 3363 exigere
862 3279 943 3364 (si
994 3285 1266 3364 superet
1328 3285 1544 3344 taxam
1594 3278 1919 3365 legalem),
1973 3280 2095 3347 nisi
2148 3287 2474 3365 quatenus
2523 3279 2785 3347 adesset
2813 3279 2918 3364 ju·-

322 3393 464 3455 stus
512 3385 744 3453 titulus
794 3384 874 3452 ad
923 3404 1222 3455 normam
1267 3384 1444 3453 Juris
1502 3384 1819 3453 naturalis
1869 3393 2067 3471 atque
2126 3386 2356 3466 divini,
2399 3386 2466 3452 id
2513 3394 2614 3455 est
2681 3385 2913 3452 titulus

322 3491 541 3560 damni
596 3493 1015 3577 emergentis,
1066 3492 1229 3559 lucri
1266 3491 1606 3574 cessantis,
1642 3496 1766 3559 etc.
1804 3493 1869 3559 Si
1908 3493 2083 3560 enim
2118 3492 2323 3561 libera
2358 3493 2703 3560 hominum
2738 3510 2902 3558 con—

325 3598 544 3666 ventio
594 3598 836 3665 faceret
865 3599 996 3683 jm,
1031 3605 1250 3667 actum
1283 3604 1462 3666 esset
1495 3597 1575 3665 de
1611 3599 1792 3666 omni
1824 3597 2121 3684 justitia3
2154 3598 2332 3668 unde
2366 3608 2522 3669 tunc
2555 3597 2912 3668 dicendum

384 3868 404 3907 ¹
441 3868 645 3932 Duplex
678 3868 993 3930 periculum:
1044 3867 1385 3926 ordinarium,
1422 3877 1512 3917 seu
1546 3867 1790 3927 generale
1824 3877 1886 3916 ac
1921 3867 2065 3917 omni
2122 3869 2307 3919 mutuo
2359 3867 2725 3926 intrinsecum,
2760 3878 2813 3915 v,
2848 3876 2913 3927 g.‚

322 3930 617 3993 periculum
651 3943 716 3981 ne
747 3930 995 3980 incendio
1048 3931 1241 3977 cuncta
1272 3927 1411 3978 bona
1446 3930 1751 3979 mutuatarii
1807 3934 2024 3990 pereant
2052 3932 2104 3980 et
2134 3932 2329 3981 sortem
2381 3930 2599 3981 reddere
2633 3931 2880 3992 nequeat.

326 3993 847 4049 fixeram-dinarium,
879 3991 1237 4041 extrinsecum
1260 3989 1400 4052 quod
1438 4001 1544 4040 non
1578 3991 1931 4043 essentialiter
1964 3994 2018 4042 in
2054 3993 2199 4042 omni
2238 3995 2421 4044 mutuo
2445 3991 2722 4054 reperitur,
2755 3993 2817 4042 ut
2837 3995 2920 4046 est

325 4055 619 4118 periculum
654 4067 717 4105 ne
751 4053 957 4103 debitor
1003 4052 1252 4102 decoctus
1285 4052 1480 4102 evadat
1510 4052 1673 4115 (quod
1709 4055 1866 4105 hodie
1900 4065 2008 4104 non
2045 4056 2118 4104 ita
2148 4066 2331 4105 rarum
2365 4056 2482 4115 est).
2533 4052 2771 4104 Primum
2807 4066 2915 4107 non

318 4119 636 4175 momatur,
674 4118 856 4179 utique
884 4113 1199 4164 secundum.

385 4179 415 4218 2
445 4180 561 4238 Quo
596 4189 757 4230 sensu
786 4177 1083 4249 explicatur
1112 4186 1232 4237 cap.
1266 4176 1538 4236 Naviyantt
1573 4178 1743 4233 (Decr.
1774 4179 1942 4289 (ξι-65η
1978 4178 2012 4228 Ι.
2049 4190 2121 4236 vr,
2156 4179 2193 4228 t.
2229 4189 2328 4228 xix
2379 4179 2450 4229 De
2498 4179 2690 4236 usuris,
2724 4188 2771 4227 c.
2810 4179 2916 4243 19),

325 4242 464 4304 qnod
498 4240 715 4304 qmdem
750 4238 1040 4290 adversam
1075 4239 1370 4300 opponunt.
1400 4262 1466 4274 -
1524 4239 1576 4289 V.
1608 4241 1839 4301 Liguon,
1910 4253 1961 4299 ρ.
1996 4240 2158 4300 Mor„
2194 4240 2230 4290 l.
2266 4252 2342 4299 nl,
2379 4253 2432 4290 n.
2469 4242 2583 4294 765.

388 4303 736 4416 ιέεὲιιῗῧίιῆ
765 4301 1123 4363 —C.A.993;
1150 4300 1292 4350 -Ο,
1324 4301 1382 4350 G.
1409 4300 1563 4362 19053
1590 4326 1656 4337 —
1688 4300 1743 4351 C.
1778 4301 1828 4351 S.
1866 4304 2015 4362 17773
2048 4301 2188 4351 —C.
2215 4302 2271 4353 Ρ.
2304 4304 2460 4366 1608;
2495 4302 2734 4355 -Ο.Μ.
2762 4306 2914 4368 1718;

388 4428 410 4467 ⁴
442 4406 604 4479 Addit
627 4430 804 4478 tamen
835 4422 1040 4477 codex:
1084 4445 1101 4465 ·
1141 4425 1208 4473 Le
1240 4421 1585 4495 disposizioni
1623 4421 1845 4473 dell'art.
1880 4426 2004 4476 1832
2039 4422 2350 4496 precedente
2374 4437 2483 4475 non
2516 4438 2650 4478 sono
2689 4428 2915 4490 applica·

330 4489 422 4543 hm
453 4489 502 4540 ai
534 4490 782 4541 contratti
803 4487 860 4538 di
880 4486 1081 4538 tendite
1113 4484 1358 4543 vitaliano,
1393 4486 1462 4536 ne
1493 4495 1526 4534 a
1556 4485 1717 4547 quelli
1751 4484 1848 4537 che
1880 4486 2224 4537 stabilnscono
2257 4486 2309 4535 la
2342 4488 2680 4540 restituzione
2714 4501 2807 4552 per
2827 4492 2916 4542 via

330 4551 382 4602 di
416 4550 709 4613 annualila,
741 4550 839 4601 che
868 4559 989 4600 com
1026 4547 1266 4599 rendono
1298 4547 1364 4609 gli
1399 4546 1640 4598 interessi
1672 4546 1734 4597 ed
1771 4558 1880 4597 una
1911 4551 2077 4612 quota
2124 4547 2387 4599 destinata
2434 4550 2539 4601 alla
2572 4552 2915 4604 restituzione

331 4625 392 4677 pr
462 4614 668 4665 ressiva
699 4613 780 4664 del
814 4612 985 4672 capita
1007 4622 1049 4660 e.
1081 4635 1146 4646 —
1176 4611 1304 4661 Esse
1338 4620 1446 4660 non
1479 4620 1612 4661 sono
1645 4609 1729 4660 del
1765 4612 1874 4673 pari
1914 4608 2215 4673 applicabili
2251 4620 2281 4659 a
2313 4611 2622 4674 qualunque
2655 4615 2830 4676 specie
2863 4615 2914 4666 dl

332 4676 430 4728 deb
454 4680 507 4729 to
540 4677 806 4726 contr-atto
838 4672 979 4723 dallo
1011 4672 1176 4731 stato,
1213 4672 1299 4723 dai
1334 4671 1550 4723 comuni
1600 4683 1630 4722 e
1662 4669 1732 4723 da
1764 4673 1881 4723 altri
1920 4673 2067 4736 corpi
2101 4671 2290 4723 morali
2338 4672 2474 4724 colle
2506 4677 2917 4729 autorlzzazlonl

329 4738 573 4791 richieste
604 4738 745 4789 dalla
775 4737 916 4797 legge
951 4738 1078 4793 (art.
1116 4735 1274 4796 1833).
1312 4753 1330 4778 ³
