3292 5167
411 167 543 235 436
1154 186 1268 233 un.
1316 187 1381 233 n.
1429 187 1638 232 macr.
1687 188 1765 232 vi.
1820 185 1987 232 nise.
2039 185 2080 231 1.
2128 185 2258 231 car.
2309 181 2351 229 ι.

404 290 660 378 justitia
696 345 712 372 ,
762 290 1048 376 pretium
1087 268 1218 376 'pro
1268 309 1342 358 ea
1392 298 1737 377 acceptum
1788 288 2046 358 restitui
2113 287 2352 371 debet,
2421 287 2574 374 quia
2642 288 2807 357 alter
2863 289 3004 375 jam

413 398 608 465 habet
650 398 779 482 juS,
821 404 894 465 ut
943 396 1113 464 actio
1165 399 1452 483 ponatur
1498 399 1750 484 absque
1800 395 1929 464 ulla
1983 395 2171 481 pretii
2214 395 2583 463 solutione:
2622 394 2800 465 unde
2850 394 3004 465 reti-

413 503 608 572 nendi
658 503 946 589 pretium
997 503 1158 571 illud
1208 504 1427 572 nullus
1477 513 1577 572 est
1627 505 1880 573 titulus.
1931 503 2038 572 Sic
2111 502 2463 585 detractor,
2515 503 2626 589 qui
2676 519 3006 571 summam

415 611 691 694 accepit,
741 617 815 677 ut
864 611 1145 678 alterum
1201 630 1330 679 non
1383 611 1784 680 diffamaret:
1835 609 2004 678 latro
2056 609 2159 678 cui
2211 609 2488 695 pecunia
2562 619 2663 678 est
2734 610 3001 691 tributa,

413 735 494 785 ne
519 717 743 794 ,alium
793 717 1055 802 spoliet,
1105 716 1347 785 debent
1394 725 1738 802 acceptum
1788 718 2160 785 restituere.
2197 717 2304 784 Sic
2339 716 2537 784 etiam
2568 716 2770 803 judex
2806 717 3005 787 resti-

415 831 602 892 tuere
650 823 848 892 debet
898 823 1077 910 quod
1119 824 1372 910 accepit
1423 842 1543 909 pro
1592 823 1860 893 ferenda
1910 823 2238 892 sententia
2293 823 2506 910 justa:
2553 826 2836 910 Injustus
2902 837 2995 893 est

412 931 520 1016 qui
553 932 889 1016 justiciam,
937 950 1126 1016 quam
1172 932 1336 999 debet
1384 932 1586 1017 gyratis
1630 952 1714 998 ea·
1760 931 1952 1019 officio
1997 931 2223 1015 facere,
2271 950 2400 997 non
2447 932 2575 998 vult
2620 932 2847 1016 facere,
2879 934 3007 1001 nisi

414 1053 657 1123 accepto
695 1058 971 1120 munere,
1022 1039 1116 1105 ait·
1157 1058 1208 1106 s.
1255 1024 1540 1106 Thomas
1591 1036 1640 1105 ¹.

508 1146 572 1212 Si
628 1165 735 1213 res
785 1147 891 1213 illa
942 1165 1070 1214 non
1125 1153 1263 1214 erat
1309 1145 1528 1213 debita
1580 1165 1659 1213 ex
1702 1145 1959 1230 justitia
2010 1145 2499 1229 commutativa,
2547 1144 2666 1212 sed
2714 1145 2835 1213 alia
2883 1145 3009 1214 vir-

422 1258 586 1332 tute,
643 1262 798 1321 tunc
847 1253 1023 1321 nulla
1050 1253 1330 1321 debetur
1368 1251 1699 1321 restitutio
1716 1277 1736 1334 3
1785 1250 1934 1320 n'am
1968 1252 2081 1338 qui
2119 1252 2405 1343 pretium
2439 1252 2743 1338 praebuit,
2779 1252 3009 1339 acqui·
3126 1336 3131 1343 .

420 1359 568 1425 sivit
599 1360 706 1445 jus
750 1359 929 1444 quod
980 1367 1174 1428 antea
1225 1378 1359 1427 non
1407 1360 1718 1444 habebat,
1769 1366 1833 1428 et
1874 1360 2007 1445 juri
2056 1378 2185 1427 non
2256 1360 2488 1427 stricto
2545 1360 2654 1446 jus
2705 1360 3010 1429 strictum

420 1467 822 1551 superaddit.
882 1467 1045 1534 Hinc
1109 1467 1333 1549 dives,
1400 1467 1508 1551 qui
1561 1465 1821 1535 videtur
1862 1485 1941 1534 ex
1994 1465 2314 1535 charitate
2364 1464 2573 1535 teneri
2628 1466 2846 1536 locare
2895 1466 3012 1536 do-

420 1590 601 1639 mum
653 1573 1058 1659 pauperculo
1110 1574 1333 1659 gratis,
1389 1593 1516 1640 non
1571 1579 1797 1658 peccat
1848 1578 2076 1641 contra
2104 1571 2458 1658 J'ustitiam,
2499 1573 2554 1641 si
2592 1575 2878 1660 pretium
2920 1574 3010 1642 lo·

423 1681 701 1748 cationis
751 1682 988 1766 exigat.
1040 1682 1203 1747 ltem
1256 1680 1364 1765 qui
1417 1698 1497 1747 ex
1548 1679 1868 1748 charitate
1901 1679 2174 1748 deberet
2206 1698 2439 1749 curare
2486 1679 2821 1747 infirmum
2856 1701 3013 1767 pau·
3078 1740 3087 1751 .

423 1805 669 1872 perem,
723 1806 859 1860 non.
907 1787 1106 1854 violat
1148 1787 1492 1873 justitiam,
1543 1786 1596 1853 si
1648 1785 1797 1859 ideo
1850 1786 2132 1871 pretium
2182 1786 2399 1872 exigat
2448 1792 2512 1853 et
2561 1787 2860 1855 retineat.

514 1893 728 1954 646·
767 1897 839 1975 Q.
889 1896 949 1961 9.
1013 1894 1175 1976 Quid
1219 1893 1291 1959 de
1333 1895 1471 1980 ficto
1513 1912 1809 1981 paupere,
1860 1894 1969 1978 qui
2013 1894 2428 1981 eleemosynas
2474 1907 2814 1980 eoetorquet,
2855 1907 3011 1983 puta

422 2003 479 2069 si
521 2003 683 2087 salso
733 2003 930 2088 finqat
975 2023 1039 2068 se
1083 2022 1209 2068 esse
1254 2014 1574 2087 aeqrotum,
1622 2000 1914 2068 claudum
1960 2012 2068 2083 etc,
2092 2007 2125 2066 9

516 2112 585 2176 R.
638 2110 704 2176 Si
757 2109 1170 2194 eleemosyna
1247 2127 1438 2194 parva
1489 2108 1614 2190 sit,
1669 2109 1878 2193 qualis
1928 2108 2220 2177 ostiatim
2270 2108 2800 2180 mendicantibus
2870 2110 3011 2179 dari
3096 2146 3101 2149 Δ

428 2216 619 2299 solet,
670 2215 748 2282 ad
801 2217 958 2283 nihil
1011 2224 1272 2284 tenetur
1320 2216 1513 2283 fictus
1563 2235 1837 2301 pauper,
1885 2224 1959 2282 ut
2006 2215 2096 2282 ait
2144 2218 2588 2287 Busembaum
2662 2228 2728 2287 et
2799 2220 3008 2313 Gury:

433 2324 576 2391 haec
625 2324 800 2391 enim
850 2324 1293 2392 communiter
1339 2330 1651 2391 censetur
1697 2323 2002 2392 absolute
2051 2322 2220 2406 data,
2272 2325 2426 2392 licet
2475 2336 2749 2412 peccent
2799 2328 3007 2394 venia—

430 2431 583 2500 liter
631 2432 725 2499 sic
775 2432 1120 2515 fingentes.
1173 2431 1237 2498 Si
1287 2450 1442 2499 vero
1505 2429 1924 2516 eleemosyna
1994 2431 2080 2498 sit
2151 2431 2461 2500 notabilis
2533 2433 2685 2518 (nisi
2738 2439 3007 2502 excuset

432 2539 848 2624 ignorantia),
889 2538 1022 2606 ficti
1063 2556 1385 2624 pauperes
1421 2538 1704 2624 graviter
1730 2545 2004 2624 peccant
2046 2547 2109 2605 et
2145 2546 2457 2607 tenentur
2489 2539 2567 2606 ad
2607 2540 2780 2607 illam
2825 2540 3015 2608 resti-

431 2646 741 2713 tuendam
808 2644 858 2726 23
909 2663 1059 2714 cum
1108 2645 1284 2713 enim
1335 2643 1482 2711 talis
1532 2644 1951 2729 eleemosyna
2000 2644 2211 2726 datur,
2266 2663 2530 2730 semper
2577 2646 3016 2733 subintelligi-

431 2762 574 2820 tur:
623 2755 678 2820 εἰ
725 2774 863 2820 vere
898 2759 901 2763 ’
919 2774 1228 2842 pauperes
1296 2756 1441 2821 sim.
1514 2752 1700 2821 Unde
1771 2751 1850 2819 ad
1921 2771 2061 2821 rem
2125 2754 2577 2822 catechismus
2645 2758 3006 2826 Romanus:

428 2863 697 2928 Furtum
741 2863 947 2945 facere
992 2861 1284 2927 videntur
1328 2860 1436 2946 qui
1481 2860 1641 2945 fictis
1673 2860 2101 2946 simulatisque
2133 2861 2357 2941 verbis,
2391 2863 2571 2947 quive
2598 2863 2819 2946 fallaci
2848 2884 3019 2930 nten-

430 2966 678 3033 dicante
715 2968 1050 3053 pecuniam
1081 2978 1468 3053 extorquent,
1509 2984 1777 3051 quorum
1808 2987 1875 3034 eo
1905 2966 2163 3052 yravius
2194 2980 2282 3036 cst
2314 2981 2655 3054 peccatum,
2688 2971 2854 3057 quod
2880 2970 3021 3055 fur-

315 3096 320 3101 ·
428 3083 560 3138 tum
599 3073 918 3139 mendacio
967 3074 1289 3140 cumulant
1337 3071 1387 3140 ³.
1437 3075 1645 3140 Porro
1718 3073 2050 3141 restitutio
2115 3073 2303 3160 juxta
2375 3075 2539 3144 alios
2608 3075 2747 3144 fieri
2820 3075 3020 3147 debet

433 3180 772 3262 donatori,
824 3179 940 3248 sed
979 3181 1167 3267 juxta
1216 3180 1380 3249 alios
1430 3181 1589 3249 satis
1639 3187 1743 3248 est
1789 3180 1841 3249 si
1887 3180 1998 3248 fiat
2047 3182 2217 3249 veris
2255 3183 2679 3268 pauperibuS,
2718 3202 2868 3252 cum
2902 3185 3020 3253 do-

436 3296 665 3356 nantes
723 3295 1120 3356 censeantur
1184 3286 1526 3357 abdicasse
1577 3286 1946 3355 dominium
1994 3287 2058 3354 in
2109 3287 2396 3358 favorem
2448 3308 2841 3377 pauperum;
2894 3291 3017 3361 nisi

436 3402 618 3463 certo
670 3401 1109 3480 praesumatur
1155 3395 1422 3463 illorum
1473 3394 1912 3463 intentionem
1961 3396 2268 3484 restringi
2319 3395 2404 3465 ad
2454 3416 2803 3484 personam
2837 3398 3019 3468 illam

434 3508 545 3568 aut
596 3519 817 3569 casum
867 3502 1052 3570 illum
1102 3502 1476 3588 specialem.
1526 3505 1711 3570 Dens.

514 3660 714 3723 847.
759 3664 919 3725 Hinc
963 3668 1068 3743 qui
1118 3663 1548 3728 insimulando
1597 3661 1940 3741 pensiones
1983 3662 2278 3726 obtinent
2323 3664 2708 3743 pauperibus
2755 3675 3009 3730 tantum

436 3742 716 3813 relictas,
761 3744 910 3807 dum
959 3746 1237 3825 propriis
1279 3746 1578 3823 expensis
1622 3740 1885 3805 studere
1952 3744 2281 3806 commode
2341 3755 2635 3824 possunt,
2710 3755 3021 3812 tenentur

437 3825 514 3888 ad
563 3826 1076 3901 restitutionem;
1145 3827 1288 3904 quia
1349 3824 1687 3886 evidenter
1734 3821 2032 3885 fraudant
2074 3823 2573 3888 benefactorum*
2599 3827 3024 3891 voluntatem.

437 3904 530 3968 Ad
578 3905 857 3979 modum,
901 3923 1025 3985 quo
1073 3915 1451 3968 tenerentur
1493 3906 1599 3983 qui
1646 3901 1726 3965 ob
1771 3920 2029 3983 gravem
2075 3905 2349 3985 culpam,
2418 3916 2564 3984 puta
2636 3909 2718 3971 ob
2792 3926 3022 3989 pravos

439 4001 674 4060 moreS‚
725 3985 1228 4067 indisciplinam,
1272 3995 1414 4062 etc.,
1458 3981 1524 4046 se
1573 3984 1875 4062 indignos
1906 3985 2266 4063 ¹redderent
2308 3995 2496 4063 statu,
2527 3986 2602 4050 ad
2643 4006 2834 4068 quem
2873 4005 3014 4068 gra-

445 4068 602 4129 tuita
651 4066 1011 4131 educantur
1058 4069 1385 4147 pensione.
1429 4098 1508 4110 —
1543 4063 1698 4126 Item
1742 4066 1848 4143 qui
1900 4065 2143 4129 nullum
2190 4069 2454 4130 omnino
2486 4066 2835 4131 clericandi
2880 4070 3020 4133 ani·

437 4162 613 4209 mum
661 4148 1000 4223 haberent,
1042 4148 1093 4210 si
1143 4147 1364 4226 pensio
1408 4162 1530 4226 qua
1577 4143 1904 4218 fruuntur,
1953 4146 2094 4209 ideo
2126 4147 2378 4211 clericis
2415 4147 2759 4213 manifeste
2793 4149 3021 4212 relicta

443 4230 569 4298 sit,
645 4239 714 4290 ut
773 4228 850 4291 ad
917 4227 1359 4292 Sacerdotium
1416 4226 1683 4288 omnino
1729 4226 2029 4289 tendant:
2078 4228 2195 4290 hoc
2239 4238 2450 4291 tamen
2498 4229 2841 4293 dicendum
2891 4246 3023 4293 nou

443 4316 559 4379 est,
603 4311 652 4368 si
702 4308 894 4372 talem
940 4312 1058 4389 ipsi
1107 4309 1391 4373 animum
1435 4307 1732 4386 primitus
1775 4309 1945 4369 serio
1992 4323 2118 4371 non
2156 4308 2597 4387 excludentes,
2633 4321 2847 4390 postea
2882 4325 3022 4373 ma-

510 4458 526 4497 ¹
565 4462 604 4528 t)
635 4471 761 4532 ‘usc.
802 4462 871 4512 De
902 4462 1046 4512 erud.
1081 4463 1328 4525 princip„
1363 4461 1397 4513 l.
1433 4472 1509 4523 iv,
1544 4471 1591 4510 c.
1624 4462 1673 4512 2.
1708 4486 1771 4499 -
1810 4460 1875 4532 V..
1902 4459 2133 4520 Lignort,
2171 4459 2262 4521 Op.
2296 4459 2451 4520 Mor„
2486 4461 2521 4511 1.
2558 4472 2634 4519 ni,
2669 4474 2722 4513 n.
2756 4461 2873 4533 713..
2982 4522 2993 4535 α

507 4520 533 4561 ³
566 4531 608 4571 A
634 4525 728 4573 iter
760 4526 900 4574 esset
942 4525 987 4574 si
1021 4526 1225 4576 tantum
1274 4522 1652 4587 exaggerarent
1699 4533 1969 4586 propriam
2006 4522 2397 4584 paupertatem
2451 4522 2511 4574 ut
2542 4523 2714 4575 solent
2762 4522 3034 4577 ordinarie

448 4585 892 4710 ρθῐυρνῖτῗῖςιῗὲπὶἰῗ
925 4587 1590 4712 ἣιῗριῗὲιιῗῐῖἱέοῗὶῗιῗυῑῗεὶι.
1628 4646 1709 4697 44.
1744 4672 1808 4684 —
1839 4645 2095 4705 Carriere,
2132 4645 2200 4696 De
2230 4646 2457 4709 Iustitia,
2494 4658 2549 4698 11.
2584 4649 2693 4700 733.
