3292 5167
479 251 611 316 6¹8
1122 270 1240 317 ιιιι.
1294 271 1356 316 ιι.
1403 273 1612 318 τιιΑοτ.
1662 268 1788 317 vm.
1833 270 1984 315 etse.
2032 269 2072 314 1.
2122 269 2250 314 cae.
2300 266 2388 314 ιιι.

478 371 733 436 oeternis
776 371 1125 450 inferorum
1166 373 1495 452 suppliciis
1538 375 1939 436 addiceretur
1980 371 2055 435 ob
2098 372 2489 435 omissionem
2523 376 2727 448 actus,
2770 370 2883 450 qui
2944 369 3077 450 fuit

478 454 603 532 ipsi
646 450 1046 530 impossibilis
1063 474 1087 524 ‚·
1131 454 1312 532 atqui
1354 455 1464 516 hoc
1505 463 1821 534 repuqnat
1860 454 2088 517 divinoe
2131 450 2417 516 bonitati.
2582 526 2587 531 ⁶

560 531 626 595 R.
668 530 806 593 Νοιι
843 531 1078 594 desunt
1119 530 1518 610 Scholastici,
1560 537 1792 615 quibus
1838 548 2208 614 persuasum
2252 540 2351 595 est
2377 532 2605 595 saltem
2638 547 2748 594 eos
2790 528 3074 607 adultos,

478 615 582 754 gui
626 629 737 691 per
783 612 1172 691 Baptismum
1240 630 1304 675 ιιι
1351 615 1624 679 infantia
1691 624 2050 694 susceptum
2094 613 2425 692 justificati
2469 621 2638 687 sunt,
2696 627 2883 691 posse
2927 612 3073 675 sine

525 693 626 756 dei
673 701 817 754 actu
860 691 1114 755 salvari.
1160 691 1396 757 Verum
1447 696 1565 757 hoc
1610 696 1867 775 probari
1934 711 2062 756 non
2111 703 2347 773 potest;
2395 693 2538 755 ideo
2602 691 3073 771 respondemus

477 790 620 835 cum
668 773 727 835 d.
771 773 1040 835 Thema:
1088 789 1231 836 cum
1277 777 1517 838 nemini
1564 776 1730 839 Deus
1777 778 1839 838 in
1888 776 2269 838 necessariis
2324 774 2490 837 desit
2534 789 2739 852 neque
2783 772 3069 849 deserat,

477 856 601 915 nisi
650 857 826 932 prius
872 852 1226 929 deseratur,
1291 856 1540 918 curabit
1584 874 1737 935 ergo
1802 864 2078 935 gratuita
2145 873 2241 917 sui
2310 855 2594 917 bonitate
2648 853 3070 932 suppeditare

474 936 695 1013 (etiam
730 950 856 994 non
905 934 1235 1012 baptizatis
1265 937 1372 1015 qui
1409 937 1654 1000 iaciunt
1681 937 1848 1017 quod
1896 938 1958 997 in
1993 937 2146 1015 ipsis
2171 935 2318 1014 est),
2348 942 2418 997 ut
2456 935 2661 1012 legem
2706 933 3071 996 naturalem

475 1017 614 1095 rite⁸
645 1016 1009 1089 observant,
1054 1014 1261 1077 media
1307 1027 1663 1096 opportuna
1710 1018 1787 1080 ad
1833 1016 2214 1079 eliciendam
2264 1014 2452 1078 tidem
2497 1017 2575 1077 ad
2635 1015 2909 1078 salutem
2952 1030 3063 1076 ne·

475 1096 813 1159 cessariam
859 1094 1076 1172 (sicuti
1124 1093 1279 1158 tecit
1321 1113 1464 1159 cum
1508 1097 1826 1172 Cornelio,
1860 1098 2173 1160 mittendo
2218 1096 2583 1174 Angelum),
2628 1097 2715 1158 ita
2761 1104 2834 1158 ιιι
2878 1110 3068 1156 nemo

476 1191 697 1239 eorum
745 1186 962 1255 pereat
1005 1177 1084 1237 ob
1129 1175 1447 1240 detectum
1499 1179 1645 1240 [idei
1695 1180 1951 1241 sibimet
2016 1176 2431 1257 impossibilis
2478 1177 2522 1239 ¹.
2573 1176 2722 1239 Cum
2773 1175 2953 1251 Deus,
2996 1182 3070 1237 ut

475 1260 564 1319 ait
609 1256 755 1319 Pius
799 1254 880 1317 IX
942 1254 1305 1335 Encyclica,
1371 1256 1616 1331 Quanto
1681 1260 2030 1338 afficiamur
2091 1274 2369 1327 moerore,
2438 1257 2512 1320 to
2546 1274 2685 1336 aug.
2734 1255 2916 1330 1863,
2959 1255 3070 1333 qui

475 1338 748 1398 omnium
788 1342 1039 1411 mentes,
1083 1337 1344 1410 animos,
1390 1341 1797 1420 capitationes
1863 1338 2238 1417 habitusque
2280 1338 2464 1415 plane
2506 1339 2818 1411 intuetur,
2882 1352 3060 1398 scru-

479 1424 659 1479 tatur
699 1427 761 1479 et
800 1418 1022 1491 noscit,
1064 1433 1177 1495 pro
1218 1435 1459 1481 summa
1503 1437 1620 1482 sua
1666 1417 1941 1483 bonitate
1983 1426 2046 1482 et
2084 1420 2439 1491 clementia,
2478 1420 2731 1481 minime
2770 1418 3068 1497 patiatur

474 1501 824 1640 xuzmpiam
864 1498 1115 1560 oeternis
1157 1501 1378 1576 puniri
1426 1502 1787 1581 suppliciis,
1832 1502 1938 1581 qui
1987 1501 2359 1563 voluntariae
2400 1500 2599 1580 culpoe
2654 1506 2903 1562 reatum
2946 1512 3068 1557 non

517 1595 555 1640 a
600 1587 719 1649 eat,
763 1590 880 1639 etc.

552 1659 731 1720 Fides
777 1656 1036 1736 (addes)
1077 1660 1435 1721 necessaria
1481 1661 1562 1722 ad
1601 1659 2147 1737 justificationem,
2207 1677 2329 1722 non
2370 1665 2469 1719 est
2507 1660 2727 1737 firmus
2771 1672 3066 1721 assensus

339 1746 350 1757 ·
415 1752 430 1771 “
472 1741 556 1801 ad
588 1741 795 1801 omnia
831 1740 1110 1801 revetata
1153 1753 1193 1799 a
1240 1738 1399 1809 Deo:
1443 1743 1547 1803 sed
1591 1750 1841 1805 tantiam
1880 1742 2114 1819 fidncia
2160 1745 2227 1802 in
2269 1740 2503 1804 divinis
2538 1741 2890 1819 promissis,
2936 1753 3065 1816 qua

473 1822 613 1898 quis
655 1826 872 1898 sperat
910 1819 1190 1881 obtinere
1231 1834 1271 1880 a
1309 1819 1446 1895 Deo,
1482 1822 1590 1900 qui
1631 1822 1808 1883 ittam
1849 1824 2001 1885 dare
2032 1823 2337 1901 promisit,
2370 1836 2549 1882 sitam
2574 1822 2875 1901 qratiam.
2906 1817 3067 1880 Hinc

481 1900 773 1963 Christus
817 1902 897 1960 cd
939 1898 1407 1977 paralyticum:
1473 1903 1749 1977 confide,
1794 1903 1906 1977 fili,
1952 1904 2371 1964 remittuntur
2441 1900 2555 1963 tibi
2600 1909 2854 1995 peccata
2920 1908 3042 1960 tua.

473 1982 572 2042 Ad
614 1979 1194 2042 haemorrhoissam:
1240 1980 1509 2056 confide,
1555 1983 1706 2059 tilia,
1754 1983 1909 2045 fides
1954 1991 2058 2045 tna
2108 1990 2166 2045 te
2209 1983 2457 2045 salvam.
2498 1979 2652 2044 iecit
2694 1979 2742 2042 ².

556 2059 622 2123 R.
667 2061 1002 2140 Negando;
1050 2062 1206 2128 fides
1250 2064 1445 2135 enim,
1479 2079 1669 2141 quam
1716 2065 2008 2126 Christus
2052 2063 2129 2125 ad
2177 2062 2623 2126 remissionem
2656 2072 3063 2141 peccatorum

476 2142 772 2219 postulat,
817 2141 920 2202 illa
969 2150 1067 2204 est
1109 2162 1251 2224 qnae
1293 2144 1549 2222 profluit
1592 2161 1671 2217 ex
1712 2145 1894 2206 firmo
1939 2160 2203 2206 assensu
2251 2145 2328 2205 iis
2373 2143 2669 2205 omnibus
2715 2157 2856 2222 quae
2894 2141 3060 2202 Deus

480 2224 812 2287 revelavit.
847 2221 1033 2284 Patet
1069 2240 1146 2287 ex
1181 2241 1370 2303 scopo
1402 2239 1590 2303 quem
1637 2226 1771 2303 ipse
1820 2225 2041 2287 habuit
2065 2225 2348 2285 divinam
2384 2238 2561 2285 suam
2599 2219 3058 2301 comprobandi

473 2303 879 2373 missionem;
909 2302 987 2365 ad
1035 2304 1207 2370 hunc
1239 2310 1410 2370 enim
1450 2306 1641 2366 finem
1681 2322 1790 2369 sua
1824 2305 2151 2367 ordinavit
2194 2304 2525 2377 miracula,
2552 2312 2624 2365 ut
2670 2318 2899 2380 nempe
2928 2318 3059 2363 cre·

474 2382 738 2446 deretur
781 2382 979 2445 Filius
1025 2384 1154 2449 Dei.
1202 2388 1385 2450 Unde
1413 2386 1493 2449 ab
1535 2386 1832 2449 omnibus
1862 2387 1968 2466 qni
2004 2401 2185 2448 suam
2222 2386 2566 2464 exigebant
2600 2399 2807 2460 opem,
2846 2380 3061 2455 fidem,

476 2463 600 2523 imo
646 2474 711 2527 et
755 2464 1052 2526 fiduciam
1103 2469 1166 2530 in
1236 2470 1387 2547 ipsis
1432 2466 1750 2545 exigebat,
1796 2475 1864 2529 ut
1920 2473 2092 2546 patet
2134 2482 2207 2526 ex
2276 2466 2545 2544 objectis
2607 2463 2762 2525 locis
2805 2473 2871 2525 et
2914 2461 3057 2523 aliis

474 2542 783 2620 pluribus
831 2543 989 2605 Hinc
1034 2548 1196 2626 apud
1246 2550 1556 2611 Marcum:
1624 2548 1967 2609 Praedicate
2025 2545 2433 2624 Evanqelium
2494 2545 2661 2606 o‘mni
2701 2550 3057 2612 creatum,-

471 2627 579 2702 qui
622 2626 964 2687 crediderit
1000 2634 1063 2688 et
1124 2626 1490 2707 baptizatus
1551 2628 1772 2707 fuerit,
1813 2628 2029 2690 salvus
2090 2629 2231 2688 erit.
2276 2625 2454 2704 Apud
2518 2625 2861 2687 Ioannem:
2915 2622 3057 2685 Hoec

468 2706 712 2783 scripta
753 2712 906 2767 sunt
944 2713 1019 2767 ut
1057 2711 1351 2783 credatis,
1394 2710 1545 2788 quia
1587 2708 1768 2771 Jesus
1810 2716 1904 2770 est
1950 2707 2242 2770 Christus
2286 2707 2494 2769 Filius
2534 2705 2664 2780 Dei,
2711 2714 2772 2771 ct
2811 2711 2882 2766 ut
2926 2720 3051 2765 cre-

468 2785 681 2847 dentes
725 2788 920 2848 vitam
964 2786 1249 2852 habeatis
1297 2793 1366 2852 in
1405 2790 1663 2850 Nomine
1692 2791 1829 2867 ejus
1876 2788 1924 2852 3.
1968 2788 2191 2849 Merito
2227 2804 2380 2865 ergo
2423 2787 2875 2849 Tridentinum
2906 2801 3053 2845 con-

473 2876 567 2927 tra
617 2877 985 2929 novatores:
1034 2868 1102 2931 Si
1132 2872 1270 2949 quis
1314 2872 1555 2933 dixerit
1579 2868 1757 2948 fidem
1775 2869 2238 2948 justificantem
2274 2867 2434 2935 nihil
2476 2867 2656 2929 aliud
2689 2882 2837 2939 esse,
2873 2881 3055 2944 quam

466 2946 765 3023 fiduciam
793 2947 1021 3010 divina
1059 2944 1504 3014 misericordiae
1545 2956 1804 3027 peccata
1853 2950 2233 3012 remittentis
2263 2954 2518 3027 propter
2564 2947 2883 3009 Christum
2895 2965 2922 3015 ;
2963 2945 3058 3007 vet

467 3042 606 3087 eam
644 3027 939 3105 fiduciam
981 3031 1177 3093 solam
1219 3050 1369 3108 esse,
1410 3048 1534 3111 qua
1567 3031 2028 3110 justificamur,
2069 3029 2407 3092 anathema
2449 3031 2537 3090 sit
2578 3026 2626 3089 ⁴.

555 3199 771 3263 905.
824 3205 894 3283 Q.
946 3204 1006 3269 2.
1058 3206 1360 3284 Qucenam
1408 3205 1710 3272 credenda
1756 3215 1899 3269 sunt
1938 3203 2009 3268 de
2055 3202 2411 3269 necessitate
2456 3202 2641 3267 medii
2676 3200 2701 3244 ⁵
2738 3207 2770 3267 t>

558 3312 626 3378 R.
675 3308 892 3376 Adulti
942 3310 1022 3377 de
1075 3313 1468 3381 necessitate
1522 3312 1721 3381 medii
1772 3311 1893 3378 alia
1946 3310 2217 3387 credere
2266 3309 2510 3378 debent
2557 3308 2686 3376 fide
2733 3326 3053 3395 superna-

469 3417 661 3484 turali
712 3417 1056 3503 implicita;
1103 3420 1225 3486 alia
1279 3419 1406 3488 fide
1456 3412 1945 3506 supernaturali
1995 3418 2316 3504 eoeplicita.
2496 3400 2514 3425 ’

559 3523 719 3592 Fide
768 3518 1251 3610 supernaturali
1303 3526 1616 3613 implicita
1669 3527 1932 3611 (saltem
1983 3525 2197 3591 latiori
2247 3526 2477 3610 sensu)
2513 3523 2782 3592 credere
2815 3524 3054 3592 debent

470 3634 690 3703 omnia
741 3652 774 3699 a
826 3635 962 3700 Deo
1016 3634 1338 3701 revelata:
1391 3653 1629 3720 nempe
1680 3633 2129 3703 necessarium
2176 3640 2312 3715 est,
2364 3640 2435 3700 ut
2483 3630 2845 3718 generatim
2910 3650 3052 3700 cre-

467 3743 625 3810 dant
673 3760 821 3810 vera
869 3758 1017 3808 esse
1066 3742 1323 3824 omnia,
1377 3761 1525 3827 quae
1577 3760 1611 3809 a
1660 3744 1799 3809 Deo
1851 3740 2132 3809 revelata
2181 3747 2335 3808 sunt
2383 3748 2447 3807 et
2512 3758 2631 3825 per
2695 3740 3052 3809 Ecclesiam

467 3850 843 3936 proposita3
890 3849 979 3915 ita
1032 3848 1207 3917 enim
1256 3849 1456 3934 exigit
1493 3850 1607 3918 Dei
1645 3848 1994 3918 revelantis
2034 3847 2413 3916 auctoritas,
2448 3850 2689 3916 Verum
2738 3848 2880 3916 sola
2916 3849 3053 3916 haec

467 3956 782 4043 implicita
832 3954 994 4025 fides
1048 3973 1177 4025 non
1227 3957 1503 4025 sufficit:
1554 3956 1693 4025 sive
1742 3956 1917 4024 enim
1960 3960 2197 4043 agatur
2245 3953 2326 4020 de
2379 3961 2680 4038 tempore
2726 3962 2877 4023 ante
2925 3954 3056 4023 suf·

468 4065 798 4134 ficientem
846 4063 1178 4148 Evangelii
1233 4064 1857 4149 promulgationem,
1910 4062 2046 4153 sire
2096 4061 2176 4130 de
2224 4050 2525 4146 tempore
2575 4068 2727 4147 post
2765 4063 3055 4148 promul-

531 4326 545 4365 ¹
583 4327 694 4379 Act.
730 4338 783 4376 x.
816 4353 878 4365 —
917 4328 970 4377 V.
1009 4325 1061 4377 d,
1097 4325 1351 4386 Thomas
1390 4328 1572 4388 Quoest.
1604 4338 1697 4376 xiv
1728 4327 1788 4376 de
1820 4338 1942 4385 ver..
1979 4338 2026 4375 a.
2063 4329 2104 4377 1.
2130 4350 2194 4362 -
2231 4324 2401 4376 Bibbia
2452 4322 2503 4374 di
2560 4325 2753 4385 vence,
2806 4325 2912 4374 vol.
2972 4336 3053 4387 vu

464 4390 704 4461 dissert:
743 4390 887 4440 Sutia
917 4394 1101 4440 eterna
1131 4390 1298 4440 salute
1330 4391 1410 4440 dei
1441 4390 1637 4451 oentiti.
1669 4413 1734 4426 —-
1771 4389 1943 4440 Tesori
1976 4389 2030 4438 di
2071 4390 2367 4450 contidenza
2392 4391 2451 4439 in
2502 4386 2618 4437 Dio.
2672 4411 2737 4423 —
2788 4388 3051 4448 ne-Lugo,

466 4453 944 4574 ⁰¹g1’gffgussfssd‘,
975 4515 1026 4565 et
1056 4517 1133 4564 ιιι.
1558 4575 1569 4585 .
1698 4514 1721 4551 ι
1756 4488 1911 4563 κεῖνοι
1948 4523 2017 4585 gv
2038 4525 2053 4574 ;
2088 4513 2142 4586 et
2174 4512 2363 4562 soann.
2399 4523 2495 4577 πως.

527 4577 550 4618 ⁴
586 4578 724 4629 Sese.
759 4586 832 4635 vl,
866 4587 985 4627 can.
1025 4579 1098 4627 12.
1136 4601 1201 4613 -
1243 4576 1295 4626 V.
1327 4572 1700 4632 Bellarmtnus,
1736 4576 1803 4625 De
1834 4576 2230 4647 Justfflmtaone,
2264 4574 2298 4625 l.
2334 4586 2370 4635 ι,
2405 4586 2452 4625 c.
2487 4577 2538 4626 9.
2560 4599 2623 4631 -,-
2646 4574 2892 4635 Peru-one,
2920 4574 3055 4625 Proe·

457 4642 582 4692 tect.
624 4641 882 4701 Theotoy„
918 4638 1006 4689 ubi
1047 4640 1111 4687 De
1143 4639 1334 4698 pratia,
1370 4647 1495 4698 pars
1526 4639 1602 4688 2¹.
2606 4642 2615 4651 ·

531 4703 558 4743 ¹⁵
603 4704 655 4751 V.
695 4700 925 4763 Lignori,
962 4704 1097 4762 Opus
1132 4702 1284 4757 Mor„
1322 4702 1354 4750 Ι.
1383 4711 1440 4760 ιι,
1476 4711 1527 4750 n.
1554 4703 1602 4750 ιι.
1635 4724 1700 4737 -
1734 4699 1874 4760 Klee,
1911 4696 2083 4749 Storia
2115 4700 2192 4749 αι’
2213 4698 2385 4760 doymi
2417 4709 2527 4749 ecc.
