3292 5167
911 256 991 302 nn
1035 251 1217 303 virus
1264 257 1568 304 nummom
1617 254 1921 304 opeosrris
2631 234 2712 302 81

244 358 299 423 R.
336 353 430 421 Ad
481 356 553 422 3:
604 358 722 425 Est
768 357 1142 426 idololatrIa
1206 359 1423 428 scelus
1473 358 1773 445 profecto
1824 357 2339 442 atrocissimum,
2392 357 2569 444 quod
2624 358 2719 426 sic

184 460 417 531 ostendit
462 462 847 548 Angelicus:
896 467 1064 533 Sicut
1108 468 1275 532 enim
1321 467 1387 533 in
1427 478 1676 533 terrena
1721 465 2042 553 republica*
2085 465 2552 558 {pronissimum
2597 485 2723 536 esse

182 567 389 652 videtur,
432 570 601 652 quod
643 572 874 657 aliquis
904 574 1201 639 honorem
1228 573 1472 658 reqium
1503 573 1689 639 alteri
1725 572 2065 659 impendat,
2110 591 2300 657 quam
2337 593 2480 639 vero
2526 571 2721 658 reqi...

179 675 245 741 ita
267 675 321 740 in
346 676 619 761 peccatis
650 696 790 762 quoe
825 691 1043 746 contra
1076 682 1274 746 Deum
1304 681 1793 760 committuntur,
1835 698 1974 764 quae
2003 691 2212 746 tamen
2241 680 2723 760 summentium,

176 781 572 865 gri-ocissimum
617 804 745 850 esse
789 774 1051 869 videtur,
1099 785 1262 870 quod
1304 786 1538 870 aliquis
1584 787 1880 853 honorem
1926 785 2210 852 divinum
2255 798 2560 852 creaturoe
2610 785 2728 850 im-

175 885 355 973 pendat
366 912 390 965 ;
431 890 589 973 quia
630 903 937 976 quantum
984 905 1072 960 est
1114 897 1185 958 in
1229 913 1312 976 se,
1360 894 1513 978 facit
1558 893 1760 959 alium
1822 896 2021 960 Deum
2067 892 2135 958 in
2180 892 2410 958 mundo
2445 897 2493 958 ¹.
2543 890 2728 960 Unde

176 993 369 1061 merito
416 1013 451 1060 a
500 1015 555 1064 s.
608 999 928 1084 Gregorio
992 1001 1399 1070 Nazianzeno
1472 1018 1546 1067 ea
1617 989 1893 1068 vocatur
1949 1011 2309 1066 ecctremum
2353 1012 2409 1102 qt
2452 1000 2729 1086 primum

174 1101 439 1168 matorum
472 1101 501 1145 ²
518 1129 539 1184 3
596 1106 777 1190 quod
826 1107 1092 1193 quidem
1129 1109 1342 1193 primo
1392 1108 1518 1176 hoc
1568 1106 1876 1191 Decalogi
1916 1113 2252 1192 praecepto
2291 1106 2724 1190 prohibetur:

174 1226 271 1271 non
308 1208 549 1276 habebis
597 1212 738 1279 deos
774 1215 1017 1280 alienos
1063 1234 1277 1280 coram
1322 1235 1437 1280 me.

243 1321 409 1384 111).
461 1319 535 1398 Q.
588 1320 649 1384 2.
704 1320 868 1401 Quid
909 1335 1003 1388 est
1047 1320 1402 1387 divinatio?

240 1423 300 1488 R.
343 1424 673 1494 Divinatio
723 1428 941 1514 (quasi
1009 1428 1228 1495 divina
1284 1429 1487 1509 actio,
1537 1425 1639 1494 vel
1710 1425 1926 1492 divina
1976 1427 2175 1510 notio)
2228 1433 2331 1493 est
2400 1426 2595 1492 tacita
2642 1425 2732 1491 vel

171 1548 427 1613 appresso
472 1532 780 1600 doemonis
822 1535 1130 1602 invocatio
1186 1535 1271 1601 od
1330 1533 1783 1620 coqnoscendas
1827 1553 1927 1599 ⁴'es
1992 1534 2245 1618 futuras
2266 1533 2277 1546 ’
2301 1533 2397 1598 vel
2441 1532 2728 1599 occulta-3.

176 1633 423 1704 Dicitur:
471 1643 670 1707 tacita
714 1642 810 1708 vel
856 1661 1155 1729 conpressa
1169 1648 1198 1721 ,·'
1243 1642 1395 1728 quia
1444 1640 1691 1727 duplici
1757 1640 1951 1708 modo
2001 1659 2076 1707 ea
2127 1640 2269 1708 fieri
2319 1646 2582 1726 potest:
2631 1638 2733 1706 vel

176 1743 448 1813 auxilium
507 1766 543 1814 a
593 1747 902 1817 daemone
973 1767 1288 1836 expresse
1356 1746 1765 1830 invocando,
1816 1755 1882 1815 et
1939 1745 2184 1815 dicitur
2251 1765 2568 1834 cmpressa.
2617 1743 2735 1816 Vel

177 1849 510 1928 adhibendo
563 1855 647 1922 ad
689 1853 936 1943 aliquid
986 1857 1524 1943 cognoscendum
1559 1855 1775 1925 media
1808 1875 1889 1924 ex
1936 1875 2008 1924 se
2050 1855 2618 1923 omninoinutilia
2670 1860 2736 1922 et

180 1957 516 2041 inefficacia,
574 1969 639 2030 et
689 1962 932 2030 dicitur
975 1966 1166 2031 tacita
1214 1962 1539 2032 daemonis
1589 1964 1948 2045 invocatio;
2000 1980 2150 2030 cum
2199 1961 2376 2031 enim
2426 1961 2573 2028 talis
2639 1962 2733 2030 rei

187 2069 541 2136 consecutio
595 2087 629 2136 a
681 2072 820 2138 Deo
870 2070 1097 2139 haberi
1147 2078 1451 2156 nequeat,
1481 2070 1591 2157 qui
1619 2070 1833 2138 media
1859 2070 2076 2138 inania
2112 2089 2244 2138 non
2278 2065 2563 2137 instituit
2582 2087 2740 2150 ;ne-

182 2186 285 2253 que
322 2173 397 2240 ab
444 2175 715 2259 Angelis
767 2177 877 2262 qui
929 2177 1057 2245 illis
1107 2195 1238 2245 non
1288 2184 1589 2259 utuntur,
1638 2176 1945 2261 sequitur
1994 2176 2378 2262 praedictam
2429 2175 2732 2244 occulto-

187 2294 299 2343 rum
342 2281 647 2350 notitiam
696 2302 731 2349 3
780 2282 1085 2352 daemone
1134 2283 1486 2369 expectari,
1537 2284 1651 2369 qui
1698 2284 1765 2350 in
1816 2283 1917 2352 his
1966 2302 2038 2351 se
2087 2283 2435 2365 immiscet,
2473 2290 2545 2351 ut
2579 2300 2741 2369 pos-

185 2383 251 2450 sit
286 2385 581 2458 homines
633 2390 714 2459 ad
764 2391 865 2460 sui
915 2392 1168 2460 cultum
1217 2391 1500 2460 trahere.
1549 2393 1631 2458 Et
1680 2390 1807 2459 hoc
1855 2410 1934 2459 ex
1984 2408 2224 2475 genere
2294 2409 2415 2458 suo
2490 2389 2738 2476 grande

186 2492 363 2563 scelus
411 2505 560 2580 est,
627 2516 778 2566 cum
826 2500 914 2567 sit
961 2499 1346 2567 societatem
1394 2498 1562 2596 inire
1613 2516 1764 2566 cum
1813 2506 2045 2567 nostro
2119 2516 2193 2566 ac
2244 2504 2567 2584 perpetuo
2615 2496 2737 2566 Dei

188 2601 443 2671 inimico:
497 2613 791 2674 attamen
840 2606 1034 2674 tacita
1081 2605 1410 2675 invocatio
1459 2605 1862 2692 quandoque
1932 2623 1967 2672 a
2038 2605 2213 2691 gravi
2277 2603 2467 2690 culpa
2516 2610 2741 2690 potest

188 2713 444 2778 excusari
497 2714 599 2781 vel
635 2714 721 2781 ob
772 2709 1263 2798 simplieitatem
1311 2712 1411 2780 vel
1454 2713 1541 2781 ob
1575 2711 2254 2781 inconsiderationem
2304 2719 2369 2780 et
2421 2713 2734 2796 ignoran-

188 2814 311 2883 tiam
354 2836 587 2886 eorum
637 2819 751 2906 qui
801 2819 903 2887 his
943 2806 1215 2902 vacant,
1264 2818 1637 2906 praesertim
1687 2820 1740 2888 si
1791 2837 1870 2887 ex
1912 2820 2068 2905 jnco
2118 2826 2184 2888 et
2232 2819 2518 2901 levitate²
2570 2818 2742 2904 quin-

188 2923 395 3008 aliquid
440 2926 604 2994 mali·
648 2927 1091 3013 suspicentur,
1138 2927 1228 2993 ita
1276 2944 1348 2995 se
1396 2934 1645 3012 gerant.
1857 3001 1864 3008 ,

258 3033 406 3097 ΙΙΙ.
458 3038 533 3117 Q.
584 3036 646 3102 3.
699 3035 861 3116 Quid
902 3036 975 3101 de
1019 3047 1408 3102 mortuorum
1453 3035 1996 3121 apparitionibus?

257 3142 316 3208 R.
361 3145 632 3210 Certum
682 3150 784 3211 est
832 3150 1247 3210 mortuorum
1296 3141 1744 3228 apparitiones
1793 3160 1941 3210 esse
1989 3141 2380 3227 possibiles,
2433 3143 2570 3208 Deo
2624 3157 2740 3218 vo-

191 3245 377 3331 lente3
421 3266 574 3319 cum
621 3251 792 3319 bene
842 3249 1053 3336 possit
1100 3250 1421 3317 suscitare
1470 3250 1584 3335 qui
1634 3248 1852 3336 potuit
1901 3267 2145 3330 creare,
2182 3257 2246 3316 et
2286 3247 2600 3333 plurimas
2637 3264 2746 3330 geP

193 3356 355 3423 nuina
401 3359 679 3427 historia
729 3364 1025 3427 enarret:
1076 3357 1251 3426 unde
1298 3357 1599 3439 dicimu3‚
1641 3374 1754 3425 eas
1804 3374 1936 3424 non
1986 3375 2136 3425 esse
2184 3364 2317 3423 tam
2366 3355 2554 3423 facile
2604 3353 2743 3421 irri-

193 3461 459 3534 sionibus
509 3473 574 3535 et
626 3445 1014 3551 contemptu
1087 3463 1551 3550 excipiendas,
1628 3464 1720 3531 uti
1795 3464 2189 3552 quibusdam
2255 3463 2571 3531 familiare
2621 3468 2743 3529 est.

196 3569 329 3637 {linc
374 3572 611 3641 merito
659 3572 722 3640 d.
768 3573 1176 3658 Augustinus
1202 3567 1269 3634 ⁴⁸:
1319 3576 1571 3659 Maqnae
1616 3571 2014 3659 impudentioe
2067 3585 2155 3646 est
2220 3591 2450 3658 παραφε
2495 3569 2746 3637 animas

195 3678 487 3748 identidem
532 3703 565 3748 e
608 3683 741 3750 suis
783 3682 1025 3750 sedibus
1069 3681 1153 3748 ad
1194 3702 1309 3749 nos
1354 3681 1589 3760 emitti3
1635 3701 1779 3748 cum
1822 3694 1908 3748 tot
1978 3683 2102 3749 viri
2146 3681 2453 3768 sapientes
2521 3691 2574 3745 et
2620 3681 2747 3745 Deo

192 3787 332 3870 pleni
370 3789 639 3877 idipsum
685 3791 930 3898 ragione
972 3802 1028 3857 et
1071 3791 1490 3877 experimento
1536 3787 1926 3876 comprobent
1969 3808 2099 3857 suo.

264 3893 393 3962 Non
441 3903 660 3964 tamen
711 3896 1102 3981 negandum,
1153 3894 1331 3983 quod
1377 3895 1560 3964 hisce
1594 3895 2123 3981 apparitionibus
2159 3901 2348 3963 caute
2383 3888 2743 3958 admodum

200 3994 331 4067 fides
374 4001 457 4070 sit
505 4002 918 4080 adhihenda,
970 4021 1119 4071 cum
1169 4004 1532 4071 innumerae
1582 4002 1841 4070 diffusae
1894 4003 2027 4070 sint
2074 4002 2196 4069 hac
2244 4018 2447 4086 super
2494 4016 2564 4065 re
2607 4015 2752 4064 nar-

201 4108 551 4180 ratiunculae
604 4131 880 4200 prorsus
928 4112 1248 4182 fabulosae
1284 4112 1384 4180 vel
1433 4111 1514 4179 ad
1553 4111 1863 4179 timorem
1902 4108 2383 4188 incutiendum,
2417 4104 2518 4173 vel
2552 4106 2751 4173 etiam

201 4213 263 4279 ad
303 4218 625 4304 simplices
675 4220 858 4305 ipsos
907 4217 1332 4306 decipiendos
1372 4219 1870 4288 consarcinatae.
1911 4217 2035 4298 Qui
2068 4216 2308 4284 horum
2340 4230 2559 4296 causa,
2598 4229 2752 4298 gra-

254 4505 499 4623 :i'ilz’sse
530 4510 679 4622 233·ss
684 4511 790 4635 '1136
818 4544 1077 4623 'mor-tuis.
1119 4593 1184 4608 -—
1238 4571 1296 4621 V.
1327 4570 1522 4628 veneo,
1554 4505 2054 4628 B'ibglofft'ffis‘sfflltff'
2067 4565 2175 4618 vol.
2207 4576 2271 4617 n:
2325 4567 2668 4629 Appartzione
2697 4564 2752 4614 αἱ

211 4627 400 4684 Samuele
428 4649 461 4685 a
493 4635 683 4687 Sancte.
737 4660 801 4673 —
833 4633 1063 4697 Lignum,
1098 4634 1306 4684 Dissert.
1344 4630 1877 4694 Τὴεοιορὶοο-Μοναιῑ,
1924 4630 2062 4681 DisS.
2113 4640 2172 4689 11,
2227 4640 2282 4680 n.
2337 4631 2413 4681 16.
2448 4655 2510 4667 —
2541 4628 2753 4687 calino,

213 4690 538 4758 Quaresimam
572 4710 625 4761 p.
664 4709 754 4749 111:
790 4697 877 4749 Sul
904 4697 1228 4761 puryatorio.
