3292 5167
1084 234 1164 277 nr.
1206 230 1455 280 acrinus
1503 233 1846 281 accinimus
2673 210 2757 277 23

169 340 451 395 nontam
499 332 705 395 dubia
751 350 909 397 vera
965 336 1112 406 sint,
1177 350 1365 414 quam
1411 337 1635 399 inanes
1699 336 1989 415 quaedam
2062 334 2626 414 apprehensiones.
2694 331 2759 396 Si

169 430 290 475 vero
333 413 423 474 de
472 416 721 476 ceteris
766 416 1002 494 agitur,
1030 416 1378 477 videndum
1425 426 1544 490 est,
1588 432 1668 478 an
1709 417 1974 479 dubium
2020 417 2102 480 sit
2148 431 2323 477 mere
2367 416 2761 492 negativum,

166 495 208 559 si
244 509 483 574 nempe
532 494 788 557 nullum
838 496 1119 574 prudens
1163 497 1313 558 binc
1360 496 1509 559 inde
1548 500 1857 560 motivum
1903 496 2136 559 babeas
2184 512 2405 571 necne,
2453 496 2619 573 quod
2662 495 2753 555 di·

168 578 351 649 xeris;
398 592 489 637 au
536 592 696 638 vero
744 576 1110 656 positivum,
1134 578 1184 638 si
1234 571 1462 655 nempe
1510 577 1860 656 prudenter
1903 578 2147 652 credaS,
2197 587 2253 639 te
2299 576 2528 641 Horam
2583 575 2760 637 illam

164 658 274 737 jam
314 658 663 733 recitasse,
707 674 763 717 v.
810 674 892 735 g.‚
931 659 981 718 si
1024 658 1403 720 memineris
1437 665 1497 720 te
1534 659 1850 737 incepisse
1895 657 2210 721 Psalmum
2250 656 2352 719 vel
2387 658 2577 721 aliam
2617 671 2757 734 par-

172 749 301 812 tem,
342 746 415 799 et
461 738 677 801 soleas
722 738 802 800 de
848 754 1024 800 more
1069 739 1380 878 {erficere
1423 739 1590 817 quod
1636 738 1836 801 semel
1884 740 2201 818 incepisti.

240 819 304 881 In
351 819 574 898 primo
618 834 770 881 casu
816 827 992 881 tenet
1034 835 1069 881 o
1121 817 1360 896 ligatio,
1403 820 1548 898 quia
1608 820 1675 881 in
1725 818 1835 881 illo
1881 818 2072 882 dubio
2118 819 2432 897 possessio
2476 826 2601 880 stat
2648 831 2761 895 pro

177 908 508 979 praecepto.
544 898 612 960 In
660 898 946 961 secundo
978 914 1104 960 nou
1154 907 1360 962 tenet:
1392 907 1457 961 et
1489 901 1606 961 boc
1642 909 1739 961 est
1770 901 2359 963 communissimum
2394 913 2536 960 cum
2566 895 2764 974 Lugo,
2859 891 2866 902 '

174 981 469 1054 Navarro,
510 977 886 1056 Roncaglia,
931 978 1218 1041 Sancite-1.
1260 988 1326 1042 et
1366 978 1728 1059 Tournely;
1784 983 1931 1060 quia
1976 979 2392 1059 praesumptio
2448 977 2613 1056 quod
2662 991 2756 1037 so·

178 1062 297 1125 leas
336 1060 662 1139 perficere
705 1059 873 1139 quod
920 1060 1234 1140 incepisti,
1282 1072 1341 1122 te
1387 1059 1537 1123 facit
1581 1060 1913 1124 moraliter
1943 1070 2189 1124 certum
2213 1069 2530 1139 praecepto
2573 1058 2755 1121 satis-

178 1144 413 1205 fecisse.
477 1139 646 1203 Sane
696 1157 797 1203 res
849 1140 1225 1204 resolvenda
1263 1150 1361 1204 est
1403 1158 1482 1202 ex
1513 1145 1941 1205 communiter
1976 1139 2518 1216 contingentibus.
2551 1139 2762 1201 Adde:

180 1224 225 1285 si
266 1239 451 1285 secus
496 1230 690 1296 esset,
734 1222 1049 1300 scrupulis
1097 1219 1217 1284 lata
1265 1223 1364 1284 via
1404 1225 1776 1301 aperiretur
1809 1221 1854 1284 ¹.

253 1316 402 1381 32·
459 1322 532 1400 Q.
584 1323 645 1387 4.
704 1321 974 1402 Quinam
1021 1323 1230 1388 Horas
1275 1341 1611 1414 canonicas
1656 1322 1923 1389 recitare
1955 1326 2290 1388 tenentur?

256 1432 327 1498 R.
400 1431 615 1496 Horas
690 1428 1032 1496 canonicas
1106 1429 1383 1497 recitare
1457 1436 1767 1498 tenentur
1822 1428 1929 1496 alii
1993 1428 2048 1495 vi
2098 1427 2350 1495 Ordinis
2403 1425 2603 1506 sacri:
2653 1423 2759 1491 alii

180 1537 228 1603 vi
274 1536 628 1618 Beneficii3
680 1536 790 1603 alii
838 1536 894 1601 vi
946 1537 1377 1624 professionis
1426 1536 1490 1605 in
1539 1537 1878 1622 Religione
1926 1521 2307 1624 approbata.
2358 1537 2495 1602 lmo
2539 1530 2764 1619 quoad

179 1661 400 1712 omnes
475 1633 871 1727 obligatos,
914 1641 1097 1711 adest
1146 1661 1413 1730 quoque
1461 1662 1541 1712 ex
1589 1644 1731 1730 ipsa
1779 1642 2088 1711 Breviarii
2139 1640 2642 1728 praescriptione
2689 1656 2764 1706 ac

183 1750 665 1820 consuetudine
737 1768 928 1836 grave
996 1760 1405 1837 praeceptum
1454 1752 1769 1820 recitandi
1820 1751 2015 1820 etiam
2066 1757 2247 1819 extra
2290 1750 2566 1817 eborum
2616 1745 2767 1814 offi-

179 1861 343 1929 cium
390 1860 887 1929 Defunctorum
933 1858 1038 1927 die
1076 1860 1362 1928 secunda
1413 1860 1817 1929 novembris:
1869 1858 2047 1946 quod
2096 1866 2312 1925 tamen
2357 1856 2565 1942 pridie
2599 1854 2767 1924 anti-

177 1969 367 2054 cipari
446 1975 695 2053 potest.
750 1968 916 2034 Item
965 1965 1193 2035 eadem
1245 1968 1457 2053 gravis
1507 1968 1824 2053 obligatio
1875 1966 2060 2035 adest
2110 1963 2425 2034 recitandi
2475 1961 2764 2030 Litanias

178 2075 570 2144 Sanctorum
620 2081 764 2142 tum
812 2073 918 2142 die
967 2093 1018 2142 s.
1067 2076 1288 2157 Marci,
1341 2082 1482 2143 tum
1531 2075 1745 2144 tribus
1794 2074 2231 2159 Rogationum
2281 2071 2553 2139 diebus:
2613 2087 2764 2156 quae

177 2191 381 2250 tamen
439 2200 573 2250 non
625 2188 906 2267 possunt
955 2182 1165 2268 pridie
1212 2182 1494 2266 recitari,
1543 2183 1695 2268 quia
1743 2182 1872 2250 illae
1922 2181 2234 2249 dicuntur
2270 2181 2418 2249 loco
2457 2178 2767 2246 assisten-

174 2290 274 2356 tile
322 2287 406 2355 ad
457 2288 998 2374 processionem:
1051 2289 1389 2375 processio
1425 2297 1643 2358 autem
1681 2288 1915 2357 diebus
1954 2288 2362 2355 naturalibus
2402 2286 2589 2353 affixa
2640 2289 2760 2364 est,
2834 2363 2840 2369 ,

174 2399 261 2464 uti
310 2395 676 2465 declaravit
726 2396 792 2463 S.
845 2398 911 2463 C.
961 2396 1227 2464 Rituum
1281 2400 1362 2463 15
1401 2396 1568 2482 junii
1623 2400 1794 2465 1776
1842 2395 1891 2466 ².

255 2501 404 2567 88.
464 2506 536 2584 Q.
589 2506 652 2571 5.
705 2504 976 2584 Quinam
1020 2514 1306 2570 tenemur
1351 2504 1435 2570 ad
1480 2507 1690 2572 Horas
1735 2505 1797 2571 vi
1847 2505 2103 2573 Ordinis
2148 2502 2366 2571 sacri?

253 2612 325 2677 R.
375 2612 727 2678 Tenentur
771 2603 902 2677 sub'
944 2608 1201 2677 mortali
1255 2609 1477 2679 clerici
1534 2629 1767 2679 omnes
1840 2612 1905 2679 in
1978 2611 2195 2679 Sacris
2268 2604 2658 2684 constituti,
2709 2603 2760 2669 si

177 2715 453 2784 Ordines
502 2723 743 2801 sponte
792 2716 1239 2802 susceperint:
1291 2716 1490 2803 idque
1537 2736 1615 2785 ex
1663 2718 1858 2786 variis
1909 2718 2197 2787 textibus
2241 2714 2430 2802 juris,
2480 2730 2560 2780 ex
2596 2712 2766 2778 Cou-

175 2824 319 2892 cilio
366 2824 737 2892 Basileensi
788 2830 851 2892 et
898 2842 979 2892 ex
1028 2823 1483 2910 antiquissima
1534 2827 1850 2894 Ecclesiae
1888 2823 2390 2905 consuetudine,
2434 2838 2583 2908 quae
2635 2818 2762 2885 vim

175 2930 329 3016 legis
377 2932 584 2999 babet
631 2927 682 2998 ³.
717 2933 1055 2999 Tenentur
1090 2931 1244 3000 licet
1278 2932 1410 2999 sint
1443 2933 2025 3015 excommunicati,
2060 2931 2387 3017 suspensi,
2426 2925 2759 3014 degradati

174 3040 328 3107 etin
378 3037 764 3107 carceribus
814 3038 1082 3120 inclusi3
1136 3057 1282 3106 nam
1331 3061 1508 3108 nevno
1547 3042 1711 3107 debet
1747 3053 2066 3129 reportare
2100 3038 2484 3112 commodam
2515 3057 2596 3102 ea:
2621 3053 2769 3122 pro-

169 3147 313 3232 pria
362 3146 717 3231 iniquitate.
770 3145 999 3214 Plures
1048 3155 1265 3215 tamen
1318 3147 1656 3234 excipiunt
1704 3146 2047 3216 damnatos
2097 3146 2176 3213 ad
2226 3145 2550 3224 triremeS,
2614 3137 2766 3227 quia

175 3260 324 3322 tunc
373 3253 676 3321 recitatio
726 3260 905 3321 esset
954 3254 1016 3321 in
1071 3253 1360 3323 dedecus
1413 3254 1697 3337 Ordinis,
1749 3263 1813 3323 et
1861 3256 2058 3323 simul
2108 3269 2278 3322 onus
2329 3249 2514 3320 valde
2573 3266 2765 3334 grave

176 3366 233 3428 et
266 3360 477 3428 ferme
511 3360 946 3447 impossibile.
981 3362 1313 3430 Diximus:
1365 3364 1421 3430 si
1470 3363 1731 3430 Ordines
1761 3373 1973 3449 sponte
2001 3362 2412 3448 susceperint;
2445 3359 2557 3444 qui
2591 3357 2766 3426 enim

178 3465 565 3535 ordinantur
629 3468 816 3535 inviti
888 3475 1065 3535 tanta
1135 3469 1537 3555 obligatione
1585 3486 1712 3537 non
1762 3471 2088 3557 ligantur,
2141 3469 2265 3536 nisi
2316 3468 2520 3536 libere
2568 3473 2763 3533 utan-

180 3580 280 3641 tur
322 3582 641 3660 suscepto
677 3574 940 3643 Ordine.
988 3578 1153 3644 Item
1201 3576 1279 3644 ad
1328 3578 1783 3647 recitationem
1835 3597 1964 3646 non
2012 3585 2321 3645 tenentur
2369 3574 2649 3643 ordinati
2699 3573 2762 3638 in

179 3680 449 3749 infantili
524 3690 722 3752 aetate
791 3702 872 3750 ex
941 3683 1301 3753 Benedicto
1355 3673 1525 3756 xlv‘:
1575 3685 1674 3753 vel
1725 3695 1875 3753 ante
1924 3685 2377 3770 pubertatem,
2429 3682 2484 3750 si
2536 3688 2762 3767 postea

176 3807 299 3857 non
348 3790 845 3871 consenserint3
897 3791 1223 3859 babeutur
1268 3793 1444 3859 enim
1495 3793 1585 3859 uti
1637 3792 1921 3859 ordinati
1973 3810 2090 3878 per
2147 3799 2394 3859 metum
2458 3803 2762 3874 gravem,

178 3897 281 3980 qui
332 3896 747 3985 probabilius
798 3895 878 3963 ad
921 3898 1375 3966 recitationem
1426 3918 1556 3966 non
1607 3899 2022 3984 obligantur:
2075 3915 2224 3965 nam
2275 3916 2404 3965 non
2458 3901 2767 3962 censetur

176 4001 463 4071 Ecclesia
537 4003 706 4071 velle
778 4021 896 4071 eos
967 4004 1261 4089 obligare
1316 4004 1397 4072 ad
1448 4006 1575 4075 tale
1625 4025 1795 4073 onus
1845 4004 2040 4073 nimis
2091 4022 2303 4089 grave,
2354 4001 2466 4088 qui
2523 3997 2762 4086 sponte

180 4110 439 4178 omniuo
489 4110 813 4178 Ordinem
860 4128 1122 4179 sacrum
1170 4130 1301 4179 non
1351 4120 1791 4197 susceperuut
1842 4114 1890 4179 ⁴.

235 4251 256 4290 ¹
296 4251 348 4301 V.
387 4252 620 4316 Lignori,
650 4253 822 4302 Homo
852 4252 1050 4316 Apost„
1085 4254 1219 4315 App.
1257 4265 1332 4313 ιιι,
1371 4266 1422 4304 n.
1459 4257 1538 4305 69.

235 4312 259 4353 ²
296 4315 349 4364 V.
382 4316 705 4366 Benedictus
740 4315 878 4374 XIV,
911 4315 1265 4378 Notificatione
1296 4327 1490 4376 xxvm;
1523 4341 1586 4353 —
1617 4314 1846 4378 Lignori,
1883 4316 2019 4376 opus
2063 4315 2216 4372 Mor„
2248 4312 2287 4362 l.
2318 4322 2390 4371 w,
2436 4323 2489 4362 u.
2542 4313 2665 4372 ¹⁶¹3
2699 4335 2760 4346 ——

185 4375 232 4424 Ρ.
260 4376 566 4430 Vincentius
600 4383 645 4430 Α
682 4379 878 4436 Massa,
915 4379 1267 4430 lnstteuttones
1315 4379 1560 4440 Lituryioe
1589 4390 1789 4436 sacroe,·
1821 4403 1884 4415 —
1919 4380 1972 4427 L.
2008 4377 2276 4436 Ferraris;
2313 4375 2374 4425 V.
2417 4374 2659 4436 Officium.
2693 4397 2754 4408 —

185 4435 350 4497 Quoad
382 4442 474 4492 reli
532 4453 670 4492 osos
702 4440 829 4491 vide
864 4439 973 4491 Lib.
1010 4454 1046 4502 i,
1081 4453 1136 4492 n.
1158 4442 1272 4503 487,
1294 4440 1383 4492 ubi
1417 4442 1481 4493 de
1511 4452 1697 4490 eorum
1731 4438 2162 4502 obligationibus.

235 4501 257 4540 ⁸
284 4505 358 4553 Ex
390 4515 435 4554 c.
547 4504 761 4566 esbyter
793 4514 847 4564 ι;
880 4514 925 4552 c.
961 4504 1195 4555 nolentes
1226 4516 1299 4564 tx,
1333 4504 1384 4554 b.
1422 4503 1498 4555 tit.
1537 4501 1690 4564 Apud
1728 4503 1936 4553 Graecos
1969 4501 2116 4560 nulla
2149 4502 2231 4552 est
2262 4500 2346 4570 lex
2365 4507 2637 4561 expressa,
2662 4496 2753 4568 sed

176 4565 335 4626 quoad
369 4566 485 4619 illos
519 4576 753 4631 quoque
786 4566 1117 4617 consuetudo
1150 4565 1437 4617 laudabilis
1468 4565 1695 4616 invaluit
1727 4563 1971 4615 Officium
2002 4561 2277 4623 recitandi,
2311 4563 2389 4613 uti
2424 4561 2501 4611 ait
2539 4557 2754 4610 Benedi-

173 4628 273 4679 ctus
301 4629 436 4692 xlv,
472 4630 892 4683 Constitutione
923 4629 1000 4680 Eo
1032 4631 1279 4693 quamvis.

221 4689 243 4731 ί
278 4693 330 4743 V.
361 4694 603 4758 Lignori,
645 4692 794 4754 Opas
823 4691 981 4752 Mor„
1014 4690 1050 4741 l.
1081 4703 1157 4752 tv,
1186 4702 1240 4742 n.
1278 4690 1395 4752 ¹443
1429 4688 1461 4739 l.
1496 4699 1574 4748 ιιι,
1605 4699 1657 4738 n.
1696 4687 1888 4751 197;,t.
1924 4699 2000 4750 vi,
2035 4700 2088 4740 n.
2122 4689 2232 4741 811.
