3292 5167
913 161 993 208 nn
1037 148 1216 209 viriis
1261 158 1565 209 nauclom
1602 161 1907 210 OPPOSITIS
2619 146 2694 213 91

238 259 396 324 m.
437 259 501 334 Q.
545 260 603 323 2.
649 259 811 336 Quid
848 262 921 325 de
963 260 1326 326 rotantibus
1372 260 1610 326 tabulis
1652 279 1730 325 ac
1784 263 2176 339 spiritismo?

237 343 293 404 Il.
322 340 565 404 Tabnlae
611 351 892 405 rotantes
935 343 1128 405 hodie
1171 352 1299 405 non
1356 346 1665 406 exhibent
1711 344 2152 407 tantummodo
2199 344 2556 410 faenomena
2606 363 2712 408 ro·

187 423 385 489 tationis
427 430 674 484 motus:
716 438 859 501 qnae
902 439 1130 502 nempe
1175 425 1239 485 in
1307 440 1531 504 gyrum
1580 433 1941 499 versantur,
2005 425 2157 487 dum
2204 442 2236 487 a
2284 426 2705 490 circumstan-

188 506 298 567 tium
334 501 512 563 simul
559 505 868 565 connexis
911 504 1207 567 manibus
1255 513 1638 584 tanguntur;
1685 503 1794 566 sed
1826 503 1980 566 illud
2014 507 2208 568 etiam
2265 507 2712 584 praeseferunt,

186 581 305 663 quod
342 598 459 644 uno
501 583 604 643 vel
648 584 853 646 altero
920 585 1077 663 pede
1125 594 1358 646 terram
1422 584 1842 663 percutiendo
1886 595 1951 646 et
1994 585 2268 647 diversis
2338 588 2569 649 ictibus
2615 588 2709 651 di·

184 679 347 727 versas
378 662 700 742 alphabeti
749 665 970 727 literas
1002 665 1370 739 indicando,
1413 665 1968 743 interrogantibus
2005 682 2309 744 responsa
2365 670 2713 730 exhibeant

184 745 240 807 de
271 743 440 805 rebus
481 760 747 822 prorsus
793 746 1054 824 ignotis,
1097 746 1332 809 abditis
1377 745 1476 808 vel
1510 756 1692 809 extra
1727 758 2110 824 praesentem
2147 747 2342 808 vitam
2403 751 2705 826 peractis:

183 838 286 903 quae
319 823 561 903 quidem
609 828 804 887 etiam
852 828 914 886 in
962 827 1248 905 subjecto
1296 828 1539 904 papiro,
1587 835 1802 906 aptato
1847 826 1924 888 ad
1974 827 2196 904 pedem
2245 825 2509 902 calamo,
2554 834 2709 890 scri·

182 904 321 974 hunt,
356 906 650 982 pingunt,
693 914 758 968 et
801 905 926 968 alia
971 922 1128 968 mira
1179 906 1442 969 faciunt.

235 983 401 1046 Porro
442 985 751 1064 quidquid
798 987 883 1048 sit
911 986 990 1051 de
1032 987 1307 1067 simplici
1349 994 1523 1050 motu
1565 985 1945 1061 tabularum,
1980 987 2087 1066 qui
2120 986 2335 1048 forsan
2367 986 2445 1049 ad
2471 998 2716 1051 certum

178 1062 390 1142 gradum
421 1080 534 1144 per
578 1075 938 1129 contactum
981 1084 1160 1130 mere
1205 1068 1535 1148 physicum
1563 1068 1876 1129 naturalis
1920 1084 2058 1129 esse
2102 1070 2339 1146 poterit
2381 1065 2463 1146 (si
2502 1080 2716 1131 tamen

182 1148 401 1224 imperio
444 1147 800 1210 voluntatis
844 1163 972 1209 non
1017 1148 1147 1224 fiat,
1192 1166 1334 1211 cum
1382 1149 1677 1209 voluntas
1722 1148 2076 1227 spiritualis
2120 1164 2197 1208 ex
2242 1166 2310 1210 se
2362 1149 2718 1212 nullimode

179 1229 336 1305 possit
375 1226 647 1290 influere
692 1230 757 1289 in
808 1228 1101 1307 physicas
1147 1238 1392 1292 naturae
1440 1228 1612 1307 leges
1659 1237 1880 1307 utpote
1943 1236 2333 1299 constantes,
2388 1230 2602 1292 firmas
2647 1245 2720 1293 ac

179 1308 594 1386 necessarias);
637 1304 976 1371 indubium
1021 1317 1120 1371 est
1161 1310 1328 1389 quod
1374 1313 1569 1371 ceteri
1603 1310 1870 1375 effectus
1916 1308 2304 1371 diabolicum
2336 1325 2495 1388 opus
2527 1309 2722 1372 infer·

180 1386 469 1465 nalemque
494 1388 966 1451 divinationem
994 1390 1441 1468 praeseferunt,
1483 1406 1623 1451 cum
1659 1389 1751 1450 illi
1786 1392 2042 1451 nonnisi
2082 1405 2288 1451 causae
2321 1391 2721 1470 intelligenti

178 1467 453 1531 tribuendi
501 1471 656 1531 sint.
697 1468 995 1547 Nunquid
1063 1471 1233 1533 enim
1282 1470 1382 1545 (ad
1431 1487 1562 1532 rem
1608 1468 1811 1549 Gury)
1859 1486 1974 1548 ipsi
2025 1468 2254 1532 tabulae
2322 1469 2552 1547 ligneae
2614 1479 2722 1533 aut

178 1561 502 1610 marmoreae
546 1553 941 1629 quaestiones
1008 1562 1395 1630 proponunt,
1437 1559 1503 1612 et
1546 1551 1624 1611 ab
1682 1551 1909 1633 ‚eadem
1961 1566 2262 1629 responsa
2323 1550 2722 1630 expectanti

180 1627 354 1691 nullus
391 1631 549 1702 adeo
599 1634 862 1692 insanus
908 1640 976 1692 ut
1018 1632 1270 1704 credat3
1307 1629 2039 1710 communis'persuasio
2085 1641 2203 1704 est,
2256 1646 2388 1692 rem
2437 1633 2535 1709 agi
2577 1646 2722 1693 cum

180 1710 488 1786 spiritibn3‚
527 1726 563 1772 a
613 1711 846 1789 quibus
892 1712 1122 1773 tabnlae
1167 1721 1506 1773 moventur
1570 1720 1635 1772 et
1700 1720 1865 1773 terra
1925 1715 2297 1789 percutitur.
2358 1710 2487 1772 Iino
2536 1714 2724 1775 hosce

179 1792 396 1868 spiritus
437 1798 970 1869 mortuorumque
1013 1794 1258 1855 animas
1302 1810 1379 1853 ex
1415 1791 1702 1870 professo
1746 1793 1939 1854 etiam
1967 1800 2276 1863 evocant;
2319 1808 2394 1853 ex
2432 1808 2556 1870 quo
2601 1793 2722 1871 spi-

179 1870 375 1933 ritismi
415 1886 676 1946 nomen,
719 1871 822 1939 vel
866 1872 1209 1950 spirituum
1248 1873 1734 1951 percutientium
1782 1871 1826 1933 ¹.
1870 1873 1986 1945 Qui
2045 1873 2309 1949 spiritus
2374 1881 2550 1934 certo
2615 1889 2721 1934 ne·

182 1959 380 2027 queunt
416 1968 562 2014 esse
607 1952 792 2024 boni;
842 1953 1104 2032 impium
1151 1970 1306 2015 sane
1349 1961 1413 2015 et
1480 1952 1918 2030 blasphemum
1967 1951 2134 2014 roret
2176 1969 2468 2015 asserere
2522 1953 2728 2015 bonos

182 2032 400 2108 spiritus
443 2033 851 2095 intervenire
893 2036 987 2107 (et
1030 2034 1228 2096 Deum
1281 2034 1654 2112 permittere
1712 2041 1781 2095 ut
1835 2034 2301 2111 interveniant)
2362 2033 2718 2111 puerilibus

183 2110 465 2175 hominum
515 2112 711 2188 ludis,
755 2130 974 2177 eorum
1021 2130 1203 2176 vanae
1239 2113 1552 2175 voluntati
1600 2113 2048 2192 obtemperare
2085 2124 2149 2174 et
2179 2113 2574 2189 stultissimas
2620 2130 2726 2177 cu·
2830 2152 2836 2157 -

185 2194 407 2254 riositati
455 2192 852 2255 satisfacere.
896 2194 1174 2273 Spiritus
1218 2212 1369 2273 ergo
1406 2194 1496 2255 illi
1529 2204 1681 2254 sunt
1726 2196 1989 2273 spiritus
2023 2195 2169 2256 mali
2209 2211 2239 2255 a
2275 2194 2404 2254 Deo
2433 2199 2495 2255 in
2537 2202 2725 2257 aeter·

188 2286 303 2332 num
339 2274 691 2348 maledicti,
740 2276 845 2352 qui
881 2275 1126 2354 jugiter
1165 2274 1532 2336 bominibus
1565 2273 1955 2337 insidiantur
2004 2291 2111 2336 eos
2156 2275 2635 2337 subvertentes:
2665 2284 2731 2337 at

188 2352 301 2429 quid
352 2355 627 2432 (quaeso)
668 2358 866 2433 magis
927 2355 1345 2429 horrendum,
1386 2364 1451 2417 et
1505 2357 2022 2431 superstitiosum
2068 2371 2206 2424 esse
2254 2365 2485 2433 potest,
2540 2371 2727 2434 quam

189 2447 292 2493 cum
334 2433 454 2496 illis
491 2440 867 2497 societatem
919 2436 1085 2498 inire
1130 2447 1194 2497 et
1237 2453 1345 2497 eos
1392 2438 1715 2509 invocare,
1759 2438 2183 2514 interrogare,
2227 2434 2523 2515 alloqui?
2553 2462 2569 2507 «ς

197 2588 208 2601 ·
244 2510 432 2575 Dices:
477 2515 588 2577 Ea>
620 2514 738 2575 hac
760 2522 1119 2593 portentosa
1150 2516 1706 2578 communicatione
1735 2533 1935 2578 nonne
1977 2515 2218 2596 factum
2247 2525 2361 2592 est,
2407 2525 2475 2579 ut
2513 2517 2730 2595 plures

188 2594 451 2657 increduli
492 2596 764 2657 credant
804 2597 870 2658 in
912 2597 1181 2675 spiritus
1226 2603 1288 2658 et
1328 2598 1396 2658 in
1438 2597 1635 2658 vitam
1682 2601 2021 2659 cateruam?

245 2671 302 2733 R.
339 2674 655 2738 Credunt:
701 2685 766 2738 at
797 2678 856 2739 si
897 2679 1036 2756 quis
1079 2678 1257 2756 fidem
1298 2677 1474 2739 dicat
1528 2674 1775 2754 habere,
1818 2694 2004 2754 opera
2061 2682 2268 2738 autem
2310 2694 2431 2739 non
2487 2675 2736 2753 habeat,

189 2757 428 2833 nunquid
455 2757 696 2835 poterit
727 2756 876 2836 fides
918 2759 1170 2820 salvare
1200 2775 1335 2820 eum
1367 2756 1443 2819 ¹?
1474 2755 1781 2832 Credunt,
1828 2758 1936 2819 sed
1971 2773 2094 2817 non
2124 2757 2571 2830 emendantur,
2611 2759 2736 2817 imo

190 2835 361 2909 potius
403 2840 484 2898 in-
531 2838 704 2900 malo
768 2838 1190 2900 obfirmantur
1245 2848 1309 2900 et
1375 2839 1626 2917 pejores
1694 2839 1888 2912 fiunt3
1932 2847 2084 2917 quot
2127 2842 2296 2899 enim
2359 2854 2615 2899 errores
2668 2847 2734 2899 et

193 2919 479 2990 apostasioe
523 2936 560 2980 a
605 2934 755 2980 vera
802 2919 949 2991 fide,
1017 2930 1170 2998 quot
1214 2927 1475 2981 aeternae
1521 2918 1749 2980 salutis
1795 2918 2075 2997 pericula
2136 2935 2212 2979 ex
2260 2919 2377 2980 bac
2433 2918 2623 2996 impia
2674 2927 2738 2979 et

193 2995 447 3070 pestifera
494 2997 903 3060 divinatione
939 3010 1158 3062 exorta
1206 3002 1382 3061 suntl
1429 2997 1596 3060 Sane
1640 2999 1789 3077 quid
1840 3000 1989 3060 boni
2036 3015 2175 3059 esse
2222 3006 2428 3075 potest
2472 3016 2500 3059 a
2553 3007 2737 3076 patre

194 3076 493 3154 mendacii,
532 3079 644 3157 qui
695 3082 748 3141 si
801 3079 1147 3157 aliquando
1194 3079 1432 3158 aliquid
1495 3082 1626 3140 veri
1700 3078 1962 3158 profert,
2008 3081 2123 3139 boc
2181 3091 2277 3139 est
2323 3079 2397 3139 ad
2446 3082 2736 3140 securius

196 3153 753 3221 circumveniendos
799 3161 1083 3222 incautos
1128 3170 1193 3223 et
1234 3170 1458 3238 gentes
1502 3158 1946 3222 seducendas?
1988 3158 2166 3231 Quod
2227 3168 2437 3220 autem
2499 3175 2600 3220 res
2648 3162 2732 3221 ita

197 3248 246 3295 se
277 3236 492 3302 babeat
533 3241 690 3301 satis
735 3248 909 3317 patet
949 3257 1029 3302 ex
1073 3243 1227 3319 ipsis
1286 3241 1631 3319 responsiS‚
1701 3256 1840 3317 quae
1906 3242 2172 3319 spiritus
2234 3239 2325 3300 illi
2394 3240 2733 3301 exhibent:

197 3327 303 3403 quae
335 3318 422 3379 vel
472 3330 763 3398 pugnant
805 3335 947 3382 cum
992 3337 1141 3384 vera
1177 3321 1544 3399 Religion&
1594 3321 1683 3381 uti
1732 3336 1873 3381 cuin
1923 3314 2149 3397 impios
2194 3329 2258 3379 et
2292 3327 2470 3381 extra
2521 3322 2736 3382 catho-

198 3391 342 3458 licam
381 3398 730 3462 Ecclesiam
776 3399 1110 3463 del‘unctos
1143 3401 1358 3463 beatos
1401 3398 1656 3471 dicunt;
1706 3401 1802 3462 vel
1839 3403 2072 3462 larvata
2131 3400 2369 3461 malitia
2406 3400 2742 3477 decipiunt

199 3474 628 3557 interrogantes
658 3484 1014 3558 generatim
1063 3482 1377 3543 hortando
1413 3481 1487 3544 ad
1524 3483 1825 3543 virtutem
1860 3480 2224 3553 colendam3
2269 3490 2377 3543 aut
2406 3480 2739 3559 quandam

200 3559 512 3622 naturalem
572 3561 949 3639 religionem
996 3562 1313 3624 extollunt
1371 3564 1555 3624 unice
1599 3571 1785 3623 sitam
1835 3564 1896 3622 in
1948 3564 2324 3622 miserorum
2394 3565 2734 3623 commise-

200 3640 406 3701 ratione
445 3658 521 3703 ac
563 3652 785 3703 mutuo
828 3658 1062 3716 amore,
1126 3652 1337 3704 cetera
1381 3644 1591 3703 omnia
1661 3643 1739 3703 de
1782 3641 2113 3720 Religione
2165 3642 2470 3718 revelata,
2515 3643 2594 3702 de
2638 3641 2744 3702 Ec·

201 3714 354 3779 clesia
395 3731 610 3784 sancta
658 3722 767 3783 Dei
813 3722 1074 3784 silentio
1118 3732 1584 3801 praetereuntes
1626 3721 1675 3783 ⁸.

259 3796 460 3863 Merito
505 3818 659 3880 ergo
703 3802 780 3864 ad
828 3812 1073 3866 tantum
1122 3804 1299 3865 nefas
1334 3813 1398 3864 et
1445 3802 1759 3878 Religioni
1793 3802 1859 3864 et¹
1903 3801 2077 3865 civili
2110 3803 2400 3864 societati
2436 3801 2739 3863 infensis·

204 3876 416 3956 simum,
462 3882 819 3945 efficaciter
875 3882 1302 3945 cohibendum
1358 3884 1763 3962 (quacunque
1804 3883 2039 3945 demum
2105 3891 2246 3944 arte
2301 3881 2396 3945 vel
2456 3881 2750 3944 illusione

253 4171 270 4211 ¹
297 4175 618 4239 Spiritismus
648 4170 822 4238 potest
854 4175 1087 4230 definiri:
1125 4177 1302 4227 Fraus
1333 4178 1401 4228 ad
1430 4178 1650 4227 hominis
1677 4176 1954 4239 perniciem
1985 4180 2035 4226 et
2066 4189 2201 4226 veroe
2234 4177 2512 4239 Religionis
2542 4180 2755 4227 eversio·

211 4244 298 4285 nem
324 4251 352 4286 a
380 4239 690 4290 doemom'bus
720 4240 933 4299 invecta,
968 4242 1056 4303 qui
1086 4243 1297 4290 uomina
1330 4239 1578 4289 bonorum
1602 4240 1934 4301 Anyelorum,
1970 4241 2044 4289 vel
2077 4240 2377 4288 animarum
2399 4240 2753 4302 desurtctorum

211 4298 464 4351 εὶιιιιιαηεεε
493 4302 970 4413 πιεηεαεῖῠίνὶροάεε
1000 4304 1202 4366 aliaque
1234 4304 1528 4353 materialia
1559 4303 1759 4365 objecta
1788 4302 2025 4351 adhibent
2056 4303 2125 4350 ad
2155 4312 2251 4351 sua
2269 4302 2481 4364 fallacia
2510 4315 2754 4365 responsa

214 4358 348 4411 damu
372 4365 564 4414 interro
597 4367 712 4414 ant·
745 4378 819 4414 us.

257 4421 278 4461 ²
301 4425 450 4486 Epist.
477 4377 599 4477 lac?
623 4436 670 4476 c.
699 4438 756 4476 n.
788 4453 850 4464 —-
889 4427 943 4476 V.
980 4428 1228 4487 persone,
1263 4427 1332 4476 De
1375 4426 1567 4475 Virtute
1601 4424 1891 4484 Reliqionis,
1928 4435 2015 4474 nn.
2052 4427 2144 4477 ’708
2178 4427 2229 4476 et
2260 4437 2424 4490 seqq„
2450 4428 2499 4478 et
2522 4439 2571 4477 n.
2605 4428 2717 4478 746.

261 4484 282 4523 ⁸
307 4486 472 4540 Mulier
493 4489 742 4539 daemone
776 4489 1012 4551 obsessa,
1036 4491 1088 4540 et
1107 4501 1141 4539 a
1167 4488 1454 4540 venerabili
1487 4489 1728 4537 Parocbo
1751 4485 1990 4549 Vianney
2012 4487 2251 4549 liberata,
2274 4487 2622 4551 interrogata:
2662 4489 2757 4539 Chi

215 4544 258 4606 {a
280 4560 431 4599 mover-
459 4553 502 4601 lo
535 4551 743 4603 tanate?
776 4553 996 4614 rispose,
1027 4564 1119 4601 son
1153 4553 1221 4612 io,
1253 4551 1611 4611 mannetismo,
1646 4549 2092 4609 sonnambolismo,
2136 4551 2163 4601 ἐ
2196 4555 2327 4603 tutto
2363 4555 2505 4615 affar
2540 4553 2656 4601 mio,
2691 4575 2755 4588 —

225 4607 269 4658 V.
297 4610 330 4660 ll
354 4612 538 4666 Curato
569 4612 750 4673 d’Ars‚
789 4614 903 4665 Vita
933 4616 985 4665 di
1020 4614 1079 4664 G.
1113 4615 1171 4664 B.
1203 4614 1274 4665 M.
1320 4614 1564 4675 Vianney.
1601 4613 1882 4670 Cremona,
1918 4612 1954 4662 t.
1987 4627 2023 4672 i,
2060 4612 2093 4665 l.
2131 4626 2207 4674 in,
2242 4627 2287 4664 c.
2319 4616 2366 4689 3:
