3292 5167
1221 231 1299 279 nn
1344 228 1628 279 Jusrmae
1676 197 1964 280 vibianus
2746 216 2877 284 547

279 333 496 412 ipsum
537 331 619 396 de
663 330 1134 410 ingratitudine
1177 347 1477 397 accusare
1511 341 1577 398 et
1619 349 1923 416 arguere:
1970 334 2212 398 dixeris
2256 340 2485 400 cuneta
2514 337 2880 418 maledieta,

280 413 345 474 si
388 413 714 493 inyramm
751 412 1017 475 «limeris.

366 491 434 555 R.
467 493 562 555 Ad
602 493 672 555 2:
722 493 1194 568 Benevolentia,
1239 502 1308 555 ut
1339 509 1576 558 nomen
1624 493 1887 570 indicat,
1926 501 2024 556 est
2065 495 2182 558 illa
2217 494 2421 559 animi
2444 496 2717 576 affectio,
2750 513 2881 577 qua

279 573 440 636 aliis
486 573 709 636 bonum
749 574 1034 636 volumus
1084 580 1145 635 et
1209 581 1517 653 optamus.
1562 575 1656 636 Ad
1721 591 1859 637 eam
1910 591 2025 636 nos
2090 575 2366 654 impellit
2433 586 2556 638 tam
2622 589 2879 656 natura,

282 669 430 733 quae
473 655 767 716 homines
812 654 1182 717 considerat
1224 656 1403 733 quasi
1449 657 1807 717 communis
1851 654 2140 733 ejusdem
2187 657 2466 719 civitatis
2501 657 2768 734 incolas,
2811 666 2876 724 et

282 733 576 814 ejusdem
620 735 907 812 corporis
951 733 1271 808 membra;
1312 750 1500 813 quam
1567 735 1837 813 Religio,
1902 734 2083 813 cujus
2147 751 2301 797 sane
2350 735 2506 798 illud
2555 745 2653 799 est
2719 756 2883 818 prae-

284 826 577 894 ceptum:
617 816 838 895 diliyes
881 816 1235 894 promimum
1281 822 1455 877 tuum
1498 817 1668 878 sicut
1714 824 1771 879 te
1815 818 2020 893 ipsum
2065 816 2111 877 ¹.
2158 815 2315 879 Huic
2359 820 2706 895 opponitur
2753 836 2887 885 tna·>

283 893 634 960 levolentia
679 912 791 958 seu
836 896 1054 959 odium
1100 897 1397 974 proximi,
1445 895 1524 959 de
1567 913 1693 977 quo
1738 899 1885 976 vide
1932 912 1993 959 n.
2035 896 2172 960 990.

361 974 573 1038 29⁰.
619 974 684 1048 Q.
727 976 782 1038 2.
833 976 993 1049 Quid
1032 984 1129 1039 est
1168 975 1474 1050 amicitia,
1519 984 1582 1039 et
1625 977 2013 1057 quotuplex?

363 1055 430 1117 R.
477 1055 565 1118 Ad
617 1059 679 1118 l:
727 1058 1019 1119 Amicitia
1067 1057 1192 1118 dici
1234 1065 1442 1134 potest
1478 1063 1757 1133 mutuus,
1799 1056 2179 1135 manifestus
2222 1062 2283 1118 et
2323 1057 2649 1135 gratuitus
2696 1074 2878 1121 amor

167 1158 172 1161 ’
275 1135 451 1199 inter
491 1137 743 1217 aliquas
784 1154 1081 1215 personas
1124 1153 1259 1215 quae
1300 1135 1424 1201 sibi
1456 1136 1719 1200 invicem
1763 1136 1907 1201 bene
1953 1138 2186 1209 volunt,
2230 1145 2288 1199 ec
2332 1153 2400 1198 se
2444 1144 2660 1200 mutuo
2696 1137 2876 1201 bonis

274 1217 601 1280 curnulare
643 1217 1004 1281 desiderant
1045 1217 1092 1280 ².
1136 1217 1373 1291 Quibus
1421 1226 1627 1296 patet:
1675 1251 1751 1264 —
1799 1219 1859 1298 1)
1896 1218 2247 1281 discrimen
2297 1223 2649 1280 maximum
2701 1219 2876 1284 inter

274 1313 562 1360 amorem
611 1300 866 1377 proprie
908 1299 1149 1362 dicium
1193 1306 1258 1359 et
1301 1300 1679 1371 amicitiam;
1732 1299 1846 1362 ille
1891 1299 2064 1361 enim
2112 1314 2254 1360 esse
2301 1306 2509 1376 potest
2555 1315 2684 1359 non
2738 1314 2873 1363 mu-

277 1386 449 1452 tuus,
502 1379 622 1440 imo
668 1381 860 1441 etiam
922 1395 1046 1441 uon
1119 1389 1304 1440 notus
1353 1393 1662 1455 personae,
1727 1396 1868 1458 quae
1912 1389 2207 1451 amatur;
2255 1389 2320 1440 et
2366 1378 2507 1439 ideo
2576 1379 2648 1441 ῆι.
2693 1389 2762 1440 ιιι
2811 1381 2877 1443 in

276 1460 559 1521 amicitia
604 1475 858 1537 semper
903 1464 986 1523 sit
1015 1475 1213 1535 amor,
1247 1458 1357 1521 sed
1391 1474 1520 1521 non
1566 1475 1821 1537 semper
1867 1462 1931 1520 in
1965 1475 2181 1521 amore
2228 1460 2558 1532 amicitia;
2599 1493 2664 1503 —
2696 1460 2762 1537 2)
2796 1460 2878 1524 ad

274 1541 628 1604 amicitiam
689 1541 932 1618 requiri
998 1551 1282 1603 mutuam
1333 1541 1756 1617 bonestorum
1816 1540 2128 1603 bonorum
2182 1539 2877 1617 communicationem,

275 1626 422 1682 sine
466 1636 582 1699 qua
630 1622 910 1683 amicitia
975 1636 1113 1683 esse
1182 1623 1429 1698 nequit:
1483 1622 1606 1681 imo
1673 1618 2034 1699 corruptela
2086 1620 2293 1697 potius
2338 1618 2605 1680 dicenda
2686 1618 2879 1699 toret,

276 1715 470 1780 quam
515 1701 792 1762 amicitia
841 1700 899 1773 ³;
941 1733 1018 1747 -—
1061 1699 1126 1780 3)
1172 1707 1462 1764 mutuum
1495 1701 1677 1764 illum
1709 1715 1991 1764 amorem
2022 1701 2371 1778 gratuitum
2403 1716 2541 1761 esse
2587 1698 2877 1778 debere;

278 1782 389 1860 qui
435 1796 607 1842 enim
655 1783 964 1859 privatam
1011 1780 1352 1844 utilitatem
1402 1784 1775 1860 respiceret,
1821 1785 2260 1844 mercenarius
2304 1789 2492 1855 esset,
2539 1796 2663 1842 non
2724 1783 2876 1844 ami·

278 1877 430 1924 cus:
472 1859 611 1923 Non
652 1859 935 1924 debemus
980 1878 1213 1935 amare,
1257 1863 1348 1924 ait
1390 1861 1803 1937 Augustinus,
1846 1861 2138 1940 quomodo
2194 1861 2483 1923 audimus
2548 1861 2875 1941 pulosum:

279 1957 425 2004 amo
473 1940 731 2004 turdos:
778 1944 1029 2021 quaeris,
1071 1957 1267 2021 quare
1322 1945 1551 2006 amat?
1606 1949 1680 2003 uc
1719 1942 1968 2005 occidat
2026 1950 2088 2004 et
2129 1949 2514 2003 consumat...
2581 1941 2879 2005 amicitia

277 2027 379 2084 est
421 2022 699 2101 quaedam
743 2020 1183 2094 benevolentia,
1227 2029 1302 2084 ut
1328 2022 1575 2101 aliquid
1615 2028 1976 2100 praestemus
2021 2023 2129 2097 eis,
2174 2039 2324 2101 quos
2371 2038 2663 2084 amamus
2707 2020 2755 2081 ⁴.

360 2101 429 2163 R.
478 2102 567 2164 Ad
610 2103 689 2163 2:
730 2101 885 2166 Cum
928 2105 1204 2166 amicitia
1254 2104 1500 2166 oriatur
1546 2104 1904 2180 praesertim
1948 2118 2029 2165 ex
2076 2105 2389 2165 bonorum
2437 2102 2871 2165 communica-

274 2181 479 2257 tione,
525 2191 615 2245 tot
656 2195 847 2247 erant
890 2182 1296 2262 assignandae
1340 2185 1641 2246 amicitiae
1684 2186 1949 2262 species,
1993 2193 2147 2263 quot
2182 2193 2334 2245 sunt
2378 2184 2628 2261 species
2680 2182 2874 2244 bono-

277 2279 444 2338 rum,
489 2279 630 2342 quae
677 2263 847 2325 inter
884 2264 1120 2327 amicos
1163 2266 1739 2326 communicantur.
1800 2263 2034 2328 locirco
2099 2265 2401 2326 amicitiae
2465 2263 2705 2324 divisio
2749 2264 2877 2324 erit

277 2347 348 2405 in
396 2358 612 2405 veram
659 2353 723 2406 et
769 2344 1016 2419 falsam,
1066 2347 1129 2406 in
1176 2345 1572 2423 corporalem
1618 2351 1682 2404 et
1726 2345 2161 2423 spiritualem,
2204 2345 2292 2405 'in
2361 2342 2739 2412 sensibilem
2810 2351 2876 2406 et

276 2423 668 2497 sensualem,
712 2433 900 2504 prout
945 2426 1109 2488 bona
1152 2442 1294 2504 quae
1340 2425 1915 2502 communicantur,
1957 2441 2112 2487 vera
2158 2424 2255 2485 vel
2304 2423 2461 2487 falsa
2509 2432 2677 2496 sunt,
2714 2432 2878 2508 tem·⁵

275 2504 525 2584 poralia
573 2505 672 2566 vel
717 2506 1114 2584 spiritualia,
1158 2504 1485 2569 sensibilia
1531 2502 1634 2566 vel
1682 2506 2022 2569 sensualia.
2069 2505 2264 2567 Porro
2308 2504 2512 2567 solum
2557 2502 2869 2565 amicitias

273 2601 472 2657 verae,
514 2601 659 2664 quae
702 2585 1010 2649 fundatur
1054 2587 1117 2647 in
1165 2585 1746 2648 communicatione
1795 2587 2104 2649 bonorum
2150 2585 2320 2665 (quae
2367 2585 2514 2648 talia
2548 2585 2705 2658 sint,
2739 2599 2872 2645 nou

279 2667 722 2745 apparenter),
769 2670 1071 2729 convenit
1112 2667 1273 2729 illud
1314 2666 1610 2728 amicitiae
1653 2676 1944 2729 sanctum
1986 2685 2063 2730 ac
2106 2663 2460 2729 venerabile
2503 2681 2744 2726 nomen.
2823 2694 2827 2700 ‚

359 2746 493 2819 Quo
536 2755 749 2810 autem
795 2747 958 2810 bona
1001 2748 1389 2826 perfectiora
1434 2755 1603 2821 suut,
1644 2761 1720 2807 eo
1767 2749 1959 2811 etiam
1994 2746 2339 2828 perfectior
2374 2747 2501 2808 erit
2553 2743 2873 2808 amicitia:

273 2829 371 2889 sic
412 2830 467 2889 si
517 2828 700 2902 bona,
742 2844 885 2908 quae
930 2832 1100 2890 inter
1134 2843 1371 2890 amicos
1414 2829 1991 2902 communicantur,
2033 2837 2186 2890 sunt
2230 2826 2524 2890 scientim
2568 2836 2634 2886 et
2677 2836 2873 2899 arteS,

275 2906 623 2969 laudabilis
667 2909 793 2969 erit
838 2908 983 2970 talis
1026 2910 1328 2982 amicitia,
1378 2910 1525 2986 quia
1575 2908 1637 2967 in
1690 2905 1854 2969 bono
1902 2908 2231 2973 fundatur.
2268 2907 2332 2969 Si
2385 2908 2665 2969 invicem
2704 2918 2872 2966 com·

273 2989 692 3052 municeutur
738 2990 1026 3060 virtutes,
1075 3006 1128 3050 v.
1173 3007 1229 3068 g.
1275 2986 1679 3050 fortitudinis
1725 2999 1788 3049 et
1836 2991 2321 3069 temperantiae,
2385 2991 2512 3049 erit
2580 2983 2868 3047 laudabi-

275 3068 421 3143 lior,
465 3070 612 3147 quia
658 3068 963 3132 fundatur
1009 3072 1074 3130 in
1119 3070 1390 3131 meliori.
1436 3070 1514 3131 At
1557 3073 1607 3130 si
1657 3072 2216 3133 communicentur
2275 3069 2475 3147 pietas
2503 3115 2519 3141 ,
2596 3066 2869 3144 religio,

281 3150 573 3211 charitas
621 3150 683 3210 in
732 3148 930 3212 Deum
976 3158 1039 3211 et
1074 3153 1453 3227 proximum,
1499 3148 1731 3211 eximia
1781 3158 1931 3212 tunc
1973 3151 2100 3212 erit
2142 3150 2449 3223 amicitia,
2483 3155 2550 3210 et
2580 3148 2871 3211 omnium

277 3230 846 3308 praestantissima;
894 3245 1037 3293 cum
1084 3230 1276 3292 Deum
1327 3230 1557 3291 babeat
1602 3241 1714 3307 pro
1759 3245 1873 3292 suo
1920 3231 2239 3311 principio
2284 3239 2346 3307 et
2390 3229 2551 3300 fine,
2596 3227 2870 3304 ideoque

271 3308 588 3373 fundetur
634 3311 695 3370 iu
743 3313 1004 3388 optim0.
1052 3310 1139 3373 De
1187 3311 1302 3373 bac
1347 3309 1661 3372 Salesius:
1710 3304 1921 3380 Quest’
1954 3310 2259 3373 amieizia
2302 3310 2458 3371 sarci
2499 3308 2868 3382 eccellenre,

267 3390 495 3469 perche
536 3392 710 3452 visne
751 3391 833 3452 da
881 3391 1029 3463 Dio,·
1076 3392 1404 3456 eccellente
1433 3438 1447 3461 ,
1494 3391 1718 3468 perche
1777 3391 1954 3454 tende
1996 3408 2036 3454 a
2081 3391 2238 3462 Dio,·
2298 3390 2665 3461 eccellente,
2727 3403 2866 3466 per·

271 3472 385 3534 elie
428 3471 478 3532 it
518 3489 627 3534 suo
673 3471 904 3550 lequme
945 3475 975 3534 e
1018 3471 1133 3535 Dio
1157 3493 1185 3544 ,·
1227 3472 1574 3545 eccellente,
1610 3469 1833 3550 perche
1872 3473 2108 3534 durerd
2143 3478 2566 3534 sternumente
2610 3470 2678 3531 iu
2725 3467 2860 3529 Dio.

284 3550 477 3613 vm.
521 3551 587 3623 Q.
632 3551 686 3613 3.
736 3552 833 3614 An
879 3551 1069 3614 liceat
1109 3555 1433 3616 amicitias
1477 3552 1866 3627 contrahere,
1907 3559 1969 3615 et
2009 3559 2370 3616 contractas
2414 3550 2672 3631 fovere?
2818 3629 2825 3637 ἡ

358 3631 428 3695 R.
470 3631 582 3694 Vel
614 3632 839 3714 ,agitur
882 3632 962 3693 de
1004 3634 1283 3696 amicitia
1332 3632 1509 3706 falsa,
1553 3643 1665 3696 aut
1706 3633 2014 3709 sensuali,
2057 3643 2165 3696 aut
2206 3633 2533 3705 sensibili;
2578 3627 2681 3698 vel
2728 3643 2858 3704 agi·

277 3721 388 3774 tur
425 3712 504 3774 de
548 3713 826 3775 amicitia
874 3728 1042 3787 vera,
1088 3713 1405 3793 spirituali
1454 3722 1519 3774 et
1561 3725 1850 3778 sanctas

439 3793 491 3855 1.
535 3792 870 3856 Amicitias
914 3794 1230 3855 sensuales
1276 3809 1393 3855 nec
1437 3796 1822 3858 contrahere
1870 3794 2020 3857 licet
2064 3809 2182 3856 nec
2228 3792 2483 3866 fovere;
2527 3805 2673 3853 cum
2721 3788 2862 3850 fuu-

273 3871 510 3935 dentur
554 3890 746 3952 super
794 3881 1078 3952 peccato:
1136 3882 1199 3935 et
1242 3873 1497 3937 dicente
1564 3891 1611 3935 s.
1658 3876 2027 3950 Ambrosio,
2091 3891 2214 3938 non
2274 3878 2475 3952 potest
2541 3870 2713 3932 homo
2774 3865 2869 3927 lto·

268 3953 434 4016 mini
470 3970 597 4015 esse
629 3954 900 4031 amicus,
943 3955 1050 4034 qui
1091 3953 1214 4015 Deo
1254 3954 1459 4033 faerit
1499 3953 1816 4020 inimicus.
1876 3954 2188 4018 Amicitiae
2246 3950 2578 4015 sensuales
2634 3962 2855 4025 repro·

271 4034 508 4097 bantur
551 4033 630 4097 ab
673 4034 970 4097 omnibus
1012 4042 1230 4113 utpote
1277 4038 1652 4108 inhonestae,
1698 4045 1763 4100 et
1805 4035 1997 4116 vulgo
2043 4032 2574 4098 innumoramentt'
2639 4025 2861 4107 appel·

335 4255 359 4297 ¹
393 4256 571 4308 Matio.
604 4268 736 4308 xxii.

328 4319 355 4360 ²
387 4321 466 4370 Ex
498 4317 704 4382 vulgari
739 4329 839 4370 usu
871 4319 1031 4370 etiam
1065 4317 1185 4369 illos
1217 4319 1411 4369 amicos
1443 4317 1691 4377 dicimus,
1742 4329 1974 4380 quorum
2009 4314 2300 4378 generatim
2332 4313 2568 4366 favorem
2604 4315 2656 4365 et
2688 4324 2860 4376 prom-

265 4381 585 4497 Rlltudlnem
617 4382 952 4444 experimur;
986 4382 1150 4432 etlam
1182 4382 1505 4446 quibuscum
1536 4379 1871 4432 iainlttariter
1902 4376 2195 4450 aliquando
2231 4375 2776 4450 conversatissumus,
2812 4376 2865 4427 et

308 4455 373 4496 oc
407 4445 638 4495 maxime
667 4444 847 4495 evenit
869 4443 1001 4496 colle
1038 4443 1207 4496 taliter
1237 4442 1559 4495 viventibus.
1600 4443 1692 4494 ilic
1728 4444 1908 4493 tamen
1939 4443 2117 4493 stricte
2171 4449 2365 4490 nomen
2416 4450 2715 4491 sumimus:
2753 4450 2863 4502 quo

266 4518 433 4559 sensu
468 4506 692 4567 Tullius,
724 4508 877 4556 multi
1026 4508 1066 4558 ii·
1094 4507 1219 4556 satis
1247 4508 1407 4556 simut
1435 4504 1616 4555 edendi
1647 4508 1787 4564 sunt,
1824 4510 1878 4555 ut
1929 4504 2175 4554 amicitias
2223 4513 2413 4553 manus
2462 4503 2723 4564 expletum
2777 4502 2861 4554 stt.

263 4572 344 4621 De
378 4571 613 4620 amicitia
642 4582 732 4631 egr
799 4570 844 4620 ie
876 4569 1023 4643 Slapf
1051 4570 1107 4620 in
1138 4579 1240 4620 sua
1275 4569 1545 4629 Theotoqia
1579 4568 1797 4629 passim,
1834 4580 1897 4619 ac
1933 4566 2222 4629 praesertim
2257 4566 2308 4628 §s
2340 4566 2433 4615 469
2465 4566 2517 4616 et
2554 4576 2700 4628 seqq.

275 4667 282 4672 .
335 4632 358 4671 ⁸
399 4631 455 4685 V.
492 4580 1017 4693 Lignoruegermoni:
1052 4631 1143 4682 Del
1177 4632 1229 4682 tu
1267 4632 1378 4692 gire
1410 4631 1424 4679 i
1461 4630 1584 4702 mali
1617 4629 1917 4693 compagni.
1952 4653 2016 4665 —
2049 4627 2215 4701 Sales,
2249 4628 2466 4689 Ficulea,
2502 4638 2546 4678 c.
2583 4638 2719 4686 xvii,
2756 4637 2867 4678 ecc.

333 4691 354 4733 ⁴
390 4695 564 4746 Tract.
599 4704 688 4746 vm
720 4696 775 4744 in
806 4695 993 4746 Jonnn.
1027 4719 1093 4732 -
1134 4694 1189 4747 V.
1272 4692 1512 4757 osignoli‚
1551 4691 1836 4745 L'elezione
1867 4691 2171 4744 deu'amtco.
