3292 5167
1255 242 1710 291 Annos-Arioniae
2641 226 2770 292 757

250 342 528 410 1039.
574 342 639 416 Q.
682 343 737 405 2.
789 341 950 415 Quia
991 344 1063 408 de
1103 360 1195 420 eo,
1288 345 1354 408 ui
1393 346 1534 409 vult
1574 346 1644 409 in
1684 351 1936 425 peccato
1982 360 2386 423 perseverare
2445 361 2647 427 usque
2688 347 2775 411 ad

168 432 430 490 mortem
472 439 731 503 sperans
775 421 929 502 fore,
971 431 1048 487 ut
1087 442 1149 487 se
1194 425 1305 488 ilo
1350 429 1646 505 temporis
1689 433 1917 506 puncto
1957 426 2306 503 poeniteat?

257 506 327 567 R.
373 504 552 567 Licet
594 505 700 567 hic
745 503 1089 568 difficulter
1131 506 1426 568 excusari
1474 508 1673 587 possit
1714 523 1747 568 a
1794 515 2052 585 peccato
2094 507 2274 585 gravi
2335 515 2555 568 contra
2625 501 2768 570 cha·

176 589 435 650 ritatem
480 601 628 663 erga
675 586 984 663 seipsum,
1035 602 1181 648 cum
1222 603 1290 649 se
1332 596 1615 665 exponat
1655 586 1940 649 evidenti
1998 586 2285 664 periculo
2318 585 2770 663 damnationis„

181 670 308 729 imo
350 672 417 727 et
459 673 679 746 contra
725 665 946 738 Deum,
1003 665 1184 744 cujus
1230 669 1572 730 amicitiam
1628 666 2002 741 floccifacit3
2074 682 2201 730 non
2267 675 2487 746 peccat
2553 675 2768 730 tamen

166 757 393 811 contra
439 762 615 824 spem
659 761 737 807 ex
781 745 840 808 d.
896 746 1176 808 Thema:
1221 747 1487 810 Peceare
1529 754 1737 810 autem
1778 746 1895 808 sub
1939 764 2044 824 spe
2076 747 2292 821 venite,
2333 747 2441 821 ait,
2489 749 2769 825 quando-

167 841 289 908 que
328 826 740 906 percipienda:
782 843 922 888 cum
961 827 1279 907 proposito
1334 825 1701 891 abstinendi
1760 843 1799 888 a
1860 834 2111 906 peccato
2173 834 2234 888 et
2291 828 2630 904 poenitendi
2694 828 2769 890 de

167 914 442 987 peccato,
485 905 596 967 boc
636 923 760 968 non
799 913 893 969 est
931 909 1460 987 praesumptionis,
1514 910 1629 969 sed:
1663 908 1773 968 boc
1812 914 2137 985 peceatum
2190 906 2548 972 'diminuitt
2615 909 2770 987 quia
2840 943 2847 952 ·

168 1005 280 1068 per
323 986 435 1048 Ιιοσ
474 988 723 1049 videtur
767 985 994 1050 habere
1032 989 1417 1051 voluntatem
1465 989 1673 1049 minus
1714 983 2036 1066 firmatam
2099 987 2182 1048 ad
2243 987 2621 1064 peccandum
2683 989 2772 1067 (2,

162 1069 229 1142 2,
272 1085 329 1147 q.
373 1066 474 1140 21,
522 1084 576 1128 a.
620 1067 704 1144 2).
734 1065 873 1129 -Sed
920 1067 1230 1148 intellige,
1275 1069 1328 1130 si
1371 1084 1517 1146 spes
1577 1068 1974 1130 remissionis
2018 1082 2085 1129 se
2126 1067 2355 1130 habeat
2388 1065 2593 1130 solum
2628 1085 2770 1132 con·

166 1149 552 1210 comitanter
587 1147 661 1209 ad
703 1152 1070 1225 peccatum'3
1105 1164 1285 1212 secus
1316 1150 1487 1211 enim
1520 1151 1645 1210 erit
1691 1149 1743 1210 si
1776 1164 1920 1227 spes
1949 1156 2119 1210 esset
2147 1148 2454 1210 motivum
2492 1148 2772 1213 influens

171 1230 237 1290 in
288 1236 618 1307 peccatum
663 1228 893 1305 ipsum.
2345 1297 2350 1303 ,
2725 1231 2734 1240 “
2805 1277 2816 1300 .

248 1307 517 1369 lotio.
559 1308 622 1382 Q.
668 1309 721 1370 3.
768 1307 884 1371 Est
921 1325 1110 1388 orave
1144 1314 1366 1369 contra
1394 1324 1559 1386 spem
1583 1324 1807 1387 cupere
1837 1315 2136 1387 perpetuo
2162 1308 2228 1370 in
2256 1308 2485 1370 mundo
2513 1308 2718 1371 vivere
2740 1311 2770 1371 9

248 1387 318 1450 R.
363 1389 789 1464 Affirmative3
832 1391 980 1470 quia
1024 1398 1124 1450 est
1165 1393 1394 1450 sistere
1444 1391 1505 1449 in
1554 1390 1683 1451 vita
1733 1389 2095 1467 temporali,
2141 1396 2215 1451 ut
2263 1390 2329 1450 in
2364 1388 2591 1451 ultimo
2624 1390 2771 1452 fine.

162 1469 305 1531 Non
352 1478 448 1532 est
495 1479 703 1533 tamen
750 1486 862 1549 per
907 1486 974 1530 se
1017 1478 1238 1534 contra
1283 1484 1463 1547 spem
1509 1467 1823 1532 ex'taedio
1871 1477 2140 1532 mortem
2216 1476 2559 1547 exoptare3
2621 1470 2769 1548 quia

167 1565 297 1612 non
334 1558 441 1626 ,est
485 1550 784 1613 recedere
828 1550 905 1612 ab
950 1547 1175 1612 ultimo
1220 1550 1381 1624 fine:
1429 1551 1546 1611 hoc
1592 1552 1949 1628 generatim
2019 1564 2149 1613 non
2191 1549 2448 1612 excedit
2488 1549 2766 1625 veniale,

160 1630 289 1692 nisi
334 1630 501 1693 adsit
541 1629 809 1693 rebellio
850 1646 1150 1709 expressa
1198 1640 1416 1692 contra
1469 1629 1766 1693 ordinem
1814 1629 2268 1694 Providentiae.

1206 1922 1333 2008 (M)
1380 1925 1535 2004 Pay.
1590 1923 1724 1986 679.

241 2180 493 2243 lou.
536 2183 853 2246 Virtutem
898 2185 1183 2246 omnium
1230 2182 1755 2260 praestantissima
1804 2189 1902 2243 est
1948 2183 2252 2244 charitas.
2324 2182 2484 2244 Audi
2553 2181 2761 2261 Augu-

153 2264 402 2322 stinum
449 2262 622 2326 illius
670 2263 1054 2343 peculiarem
1100 2277 1496 2343 praeconem:
1542 2261 1685 2341 Haeo
1731 2263 1799 2322 in
1847 2261 2353 2327 adversitatibus
2399 2263 2647 2335 tolerat,
2697 2264 2765 2326 in

151 2342 694 2482 grosperitatibus
741 2351 1082 2423 temperat,·
1128 2344 1193 2405 in
1235 2343 1414 2404 duris
1458 2341 1858 2421 passionibus
1911 2342 2127 2422 fortis,
2172 2345 2239 2405 in
2274 2340 2447 2405 bonis
2476 2340 2763 2422 operibus

202 2423 392 2483 ilaris
407 2444 432 2494 ;
476 2425 544 2486 in
589 2428 929 2488 tentatione
973 2424 1347 2498 tutissima;-
1375 2424 1443 2485 in
1487 2423 1920 2502 hospitalitate
1965 2424 2332 2495 laetissima;
2375 2424 2543 2486 inter
2585 2440 2761 2485 veros

150 2500 402 2580 fratres
447 2505 792 2578 laetissima,
835 2507 1003 2568 inter
1044 2505 1242 2583 falsos
1284 2505 1775 2582 patientissima.
1839 2503 1909 2564 In
1987 2501 2145 2567 Abel
2212 2520 2323 2581 per
2378 2504 2766 2584 sacrificium

150 2590 370 2661 arata,
419 2583 487 2646 in
529 2585 654 2647 Noe·
694 2603 805 2664 per
847 2585 1152 2649 diluvium
1198 2601 1442 2658 secura,
1487 2586 1558 2645 in
1602 2582 1879 2646 Abrahoe
1937 2582 2554 2662 pereqrinationibus
2617 2584 2760 2663 fide·

155 2662 430 2739 lissima,
472 2667 542 2727 in
589 2666 792 2745 Moyse
835 2668 1005 2729 inter
1067 2659 1355 2742 injurias
1429 2664 1771 2736 lenissima,
1835 2664 1905 2726 in
1977 2663 2174 2726 David
2238 2662 2763 2728 tribulationibus

154 2746 689 2810 mansuetissima.
739 2747 811 2808 In
854 2745 1061 2810 tribus
1104 2746 1327 2809 Pueris
1407 2741 1667 2807 blandos
1712 2745 1883 2824 iynes
1928 2744 2297 2807 innocenter
2340 2752 2650 2824 expectat,
2697 2746 2766 2807 iu

154 2821 542 2888 Maeliabceis
587 2845 772 2889 soevos
809 2829 979 2906 iones
1020 2827 1279 2906 fortiter
1329 2827 1581 2888 tolerat.
1634 2824 1831 2887 Casta
1877 2825 1944 2887 in
1990 2824 2286 2887 Susanna
2328 2841 2478 2905 erqa
2536 2826 2765 2899 virum,

156 2903 226 2982 in
268 2906 463 2968 Anna
502 2915 643 2986 post
681 2910 906 2982 virum,
949 2910 1017 2972 in
1061 2908 1273 2972 Maria
1314 2913 1544 2984 proeter
1587 2908 1650 2965 vi
1665 2921 1824 2966 rum.
1873 2902 2098 2968 Libera
2141 2907 2207 2967 in
2251 2905 2451 2967 Paulo
2511 2907 2593 2967 ad
2657 2922 2760 2968 ar-

150 2987 492 3062 quendum‚
541 2988 794 3052 humilis
838 2991 905 3051 in
945 2990 1136 3052 Petro
1177 2988 1260 3050 ad
1300 2986 1720 3056 obediendum,
1780 2986 2054 3047 humana
2119 2991 2188 3047 in
2248 2987 2621 3048 christianis
2684 2987 2766 3047 ad

152 3067 594 3144 confitendum,
637 3070 854 3131 divina
897 3071 964 3131 in
1013 3068 1261 3131 Christo
1306 3069 1387 3128 acl
1431 3066 1887 3147 iano-scendum.
1934 3064 2140 3128 Serm.
2188 3083 2361 3127 ccci..

238 3145 306 3218 Q.
352 3150 414 3210 1.
459 3149 557 3210 An
597 3149 825 3211 dentur
867 3150 1052 3229 siqua
1092 3148 1434 3230 charitatis
1479 3147 1592 3209 Dei
1637 3150 1704 3209 in
1743 3147 1959 3208 anima
2007 3149 2411 3208 immanentis
2447 3150 2482 3216 9,

239 3225 309 3288 R.
355 3228 788 3304 Affirmative‚
840 3231 930 3292 uti
972 3244 1197 3292 omnes
1242 3228 1530 3291 fatentur
1575 3243 1719 3289 cum
1765 3243 1822 3288 s.
1860 3226 2202 3288 Laurentio
2245 3225 2618 3300 Iustiniani,
2653 3226 2760 3304 qui

156 3307 281 3367 tria
330 3309 611 3371 indicat:
656 3310 719 3389 1)
765 3306 1029 3372 libenter
1071 3309 1191 3388 pro*
1228 3309 1347 3370 Deo
1389 3307 1583 3378 dam
1628 3307 1735 3386 qui
1786 3312 1961 3368 enim
2029 3306 2312 3384 aliquem
2379 3305 2614 3384 diligit,
2682 3304 2764 3368 il·

160 3383 293 3447 lius
340 3388 720 3468 frequenter
764 3391 1231 3459 reminiscitur:
1279 3390 1346 3462 2)
1393 3386 1662 3450 libenter
1723 3403 1834 3464 pro
1902 3386 2022 3448 Deo
2090 3388 2282 3459 dare;
2347 3403 2525 3449 amor
2588 3389 2764 3449 enim

167 3470 386 3530 nescit
431 3485 571 3531 esse
618 3485 882 3545 vacuus;
924 3471 990 3549 3)
1034 3468 1303 3533 libenter
1344 3486 1456 3546 pro
1500 3468 1619 3530 Deo
1662 3468 1799 3546 pati
1810 3488 1836 3538 ;
1880 3465 2067 3545 fortis
2111 3465 2396 3529 ut‘mors
2452 3466 2721 3529 dilectio.

241 3545 311 3619 Q.
356 3549 413 3610 2.
458 3551 558 3611 An
598 3550 973 3612 desiderium
1015 3549 1271 3629 fruendi
1313 3548 1432 3610 Deo
1465 3548 1560 3609 stt
1603 3555 1784 3609 actus
1827 3547 2180 3609 charitatis
2205 3550 2236 3609 9

241 3626 317 3688 R.
360 3629 772 3707 Affirmative‚
818 3631 868 3692 si
916 3629 1311 3693 desiderium
1362 3628 1581 3691 tendat
1622 3626 1701 3689 ad
1747 3627 1854 3688 Dei
1913 3628 2283 3689 fruitionem
2337 3628 2416 3688 ob
2485 3623 2762 3701 ,gloriam

160 3704 369 3784 ipsius
414 3708 545 3772 Dei.
586 3708 719 3771 lmo
763 3719 862 3773 est
889 3718 1071 3773 actus
1102 3710 1591 3788 perfectissimae
1624 3709 1995 3782 charitatis;
2033 3711 2177 3787 quia
2223 3707 2453 3770 fruitio
2482 3713 2580 3768 est
2616 3705 2786 3767 cha-¹
2861 3747 2864 3752 «

160 3785 324 3850 ritas
368 3801 839 3862 consummata:
885 3788 1057 3853 unde
1100 3792 1479 3853 charitatem
1527 3788 1761 3850 definit
1803 3788 2249 3867 Augustinus:
2293 3795 2521 3868 motum
2563 3786 2766 3848 animi

152 3866 247 3928 ad
287 3867 623 3947 fruendum
665 3870 787 3933 Deo
829 3878 1086 3949 propter
1126 3887 1208 3933 se.
1255 3867 1413 3932 Item
1457 3880 1636 3933 actus
1697 3869 2031 3933 charitatis
2075 3878 2185 3946 est„
2215 3867 2489 3946 diligere
2514 3866 2764 3929 bonita-

162 3950 629 4014 tem0divinam
673 3952 764 4014 uti
813 3950 999 4013 nobis
1042 3953 1561 4026 convenientem,
1613 3961 1929 4031 quatenus
1979 3966 2096 4012 nos
2132 3948 2392 4028 adjuvat
2453 3947 2532 4009 ad
2591 3946 2764 4009 illius

156 4025 560 4095 voluntatem
605 4030 1046 4112 exequendam
1088 4047 1161 4094 ac
1191 4032 1488 4096 ultimum
1518 4027 1713 4094 finem
1745 4028 2250 4112 assequendnm3
2298 4043 2552 4106 semper
2587 4028 2799 4089 enim·

158 4104 366 4172 Deum
400 4113 780 4191 suspiceret.
827 4111 1002 4178 Idem
1045 4119 1164 4187 est,
1214 4113 1264 4174 si
1314 4111 1622 4190 diligatur
1667 4110 1832 4175 Deus
1875 4114 1953 4174 ob
2009 4110 2345 4185 beneficia,
2416 4123 2558 4187 quae
2623 4122 2769 4169 con·

162 4185 316 4250 tulit
361 4192 568 4270 nobis,
610 4191 723 4255 sed
767 4208 837 4256 ea
911 4192 1319 4271 respiciendo
1365 4193 1458 4255 uti
1514 4191 1624 4253 Dei
1703 4190 2006 4252 bonitatis
2082 4188 2763 4254 communicationem:

153 4277 336 4332 esset
379 4273 555 4336 enim
592 4286 741 4338 tunc
784 4271 1059 4353 diligere
1104 4271 1458 4336 bonitatem
1503 4270 1956 4350 dispensantis.
2293 4323 2300 4330 .

244 4347 516 4413 malz.
562 4352 625 4427 Q.
670 4354 726 4417 3.
772 4353 872 4416 An
908 4351 1204 4416 charitas
1246 4356 1449 4432 possit
1489 4353 1735 4432 auaeri,
1776 4350 1978 4414 minui
2018 4366 2094 4412 ae
2135 4350 2436 4413 destrui?

243 4425 315 4490 R.
360 4431 455 4494 Ad
506 4435 570 4495 1:
613 4433 902 4498 Charitas
947 4434 1014 4496 in
1056 4433 1295 4497 mundo
1344 4441 1553 4513 potest
1594 4433 1816 4510 augeri
1864 4438 2007 4496 sine
2054 4433 2379 4493 termino:
2426 4428 2770 4491 definitum

154 4516 267 4598 est
304 4511 374 4572 iu
417 4512 701 4579 Concilio
742 4514 1035 4593 generali
1077 4512 1434 4578 Viennensi
1481 4526 1657 4577 anno
1705 4511 1851 4575 1311
1902 4520 2122 4574 contra
2167 4509 2539 4590 Beguardos
2569 4518 2634 4572 et
2662 4508 2770 4572 Be·

153 4600 415 4724 gamos.
461 4593 622 4658 Hinc
666 4593 1006 4674 Apostolus
1048 4594 1379 4659 hortatur:
1423 4593 1499 4657 In
1534 4592 1852 4656 charitate
1893 4607 2256 4674 crescamus
2302 4591 2490 4672 (Eph.
2535 4590 2647 4668 tv).
2693 4589 2773 4652 Et

206 4710 222 4726 ·
264 4667 662 4750 Augustinus
691 4676 772 4739 de
815 4676 1132 4740 charitate
1175 4672 1405 4740 habet:
1459 4672 1540 4737 Ut
1574 4672 1979 4754 perficiatur,
2019 4672 2310 4736 nascitur
2338 4693 2365 4745 ,·
2396 4688 2539 4734 oum
2568 4669 2777 4750 fuerit

256 4768 531 4859 smmi,
584 4777 912 4864 Theozoqia
957 4782 1082 4847 eto.
1130 4778 1202 4872 r.
1248 4777 1326 4845 11.
2478 4771 2566 4839 48
