<?xml version="1.0" encoding="UTF-8"?>
<!DOCTYPE html PUBLIC "-//W3C//DTD XHTML 1.0 Transitional//EN"
    "http://www.w3.org/TR/xhtml1/DTD/xhtml1-transitional.dtd">
<html xmlns="http://www.w3.org/1999/xhtml" xml:lang="en" lang="en">
 <head>
  <title>
</title>
<meta http-equiv="Content-Type" content="text/html;charset=utf-8" />
  <meta name='ocr-system' content='tesseract 3.04.00' />
  <meta name='ocr-capabilities' content='ocr_page ocr_carea ocr_par ocr_line ocrx_word'/>
</head>
<body>
  <div class='ocr_page' id='page_1' title='image "./theologiamorali04scavgoog_0515.png"; bbox 0 0 3292 5167; ppageno 0'>
   <div class='ocr_carea' id='block_1_1' title="bbox 967 278 2828 362">
    <p class='ocr_par' dir='ltr' id='par_1_1' title="bbox 967 278 2828 362">
     <span class='ocr_line' id='line_1_1' title="bbox 967 278 2828 362; baseline 0 -18"><span class='ocrx_word' id='word_1_1' title='bbox 967 357 974 362; x_wconf 31' lang='grc'><strong>,</strong></span> <span class='ocrx_word' id='word_1_2' title='bbox 1047 298 1126 344; x_wconf 75' lang='lat' dir='ltr'>nn</span> <span class='ocrx_word' id='word_1_3' title='bbox 1172 298 1611 346; x_wconf 61' lang='lat' dir='ltr'>unsrun-urtone</span> <span class='ocrx_word' id='word_1_4' title='bbox 1660 294 1725 343; x_wconf 73' lang='lat' dir='ltr'>m</span> <span class='ocrx_word' id='word_1_5' title='bbox 1770 297 1979 345; x_wconf 66' lang='lat' dir='ltr'>sanctu</span> <span class='ocrx_word' id='word_1_6' title='bbox 2695 278 2828 344; x_wconf 77' lang='lat'>505</span> 
     </span>
    </p>
   </div>
   <div class='ocr_carea' id='block_1_2' title="bbox 207 400 2846 2964">
    <p class='ocr_par' dir='ltr' id='par_1_2' title="bbox 207 400 2844 1888">
     <span class='ocr_line' id='line_1_2' title="bbox 317 400 2829 486; baseline -0 -14"><span class='ocrx_word' id='word_1_7' title='bbox 317 401 386 472; x_wconf 91' lang='lat' dir='ltr'>Si</span> <span class='ocrx_word' id='word_1_8' title='bbox 438 421 592 471; x_wconf 88' lang='lat' dir='ltr'>vero</span> <span class='ocrx_word' id='word_1_9' title='bbox 641 419 813 471; x_wconf 83' lang='lat' dir='ltr'>uxor</span> <span class='ocrx_word' id='word_1_10' title='bbox 857 401 1069 471; x_wconf 91' lang='lat' dir='ltr'>libere</span> <span class='ocrx_word' id='word_1_11' title='bbox 1117 402 1388 471; x_wconf 92' lang='lat' dir='ltr'>omnino</span> <span class='ocrx_word' id='word_1_12' title='bbox 1423 402 1751 471; x_wconf 89' lang='lat' dir='ltr'>adulterio</span> <span class='ocrx_word' id='word_1_13' title='bbox 1788 400 2224 486; x_wconf 81' lang='lat' dir='ltr'><strong>consenserit,</strong></span> <span class='ocrx_word' id='word_1_14' title='bbox 2264 408 2422 471; x_wconf 92' lang='lat' dir='ltr'>tunc</span> <span class='ocrx_word' id='word_1_15' title='bbox 2457 419 2611 470; x_wconf 91' lang='lat' dir='ltr'>cum</span> <span class='ocrx_word' id='word_1_16' title='bbox 2647 410 2829 472; x_wconf 80' lang='lat' dir='ltr'>uter-</span> 
     </span>
     <span class='ocr_line' id='line_1_3' title="bbox 226 508 2829 597; baseline 0 -19"><span class='ocrx_word' id='word_1_17' title='bbox 226 528 355 597; x_wconf 85' lang='lat' dir='ltr'>que</span> <span class='ocrx_word' id='word_1_18' title='bbox 407 508 667 578; x_wconf 91' lang='lat' dir='ltr'>adulter</span> <span class='ocrx_word' id='word_1_19' title='bbox 702 509 787 578; x_wconf 92' lang='lat' dir='ltr'>sit</span> <span class='ocrx_word' id='word_1_20' title='bbox 826 528 1018 596; x_wconf 82' lang='lat' dir='ltr'>aeqne</span> <span class='ocrx_word' id='word_1_21' title='bbox 1045 510 1430 596; x_wconf 90' lang='lat' dir='ltr'>principalis</span> <span class='ocrx_word' id='word_1_22' title='bbox 1466 528 1688 593; x_wconf 88' lang='lat' dir='ltr'>causa,</span> <span class='ocrx_word' id='word_1_23' title='bbox 1726 517 2009 596; x_wconf 88' lang='lat' dir='ltr'>uterque</span> <span class='ocrx_word' id='word_1_24' title='bbox 2045 515 2310 578; x_wconf 89' lang='lat' dir='ltr'>tenetur</span> <span class='ocrx_word' id='word_1_25' title='bbox 2334 510 2398 577; x_wconf 92' lang='lat' dir='ltr'>in</span> <span class='ocrx_word' id='word_1_26' title='bbox 2433 511 2571 596; x_wconf 91' lang='lat' dir='ltr'>pari</span> <span class='ocrx_word' id='word_1_27' title='bbox 2603 509 2829 596; x_wconf 86' lang='lat' dir='ltr'>gradu,</span> 
     </span>
     <span class='ocr_line' id='line_1_4' title="bbox 226 616 2829 707; baseline 0 -19"><span class='ocrx_word' id='word_1_28' title='bbox 226 625 294 688; x_wconf 91' lang='lat' dir='ltr'>et</span> <span class='ocrx_word' id='word_1_29' title='bbox 340 617 406 687; x_wconf 91' lang='lat' dir='ltr'>in</span> <span class='ocrx_word' id='word_1_30' title='bbox 455 616 747 686; x_wconf 89' lang='lat' dir='ltr'>solidum</span> <span class='ocrx_word' id='word_1_31' title='bbox 796 617 878 686; x_wconf 89' lang='lat' dir='ltr'>ad</span> <span class='ocrx_word' id='word_1_32' title='bbox 926 619 1229 687; x_wconf 88' lang='lat' dir='ltr'>alendam</span> <span class='ocrx_word' id='word_1_33' title='bbox 1281 619 1719 689; x_wconf 82' lang='lat' dir='ltr'><strong>adulterinam</strong></span> <span class='ocrx_word' id='word_1_34' title='bbox 1762 620 2014 706; x_wconf 92' lang='lat' dir='ltr'>prolem</span> <span class='ocrx_word' id='word_1_35' title='bbox 2066 638 2420 707; x_wconf 83' lang='lat' dir='ltr'>quousque</span> <span class='ocrx_word' id='word_1_36' title='bbox 2460 622 2670 690; x_wconf 86' lang='lat' dir='ltr'>valeat</span> <span class='ocrx_word' id='word_1_37' title='bbox 2705 620 2829 691; x_wconf 90' lang='lat' dir='ltr'>sibi</span> 
     </span>
     <span class='ocr_line' id='line_1_5' title="bbox 229 724 2832 813; baseline 0.001 -20"><span class='ocrx_word' id='word_1_38' title='bbox 229 742 346 811; x_wconf 90' lang='lat' dir='ltr'>per</span> <span class='ocrx_word' id='word_1_39' title='bbox 391 743 464 793; x_wconf 90' lang='lat' dir='ltr'>se</span> <span class='ocrx_word' id='word_1_40' title='bbox 515 724 880 812; x_wconf 86' lang='lat' dir='ltr'>providere.</span> <span class='ocrx_word' id='word_1_41' title='bbox 954 726 1144 808; x_wconf 91' lang='lat' dir='ltr'>Quod</span> <span class='ocrx_word' id='word_1_42' title='bbox 1214 727 1377 796; x_wconf 88' lang='lat' dir='ltr'>item</span> <span class='ocrx_word' id='word_1_43' title='bbox 1463 728 1752 813; x_wconf 80' lang='lat' dir='ltr'>pertinet</span> <span class='ocrx_word' id='word_1_44' title='bbox 1799 725 1881 794; x_wconf 91' lang='lat' dir='ltr'>ad</span> <span class='ocrx_word' id='word_1_45' title='bbox 1929 727 2051 794; x_wconf 88' lang='lat' dir='ltr'>alia</span> <span class='ocrx_word' id='word_1_46' title='bbox 2126 725 2362 795; x_wconf 88' lang='lat' dir='ltr'>damna</span> <span class='ocrx_word' id='word_1_47' title='bbox 2412 734 2543 796; x_wconf 88' lang='lat' dir='ltr'>tam</span> <span class='ocrx_word' id='word_1_48' title='bbox 2593 729 2832 797; x_wconf 88' lang='lat' dir='ltr'>marito</span> 
     </span>
     <span class='ocr_line' id='line_1_6' title="bbox 229 833 2832 922; baseline 0.002 -22"><span class='ocrx_word' id='word_1_49' title='bbox 229 849 428 919; x_wconf 90' lang='lat' dir='ltr'>quam</span> <span class='ocrx_word' id='word_1_50' title='bbox 477 833 634 901; x_wconf 88' lang='lat' dir='ltr'>filiis</span> <span class='ocrx_word' id='word_1_51' title='bbox 684 833 997 919; x_wconf 83' lang='lat' dir='ltr'>legitimis</span> <span class='ocrx_word' id='word_1_52' title='bbox 1046 835 1467 904; x_wconf 80' lang='lat' dir='ltr'>obvenientia</span> <span class='ocrx_word' id='word_1_53' title='bbox 1519 855 1600 903; x_wconf 87' lang='lat' dir='ltr'>ex</span> <span class='ocrx_word' id='word_1_54' title='bbox 1652 836 2147 904; x_wconf 81' lang='lat' dir='ltr'>introductione</span> <span class='ocrx_word' id='word_1_55' title='bbox 2215 835 2422 922; x_wconf 92' lang='lat' dir='ltr'>prolis</span> <span class='ocrx_word' id='word_1_56' title='bbox 2470 836 2832 921; x_wconf 70' lang='lat' dir='ltr'>illegitimae</span> 
     </span>
     <span class='ocr_line' id='line_1_7' title="bbox 207 938 2837 1030; baseline 0.001 -21"><span class='ocrx_word' id='word_1_57' title='bbox 207 939 294 1011; x_wconf 80' lang='lat' dir='ltr'>‚in</span> <span class='ocrx_word' id='word_1_58' title='bbox 330 938 660 1022; x_wconf 81' lang='lat' dir='ltr'>familiam,</span> <span class='ocrx_word' id='word_1_59' title='bbox 696 947 978 1027; x_wconf 88' lang='lat' dir='ltr'>uterque</span> <span class='ocrx_word' id='word_1_60' title='bbox 1013 942 1260 1027; x_wconf 87' lang='lat' dir='ltr'>pariter</span> <span class='ocrx_word' id='word_1_61' title='bbox 1299 947 1570 1010; x_wconf 88' lang='lat' dir='ltr'>tenetur</span> <span class='ocrx_word' id='word_1_62' title='bbox 1631 942 1738 1009; x_wconf 91' lang='lat' dir='ltr'>illa</span> <span class='ocrx_word' id='word_1_63' title='bbox 1788 941 2159 1015; x_wconf 84' lang='lat' dir='ltr'>resarcire:</span> <span class='ocrx_word' id='word_1_64' title='bbox 2208 949 2272 1009; x_wconf 89' lang='lat' dir='ltr'>et</span> <span class='ocrx_word' id='word_1_65' title='bbox 2320 960 2451 1009; x_wconf 89' lang='lat' dir='ltr'>una</span> <span class='ocrx_word' id='word_1_66' title='bbox 2504 950 2689 1030; x_wconf 89' lang='lat' dir='ltr'>parte</span> <span class='ocrx_word' id='word_1_67' title='bbox 2727 942 2837 1011; x_wconf 88' lang='lat' dir='ltr'>de·</span> 
     </span>
     <span class='ocr_line' id='line_1_8' title="bbox 227 1047 2836 1137; baseline 0.001 -21"><span class='ocrx_word' id='word_1_68' title='bbox 227 1047 513 1132; x_wconf 87' lang='lat' dir='ltr'>ficiente,</span> <span class='ocrx_word' id='word_1_69' title='bbox 564 1048 878 1135; x_wconf 82' lang='lat' dir='ltr'>obligatio</span> <span class='ocrx_word' id='word_1_70' title='bbox 927 1048 1300 1118; x_wconf 82' lang='lat' dir='ltr'>devolvitur</span> <span class='ocrx_word' id='word_1_71' title='bbox 1355 1050 1436 1117; x_wconf 93' lang='lat' dir='ltr'>ad</span> <span class='ocrx_word' id='word_1_72' title='bbox 1490 1050 1704 1120; x_wconf 92' lang='lat' dir='ltr'>aliam.</span> <span class='ocrx_word' id='word_1_73' title='bbox 1752 1052 1833 1120; x_wconf 88' lang='lat' dir='ltr'>At</span> <span class='ocrx_word' id='word_1_74' title='bbox 1882 1051 1937 1118; x_wconf 91' lang='lat' dir='ltr'>si</span> <span class='ocrx_word' id='word_1_75' title='bbox 1987 1049 2283 1119; x_wconf 87' lang='lat' dir='ltr'>adultera</span> <span class='ocrx_word' id='word_1_76' title='bbox 2333 1070 2503 1119; x_wconf 82' lang='lat' dir='ltr'>uxor</span> <span class='ocrx_word' id='word_1_77' title='bbox 2552 1058 2836 1137; x_wconf 80' lang='lat' dir='ltr'>nequeat</span> 
     </span>
     <span class='ocr_line' id='line_1_9' title="bbox 229 1154 2833 1242; baseline 0.001 -21"><span class='ocrx_word' id='word_1_78' title='bbox 229 1156 486 1242; x_wconf 90' lang='lat' dir='ltr'>prolem</span> <span class='ocrx_word' id='word_1_79' title='bbox 535 1154 978 1224; x_wconf 82' lang='lat' dir='ltr'>adulterinam</span> <span class='ocrx_word' id='word_1_80' title='bbox 1026 1156 1205 1224; x_wconf 89' lang='lat' dir='ltr'>alere</span> <span class='ocrx_word' id='word_1_81' title='bbox 1256 1163 1437 1225; x_wconf 86' lang='lat' dir='ltr'>extra</span> <span class='ocrx_word' id='word_1_82' title='bbox 1491 1157 1786 1240; x_wconf 87' lang='lat' dir='ltr'>domum,</span> <span class='ocrx_word' id='word_1_83' title='bbox 1840 1175 1962 1226; x_wconf 90' lang='lat' dir='ltr'>nec</span> <span class='ocrx_word' id='word_1_84' title='bbox 2011 1156 2327 1225; x_wconf 85' lang='lat' dir='ltr'>damnum</span> <span class='ocrx_word' id='word_1_85' title='bbox 2376 1158 2641 1226; x_wconf 73' lang='lat' dir='ltr'>familiae</span> <span class='ocrx_word' id='word_1_86' title='bbox 2713 1158 2833 1225; x_wconf 89' lang='lat' dir='ltr'>alia</span> 
     </span>
     <span class='ocr_line' id='line_1_10' title="bbox 228 1261 2838 1356; baseline 0.002 -26"><span class='ocrx_word' id='word_1_87' title='bbox 228 1261 487 1330; x_wconf 89' lang='lat' dir='ltr'>ratione</span> <span class='ocrx_word' id='word_1_88' title='bbox 532 1279 965 1348; x_wconf 89' lang='lat' dir='ltr'>compensare</span> <span class='ocrx_word' id='word_1_89' title='bbox 1012 1263 1264 1349; x_wconf 88' lang='lat' dir='ltr'>absque</span> <span class='ocrx_word' id='word_1_90' title='bbox 1312 1263 1484 1349; x_wconf 87' lang='lat' dir='ltr'>gravi</span> <span class='ocrx_word' id='word_1_91' title='bbox 1536 1264 1885 1356; x_wconf 87' lang='lat' dir='ltr'>dispendio</span> <span class='ocrx_word' id='word_1_92' title='bbox 1934 1263 2150 1348; x_wconf 78' lang='lat' dir='ltr'>famae,</span> <span class='ocrx_word' id='word_1_93' title='bbox 2199 1265 2301 1331; x_wconf 75' lang='lat' dir='ltr'>vel</span> <span class='ocrx_word' id='word_1_94' title='bbox 2379 1265 2665 1333; x_wconf 85' lang='lat' dir='ltr'>rixarum</span> <span class='ocrx_word' id='word_1_95' title='bbox 2716 1284 2838 1352; x_wconf 86' lang='lat' dir='ltr'>pe·</span> 
     </span>
     <span class='ocr_line' id='line_1_11' title="bbox 230 1367 2842 1458; baseline 0.002 -23"><span class='ocrx_word' id='word_1_96' title='bbox 230 1368 464 1452; x_wconf 88' lang='lat' dir='ltr'>riculo,</span> <span class='ocrx_word' id='word_1_97' title='bbox 514 1367 710 1438; x_wconf 86' lang='lat' dir='ltr'>debet</span> <span class='ocrx_word' id='word_1_98' title='bbox 760 1370 906 1438; x_wconf 91' lang='lat' dir='ltr'>aliis</span> <span class='ocrx_word' id='word_1_99' title='bbox 958 1370 1310 1439; x_wconf 85' lang='lat' dir='ltr'>industriis</span> <span class='ocrx_word' id='word_1_100' title='bbox 1362 1372 1477 1455; x_wconf 91' lang='lat' dir='ltr'>uti,</span> <span class='ocrx_word' id='word_1_101' title='bbox 1526 1389 1583 1440; x_wconf 78' lang='grc' dir='ltr'>ν.</span> <span class='ocrx_word' id='word_1_102' title='bbox 1636 1390 1720 1457; x_wconf 89' lang='lat' dir='ltr'>g.,</span> <span class='ocrx_word' id='word_1_103' title='bbox 1771 1372 2152 1458; x_wconf 90' lang='lat' dir='ltr'>diligentius</span> <span class='ocrx_word' id='word_1_104' title='bbox 2205 1391 2437 1441; x_wconf 88' lang='lat' dir='ltr'>curare</span> <span class='ocrx_word' id='word_1_105' title='bbox 2486 1392 2626 1442; x_wconf 90' lang='lat' dir='ltr'>rem</span> <span class='ocrx_word' id='word_1_106' title='bbox 2660 1373 2842 1441; x_wconf 85' lang='lat' dir='ltr'>fami·</span> 
     </span>
     <span class='ocr_line' id='line_1_12' title="bbox 229 1475 2832 1565; baseline 0.002 -22"><span class='ocrx_word' id='word_1_107' title='bbox 229 1475 503 1560; x_wconf 90' lang='lat' dir='ltr'>liarem,</span> <span class='ocrx_word' id='word_1_108' title='bbox 577 1478 829 1547; x_wconf 88' lang='lat' dir='ltr'>cultum</span> <span class='ocrx_word' id='word_1_109' title='bbox 879 1479 980 1545; x_wconf 89' lang='lat' dir='ltr'>sui</span> <span class='ocrx_word' id='word_1_110' title='bbox 1035 1479 1341 1565; x_wconf 89' lang='lat' dir='ltr'>corporis</span> <span class='ocrx_word' id='word_1_111' title='bbox 1390 1480 1716 1563; x_wconf 89' lang='lat' dir='ltr'>minuere,</span> <span class='ocrx_word' id='word_1_112' title='bbox 1769 1480 2141 1549; x_wconf 90' lang='lat' dir='ltr'>adulterum</span> <span class='ocrx_word' id='word_1_113' title='bbox 2214 1480 2424 1548; x_wconf 88' lang='lat' dir='ltr'>filium</span> <span class='ocrx_word' id='word_1_114' title='bbox 2496 1481 2832 1565; x_wconf 90' lang='lat' dir='ltr'>inducere,</span> 
     </span>
     <span class='ocr_line' id='line_1_13' title="bbox 227 1573 2839 1674; baseline 0.001 -20"><span class='ocrx_word' id='word_1_115' title='bbox 227 1592 305 1654; x_wconf 90' lang='lat' dir='ltr'>ut</span> <span class='ocrx_word' id='word_1_116' title='bbox 351 1585 760 1672; x_wconf 83' lang='lat' dir='ltr'>Religionem</span> <span class='ocrx_word' id='word_1_117' title='bbox 808 1584 1235 1670; x_wconf 89' lang='lat' dir='ltr'>ingrediatur,</span> <span class='ocrx_word' id='word_1_118' title='bbox 1304 1588 1358 1654; x_wconf 89' lang='lat' dir='ltr'>si</span> <span class='ocrx_word' id='word_1_119' title='bbox 1409 1573 1494 1654; x_wconf 87' lang='lat' dir='ltr'>sit</span> <span class='ocrx_word' id='word_1_120' title='bbox 1544 1587 1622 1655; x_wconf 90' lang='lat' dir='ltr'>ad</span> <span class='ocrx_word' id='word_1_121' title='bbox 1675 1587 1854 1656; x_wconf 88' lang='lat' dir='ltr'>illam</span> <span class='ocrx_word' id='word_1_122' title='bbox 1904 1588 2183 1657; x_wconf 90' lang='lat' dir='ltr'>idoneus</span> <span class='ocrx_word' id='word_1_123' title='bbox 2210 1614 2232 1674; x_wconf 71' lang='lat'><em>3</em></span> <span class='ocrx_word' id='word_1_124' title='bbox 2306 1595 2370 1656; x_wconf 89' lang='lat' dir='ltr'>et</span> <span class='ocrx_word' id='word_1_125' title='bbox 2440 1589 2495 1657; x_wconf 90' lang='lat' dir='ltr'>si</span> <span class='ocrx_word' id='word_1_126' title='bbox 2547 1588 2839 1660; x_wconf 88' lang='lat' dir='ltr'>adultera</span> 
     </span>
     <span class='ocr_line' id='line_1_14' title="bbox 228 1692 2844 1783; baseline 0.001 -22"><span class='ocrx_word' id='word_1_127' title='bbox 228 1692 407 1761; x_wconf 90' lang='lat' dir='ltr'>bona</span> <span class='ocrx_word' id='word_1_128' title='bbox 458 1692 724 1778; x_wconf 89' lang='lat' dir='ltr'>propria</span> <span class='ocrx_word' id='word_1_129' title='bbox 784 1692 1045 1777; x_wconf 88' lang='lat' dir='ltr'>habeat,</span> <span class='ocrx_word' id='word_1_130' title='bbox 1097 1694 1246 1778; x_wconf 89' lang='lat' dir='ltr'>plus</span> <span class='ocrx_word' id='word_1_131' title='bbox 1296 1694 1613 1780; x_wconf 85' lang='lat' dir='ltr'>legitimis</span> <span class='ocrx_word' id='word_1_132' title='bbox 1664 1713 1861 1781; x_wconf 86' lang='lat' dir='ltr'>quam</span> <span class='ocrx_word' id='word_1_133' title='bbox 1910 1696 2155 1782; x_wconf 90' lang='lat' dir='ltr'>spuriis</span> <span class='ocrx_word' id='word_1_134' title='bbox 2208 1696 2506 1764; x_wconf 90' lang='lat' dir='ltr'>tribuere</span> <span class='ocrx_word' id='word_1_135' title='bbox 2555 1714 2674 1783; x_wconf 90' lang='lat' dir='ltr'>per</span> <span class='ocrx_word' id='word_1_136' title='bbox 2719 1695 2844 1764; x_wconf 88' lang='lat' dir='ltr'>do-</span> 
     </span>
     <span class='ocr_line' id='line_1_15' title="bbox 230 1801 2840 1888; baseline 0.001 -19"><span class='ocrx_word' id='word_1_137' title='bbox 230 1801 536 1869; x_wconf 88' lang='lat' dir='ltr'>nationes</span> <span class='ocrx_word' id='word_1_138' title='bbox 607 1801 970 1882; x_wconf 77' lang='lat' dir='ltr'>manualeS,</span> <span class='ocrx_word' id='word_1_139' title='bbox 1037 1820 1156 1886; x_wconf 90' lang='lat' dir='ltr'>per</span> <span class='ocrx_word' id='word_1_140' title='bbox 1193 1809 1646 1885; x_wconf 90' lang='lat' dir='ltr'>contractum,</span> <span class='ocrx_word' id='word_1_141' title='bbox 1714 1803 1946 1888; x_wconf 88' lang='lat' dir='ltr'>legata,</span> <span class='ocrx_word' id='word_1_142' title='bbox 2019 1809 2530 1887; x_wconf 89' lang='lat' dir='ltr'>testamentum,</span> <span class='ocrx_word' id='word_1_143' title='bbox 2605 1810 2730 1872; x_wconf 90' lang='lat' dir='ltr'>etc.</span> <span class='ocrx_word' id='word_1_144' title='bbox 2789 1802 2840 1872; x_wconf 85' lang='lat'>¹.</span> 
     </span>
    </p>

    <p class='ocr_par' dir='ltr' id='par_1_3' title="bbox 231 1908 2846 2964">
     <span class='ocr_line' id='line_1_16' title="bbox 413 1908 2841 1996; baseline 0.001 -21"><span class='ocrx_word' id='word_1_145' title='bbox 413 1909 477 1993; x_wconf 89' lang='lat' dir='ltr'>c)</span> <span class='ocrx_word' id='word_1_146' title='bbox 528 1909 593 1976; x_wconf 80' lang='lat' dir='ltr'>Si</span> <span class='ocrx_word' id='word_1_147' title='bbox 637 1908 946 1976; x_wconf 80' lang='lat' dir='ltr'>dubitetur</span> <span class='ocrx_word' id='word_1_148' title='bbox 990 1929 1077 1975; x_wconf 80' lang='lat' dir='ltr'>an</span> <span class='ocrx_word' id='word_1_149' title='bbox 1122 1921 1276 1976; x_wconf 77' lang='lat' dir='ltr'>nata</span> <span class='ocrx_word' id='word_1_150' title='bbox 1317 1910 1544 1995; x_wconf 76' lang='lat' dir='ltr'>protes,</span> <span class='ocrx_word' id='word_1_151' title='bbox 1591 1921 1747 1975; x_wconf 81' lang='lat' dir='ltr'>nata</span> <span class='ocrx_word' id='word_1_152' title='bbox 1791 1910 1871 1975; x_wconf 78' lang='lat' dir='ltr'>sit</span> <span class='ocrx_word' id='word_1_153' title='bbox 1918 1928 2000 1975; x_wconf 75' lang='lat' dir='ltr'>aa:</span> <span class='ocrx_word' id='word_1_154' title='bbox 2045 1909 2352 1977; x_wconf 82' lang='lat' dir='ltr'>adulterio</span> <span class='ocrx_word' id='word_1_155' title='bbox 2409 1910 2637 1996; x_wconf 84' lang='lat' dir='ltr'>(puta,</span> <span class='ocrx_word' id='word_1_156' title='bbox 2689 1911 2841 1996; x_wconf 87' lang='lat' dir='ltr'>quia</span> 
     </span>
     <span class='ocr_line' id='line_1_17' title="bbox 235 2016 2844 2104; baseline 0 -19"><span class='ocrx_word' id='word_1_157' title='bbox 235 2024 498 2102; x_wconf 89' lang='lat' dir='ltr'>tempus</span> <span class='ocrx_word' id='word_1_158' title='bbox 548 2023 775 2101; x_wconf 89' lang='lat' dir='ltr'>partus</span> <span class='ocrx_word' id='word_1_159' title='bbox 825 2016 1307 2102; x_wconf 78' lang='lat' dir='ltr'>correspondet</span> <span class='ocrx_word' id='word_1_160' title='bbox 1372 2017 1570 2084; x_wconf 89' lang='lat' dir='ltr'>etiam</span> <span class='ocrx_word' id='word_1_161' title='bbox 1622 2017 1906 2102; x_wconf 87' lang='lat' dir='ltr'>tempori</span> <span class='ocrx_word' id='word_1_162' title='bbox 1958 2016 2287 2101; x_wconf 87' lang='lat' dir='ltr'>adulterii,</span> <span class='ocrx_word' id='word_1_163' title='bbox 2340 2017 2443 2087; x_wconf 86' lang='lat' dir='ltr'>vel</span> <span class='ocrx_word' id='word_1_164' title='bbox 2495 2017 2645 2104; x_wconf 92' lang='lat' dir='ltr'>quia</span> <span class='ocrx_word' id='word_1_165' title='bbox 2702 2037 2844 2086; x_wconf 88' lang='lat' dir='ltr'>ma-</span> 
     </span>
     <span class='ocr_line' id='line_1_18' title="bbox 231 2123 2844 2211; baseline 0.001 -19"><span class='ocrx_word' id='word_1_166' title='bbox 231 2123 404 2192; x_wconf 89' lang='lat' dir='ltr'>ritus</span> <span class='ocrx_word' id='word_1_167' title='bbox 454 2130 644 2192; x_wconf 89' lang='lat' dir='ltr'>antea</span> <span class='ocrx_word' id='word_1_168' title='bbox 699 2123 880 2191; x_wconf 87' lang='lat' dir='ltr'>filios</span> <span class='ocrx_word' id='word_1_169' title='bbox 931 2142 1011 2192; x_wconf 87' lang='lat' dir='ltr'>ex</span> <span class='ocrx_word' id='word_1_170' title='bbox 1060 2142 1270 2192; x_wconf 84' lang='lat' dir='ltr'>uxore</span> <span class='ocrx_word' id='word_1_171' title='bbox 1321 2141 1452 2191; x_wconf 91' lang='lat' dir='ltr'>non</span> <span class='ocrx_word' id='word_1_172' title='bbox 1505 2131 1874 2210; x_wconf 84' lang='lat' dir='ltr'>genuerat),</span> <span class='ocrx_word' id='word_1_173' title='bbox 1928 2131 2088 2192; x_wconf 91' lang='lat' dir='ltr'>tunc</span> <span class='ocrx_word' id='word_1_174' title='bbox 2138 2125 2244 2192; x_wconf 89' lang='lat' dir='ltr'>alii</span> <span class='ocrx_word' id='word_1_175' title='bbox 2318 2143 2468 2192; x_wconf 86' lang='lat' dir='ltr'>cum</span> <span class='ocrx_word' id='word_1_176' title='bbox 2537 2125 2844 2211; x_wconf 87' lang='lat' dir='ltr'>Antoine,</span> 
     </span>
     <span class='ocr_line' id='line_1_19' title="bbox 232 2230 2834 2318; baseline -0.001 -19"><span class='ocrx_word' id='word_1_177' title='bbox 232 2231 529 2316; x_wconf 81' lang='lat' dir='ltr'>Billuart,</span> <span class='ocrx_word' id='word_1_178' title='bbox 581 2233 931 2317; x_wconf 78' lang='lat' dir='ltr'>Laymano‚</span> <span class='ocrx_word' id='word_1_179' title='bbox 981 2238 1128 2316; x_wconf 87' lang='lat' dir='ltr'>etc.‚</span> <span class='ocrx_word' id='word_1_180' title='bbox 1179 2230 1405 2301; x_wconf 88' lang='lat' dir='ltr'>dicunt</span> <span class='ocrx_word' id='word_1_181' title='bbox 1471 2232 1960 2300; x_wconf 87' lang='lat' dir='ltr'>restituendum</span> <span class='ocrx_word' id='word_1_182' title='bbox 2011 2250 2158 2301; x_wconf 90' lang='lat' dir='ltr'>esse</span> <span class='ocrx_word' id='word_1_183' title='bbox 2208 2251 2327 2318; x_wconf 90' lang='lat' dir='ltr'>pro</span> <span class='ocrx_word' id='word_1_184' title='bbox 2401 2240 2537 2300; x_wconf 88' lang='lat' dir='ltr'>rata</span> <span class='ocrx_word' id='word_1_185' title='bbox 2607 2233 2834 2302; x_wconf 86' lang='lat' dir='ltr'>dubii:</span> 
     </span>
     <span class='ocr_line' id='line_1_20' title="bbox 235 2327 2843 2427; baseline -0.001 -20"><span class='ocrx_word' id='word_1_186' title='bbox 235 2357 505 2427; x_wconf 84' lang='lat' dir='ltr'>aequum</span> <span class='ocrx_word' id='word_1_187' title='bbox 555 2339 731 2407; x_wconf 91' lang='lat' dir='ltr'>enim</span> <span class='ocrx_word' id='word_1_188' title='bbox 781 2327 915 2407; x_wconf 61' lang='lat' dir='ltr'>don</span> <span class='ocrx_word' id='word_1_189' title='bbox 970 2347 1092 2422; x_wconf 90' lang='lat' dir='ltr'>est,</span> <span class='ocrx_word' id='word_1_190' title='bbox 1145 2346 1216 2407; x_wconf 91' lang='lat' dir='ltr'>ut</span> <span class='ocrx_word' id='word_1_191' title='bbox 1250 2341 1528 2407; x_wconf 88' lang='lat' dir='ltr'>maritus</span> <span class='ocrx_word' id='word_1_192' title='bbox 1569 2347 1786 2407; x_wconf 88' lang='lat' dir='ltr'>totum</span> <span class='ocrx_word' id='word_1_193' title='bbox 1823 2358 1991 2407; x_wconf 91' lang='lat' dir='ltr'>onus</span> <span class='ocrx_word' id='word_1_194' title='bbox 2038 2339 2276 2408; x_wconf 89' lang='lat' dir='ltr'>habeat</span> <span class='ocrx_word' id='word_1_195' title='bbox 2309 2340 2566 2425; x_wconf 93' lang='lat' dir='ltr'>prolem</span> <span class='ocrx_word' id='word_1_196' title='bbox 2606 2340 2843 2424; x_wconf 86' lang='lat' dir='ltr'>alendi,</span> 
     </span>
     <span class='ocr_line' id='line_1_21' title="bbox 235 2446 2845 2533; baseline 0 -19"><span class='ocrx_word' id='word_1_197' title='bbox 235 2465 389 2533; x_wconf 86' lang='lat' dir='ltr'>quae</span> <span class='ocrx_word' id='word_1_198' title='bbox 438 2447 659 2515; x_wconf 85' lang='lat' dir='ltr'>forsan</span> <span class='ocrx_word' id='word_1_199' title='bbox 712 2466 842 2515; x_wconf 91' lang='lat' dir='ltr'>non</span> <span class='ocrx_word' id='word_1_200' title='bbox 894 2454 995 2516; x_wconf 90' lang='lat' dir='ltr'>est</span> <span class='ocrx_word' id='word_1_201' title='bbox 1047 2466 1185 2516; x_wconf 90' lang='lat' dir='ltr'>sua.</span> <span class='ocrx_word' id='word_1_202' title='bbox 1222 2446 1353 2514; x_wconf 91' lang='lat' dir='ltr'>Sed</span> <span class='ocrx_word' id='word_1_203' title='bbox 1387 2446 1764 2516; x_wconf 90' lang='lat' dir='ltr'>communis</span> <span class='ocrx_word' id='word_1_204' title='bbox 1800 2448 2127 2515; x_wconf 87' lang='lat' dir='ltr'>sententia</span> <span class='ocrx_word' id='word_1_205' title='bbox 2179 2463 2332 2515; x_wconf 91' lang='lat' dir='ltr'>cum</span> <span class='ocrx_word' id='word_1_206' title='bbox 2369 2448 2629 2532; x_wconf 89' lang='lat' dir='ltr'>Azorio,</span> <span class='ocrx_word' id='word_1_207' title='bbox 2668 2450 2845 2516; x_wconf 91' lang='lat' dir='ltr'>Con-</span> 
     </span>
     <span class='ocr_line' id='line_1_22' title="bbox 237 2554 2846 2640; baseline 0 -18"><span class='ocrx_word' id='word_1_208' title='bbox 237 2554 409 2636; x_wconf 88' lang='lat' dir='ltr'>cina,</span> <span class='ocrx_word' id='word_1_209' title='bbox 460 2555 940 2623; x_wconf 78' lang='lat' dir='ltr'>continuatore</span> <span class='ocrx_word' id='word_1_210' title='bbox 991 2555 1357 2640; x_wconf 85' lang='lat' dir='ltr'>Tournely,</span> <span class='ocrx_word' id='word_1_211' title='bbox 1430 2555 1648 2637; x_wconf 86' lang='lat' dir='ltr'>Croix,</span> <span class='ocrx_word' id='word_1_212' title='bbox 1698 2554 1908 2634; x_wconf 82' lang='lat' dir='ltr'>Elbel‚</span> <span class='ocrx_word' id='word_1_213' title='bbox 1961 2554 2215 2637; x_wconf 91' lang='lat' dir='ltr'>Lessio,</span> <span class='ocrx_word' id='word_1_214' title='bbox 2250 2557 2456 2640; x_wconf 91' lang='lat' dir='ltr'>Lugo,</span> <span class='ocrx_word' id='word_1_215' title='bbox 2500 2555 2846 2623; x_wconf 90' lang='lat' dir='ltr'>Salmanti-</span> 
     </span>
     <span class='ocr_line' id='line_1_23' title="bbox 236 2660 2841 2746; baseline 0 -18"><span class='ocrx_word' id='word_1_216' title='bbox 236 2660 574 2744; x_wconf 91' lang='lat' dir='ltr'>censibus,</span> <span class='ocrx_word' id='word_1_217' title='bbox 625 2660 938 2744; x_wconf 77' lang='lat' dir='ltr'>SancbeZ,</span> <span class='ocrx_word' id='word_1_218' title='bbox 989 2662 1177 2744; x_wconf 88' lang='lat' dir='ltr'>Soto,</span> <span class='ocrx_word' id='word_1_219' title='bbox 1230 2661 1504 2746; x_wconf 85' lang='lat' dir='ltr'>Sporer,</span> <span class='ocrx_word' id='word_1_220' title='bbox 1558 2668 1705 2742; x_wconf 90' lang='lat' dir='ltr'>etc.,</span> <span class='ocrx_word' id='word_1_221' title='bbox 1756 2660 2130 2728; x_wconf 85' lang='lat' dir='ltr'>adulterum</span> <span class='ocrx_word' id='word_1_222' title='bbox 2204 2661 2439 2730; x_wconf 89' lang='lat' dir='ltr'>liberat</span> <span class='ocrx_word' id='word_1_223' title='bbox 2510 2663 2590 2730; x_wconf 92' lang='lat' dir='ltr'>ab</span> <span class='ocrx_word' id='word_1_224' title='bbox 2663 2661 2841 2730; x_wconf 91' lang='lat' dir='ltr'>omni</span> 
     </span>
     <span class='ocr_line' id='line_1_24' title="bbox 233 2767 2841 2856; baseline 0.002 -21"><span class='ocrx_word' id='word_1_225' title='bbox 233 2768 686 2837; x_wconf 82' lang='lat' dir='ltr'>restitutionis</span> <span class='ocrx_word' id='word_1_226' title='bbox 734 2769 1162 2854; x_wconf 70' lang='lat' dir='ltr'>obligatione,</span> <span class='ocrx_word' id='word_1_227' title='bbox 1217 2769 1391 2855; x_wconf 90' lang='lat' dir='ltr'>quia,</span> <span class='ocrx_word' id='word_1_228' title='bbox 1441 2777 1660 2838; x_wconf 85' lang='lat' dir='ltr'>stante</span> <span class='ocrx_word' id='word_1_229' title='bbox 1710 2769 1819 2837; x_wconf 89' lang='lat' dir='ltr'>tali</span> <span class='ocrx_word' id='word_1_230' title='bbox 1870 2767 2093 2853; x_wconf 91' lang='lat' dir='ltr'>dubio,</span> <span class='ocrx_word' id='word_1_231' title='bbox 2143 2769 2443 2856; x_wconf 79' lang='lat' dir='ltr'>possidet</span> <span class='ocrx_word' id='word_1_232' title='bbox 2490 2772 2841 2840; x_wconf 87' lang='lat' dir='ltr'>matrimo-</span> 
     </span>
     <span class='ocr_line' id='line_1_25' title="bbox 237 2861 2845 2964; baseline 0 -20"><span class='ocrx_word' id='word_1_233' title='bbox 237 2861 453 2959; x_wconf 83' lang='lat' dir='ltr'>nium,</span> <span class='ocrx_word' id='word_1_234' title='bbox 485 2883 551 2944; x_wconf 91' lang='lat' dir='ltr'>et</span> <span class='ocrx_word' id='word_1_235' title='bbox 600 2875 775 2943; x_wconf 89' lang='lat' dir='ltr'>filius</span> <span class='ocrx_word' id='word_1_236' title='bbox 813 2894 1078 2962; x_wconf 91' lang='lat' dir='ltr'>semper</span> <span class='ocrx_word' id='word_1_237' title='bbox 1115 2884 1462 2963; x_wconf 90' lang='lat' dir='ltr'>reputatur</span> <span class='ocrx_word' id='word_1_238' title='bbox 1497 2877 1855 2962; x_wconf 87' lang='lat' dir='ltr'>legitimus,</span> <span class='ocrx_word' id='word_1_239' title='bbox 1890 2875 2102 2945; x_wconf 89' lang='lat' dir='ltr'>donec</span> <span class='ocrx_word' id='word_1_240' title='bbox 2142 2882 2404 2945; x_wconf 87' lang='lat' dir='ltr'>constet</span> <span class='ocrx_word' id='word_1_241' title='bbox 2440 2878 2845 2964; x_wconf 91' lang='lat' dir='ltr'>oppositum.</span> 
     </span>
    </p>
   </div>
   <div class='ocr_carea' id='block_1_3' title="bbox 235 2984 2848 3194">
    <p class='ocr_par' dir='ltr' id='par_1_4' title="bbox 235 2984 2848 3194">
     <span class='ocr_line' id='line_1_26' title="bbox 235 2984 2848 3071; baseline 0.001 -18"><span class='ocrx_word' id='word_1_242' title='bbox 235 2986 472 3071; x_wconf 85' lang='lat' dir='ltr'>Neque</span> <span class='ocrx_word' id='word_1_243' title='bbox 521 3003 679 3052; x_wconf 90' lang='lat' dir='ltr'>sane</span> <span class='ocrx_word' id='word_1_244' title='bbox 729 3003 949 3053; x_wconf 89' lang='lat' dir='ltr'>rarum</span> <span class='ocrx_word' id='word_1_245' title='bbox 999 2992 1122 3069; x_wconf 87' lang='lat' dir='ltr'>est,</span> <span class='ocrx_word' id='word_1_246' title='bbox 1171 2991 1243 3052; x_wconf 91' lang='lat' dir='ltr'>ut</span> <span class='ocrx_word' id='word_1_247' title='bbox 1294 2984 1406 3071; x_wconf 93' lang='lat' dir='ltr'>qui</span> <span class='ocrx_word' id='word_1_248' title='bbox 1457 2985 1719 3054; x_wconf 91' lang='lat' dir='ltr'>steriles</span> <span class='ocrx_word' id='word_1_249' title='bbox 1770 2985 2182 3069; x_wconf 88' lang='lat' dir='ltr'>videbantur,</span> <span class='ocrx_word' id='word_1_250' title='bbox 2233 2984 2497 3053; x_wconf 91' lang='lat' dir='ltr'>tandem</span> <span class='ocrx_word' id='word_1_251' title='bbox 2545 2986 2717 3055; x_wconf 88' lang='lat' dir='ltr'>filios</span> <span class='ocrx_word' id='word_1_252' title='bbox 2751 2988 2848 3055; x_wconf 90' lang='lat' dir='ltr'>in·</span> 
     </span>
     <span class='ocr_line' id='line_1_27' title="bbox 239 3092 927 3194; baseline -0.001 -34"><span class='ocrx_word' id='word_1_253' title='bbox 239 3099 511 3177; x_wconf 89' lang='lat' dir='ltr'>sperato</span> <span class='ocrx_word' id='word_1_254' title='bbox 562 3092 927 3194; x_wconf 85' lang='lat' dir='ltr'>obtineant.</span> 
     </span>
    </p>
   </div>
   <div class='ocr_carea' id='block_1_4' title="bbox 239 3271 2848 4322">
    <p class='ocr_par' dir='ltr' id='par_1_5' title="bbox 240 3271 2846 3432">
     <span class='ocr_line' id='line_1_28' title="bbox 327 3271 2846 3353; baseline 0.001 -17"><span class='ocrx_word' id='word_1_255' title='bbox 327 3271 489 3348; x_wconf 71' lang='lat' dir='ltr'>Quia</span> <span class='ocrx_word' id='word_1_256' title='bbox 530 3272 836 3353; x_wconf 83' lang='lat' dir='ltr'>(quaeres)</span> <span class='ocrx_word' id='word_1_257' title='bbox 878 3274 936 3335; x_wconf 77' lang='lat' dir='ltr'>si</span> <span class='ocrx_word' id='word_1_258' title='bbox 973 3273 1182 3353; x_wconf 76' lang='lat' dir='ltr'>proles</span> <span class='ocrx_word' id='word_1_259' title='bbox 1251 3274 1339 3335; x_wconf 80' lang='lat' dir='ltr'>sit</span> <span class='ocrx_word' id='word_1_260' title='bbox 1377 3279 1546 3335; x_wconf 79' lang='lat' dir='ltr'>certo</span> <span class='ocrx_word' id='word_1_261' title='bbox 1621 3272 2000 3353; x_wconf 55' lang='lat' dir='ltr'>illegitimm</span> <span class='ocrx_word' id='word_1_262' title='bbox 2069 3273 2178 3334; x_wconf 77' lang='lat' dir='ltr'>aed</span> <span class='ocrx_word' id='word_1_263' title='bbox 2222 3272 2537 3335; x_wconf 81' lang='lat' dir='ltr'>incertum</span> <span class='ocrx_word' id='word_1_264' title='bbox 2579 3274 2694 3350; x_wconf 74' lang='lat' dir='ltr'>ait,</span> <span class='ocrx_word' id='word_1_265' title='bbox 2760 3290 2846 3338; x_wconf 79' lang='lat' dir='ltr'>an</span> 
     </span>
     <span class='ocr_line' id='line_1_29' title="bbox 240 3352 2167 3432; baseline -0.001 -15"><span class='ocrx_word' id='word_1_266' title='bbox 240 3355 328 3417; x_wconf 81' lang='lat' dir='ltr'>ad</span> <span class='ocrx_word' id='word_1_267' title='bbox 367 3371 561 3416; x_wconf 80' lang='lat' dir='ltr'>unum</span> <span class='ocrx_word' id='word_1_268' title='bbox 601 3354 696 3414; x_wconf 83' lang='lat' dir='ltr'>vel</span> <span class='ocrx_word' id='word_1_269' title='bbox 737 3354 1007 3416; x_wconf 80' lang='lat' dir='ltr'>alterum</span> <span class='ocrx_word' id='word_1_270' title='bbox 1049 3372 1128 3418; x_wconf 75' lang='lat' dir='ltr'>ecc</span> <span class='ocrx_word' id='word_1_271' title='bbox 1164 3352 1401 3417; x_wconf 78' lang='lat' dir='ltr'>duobus</span> <span class='ocrx_word' id='word_1_272' title='bbox 1438 3354 1752 3416; x_wconf 77' lang='lat' dir='ltr'>adulteris</span> <span class='ocrx_word' id='word_1_273' title='bbox 1796 3354 2167 3432; x_wconf 77' lang='lat' dir='ltr'>pertineat?</span> 
     </span>
    </p>

    <p class='ocr_par' dir='ltr' id='par_1_6' title="bbox 239 3431 2846 3674">
     <span class='ocr_line' id='line_1_30' title="bbox 325 3431 2845 3514; baseline 0.001 -18"><span class='ocrx_word' id='word_1_274' title='bbox 325 3432 396 3496; x_wconf 88' lang='lat' dir='ltr'>R.</span> <span class='ocrx_word' id='word_1_275' title='bbox 439 3433 851 3497; x_wconf 91' lang='lat' dir='ltr'>Communius</span> <span class='ocrx_word' id='word_1_276' title='bbox 895 3433 1129 3497; x_wconf 80' lang='lat' dir='ltr'>docent</span> <span class='ocrx_word' id='word_1_277' title='bbox 1171 3450 1316 3496; x_wconf 90' lang='lat' dir='ltr'>cum</span> <span class='ocrx_word' id='word_1_278' title='bbox 1378 3433 1671 3511; x_wconf 83' lang='lat' dir='ltr'>Lacroix,</span> <span class='ocrx_word' id='word_1_279' title='bbox 1715 3433 1913 3513; x_wconf 87' lang='lat' dir='ltr'>Lugo,</span> <span class='ocrx_word' id='word_1_280' title='bbox 1956 3431 2130 3513; x_wconf 83' lang='lat' dir='ltr'>Gury</span> <span class='ocrx_word' id='word_1_281' title='bbox 2173 3440 2239 3495; x_wconf 90' lang='lat' dir='ltr'>et</span> <span class='ocrx_word' id='word_1_282' title='bbox 2284 3432 2429 3495; x_wconf 90' lang='lat' dir='ltr'>aliis</span> <span class='ocrx_word' id='word_1_283' title='bbox 2502 3443 2845 3514; x_wconf 89' lang='lat' dir='ltr'>utrumque</span> 
     </span>
     <span class='ocr_line' id='line_1_31' title="bbox 239 3513 2846 3593; baseline 0 -16"><span class='ocrx_word' id='word_1_284' title='bbox 239 3513 607 3577; x_wconf 88' lang='lat' dir='ltr'>adulterum</span> <span class='ocrx_word' id='word_1_285' title='bbox 651 3514 1071 3593; x_wconf 88' lang='lat' dir='ltr'>obligandum</span> <span class='ocrx_word' id='word_1_286' title='bbox 1107 3531 1247 3577; x_wconf 88' lang='lat' dir='ltr'>esse</span> <span class='ocrx_word' id='word_1_287' title='bbox 1291 3513 1370 3576; x_wconf 90' lang='lat' dir='ltr'>ad</span> <span class='ocrx_word' id='word_1_288' title='bbox 1415 3515 1890 3578; x_wconf 87' lang='lat' dir='ltr'>restituendum</span> <span class='ocrx_word' id='word_1_289' title='bbox 1935 3530 2050 3592; x_wconf 91' lang='lat' dir='ltr'>pro</span> <span class='ocrx_word' id='word_1_290' title='bbox 2080 3520 2244 3589; x_wconf 90' lang='lat' dir='ltr'>rata,</span> <span class='ocrx_word' id='word_1_291' title='bbox 2296 3515 2440 3591; x_wconf 92' lang='lat' dir='ltr'>quia</span> <span class='ocrx_word' id='word_1_292' title='bbox 2478 3531 2552 3576; x_wconf 90' lang='lat' dir='ltr'>eo</span> <span class='ocrx_word' id='word_1_293' title='bbox 2601 3516 2661 3577; x_wconf 92' lang='lat' dir='ltr'>in</span> <span class='ocrx_word' id='word_1_294' title='bbox 2696 3530 2846 3577; x_wconf 87' lang='lat' dir='ltr'>casu</span> 
     </span>
     <span class='ocr_line' id='line_1_32' title="bbox 240 3592 2841 3674; baseline 0 -17"><span class='ocrx_word' id='word_1_295' title='bbox 240 3594 549 3658; x_wconf 90' lang='lat' dir='ltr'>damnum</span> <span class='ocrx_word' id='word_1_296' title='bbox 592 3604 692 3658; x_wconf 86' lang='lat' dir='ltr'>est</span> <span class='ocrx_word' id='word_1_297' title='bbox 732 3604 978 3658; x_wconf 85' lang='lat' dir='ltr'>certum</span> <span class='ocrx_word' id='word_1_298' title='bbox 1023 3607 1089 3659; x_wconf 89' lang='lat' dir='ltr'>et</span> <span class='ocrx_word' id='word_1_299' title='bbox 1130 3602 1383 3659; x_wconf 83' lang='lat' dir='ltr'>constat</span> <span class='ocrx_word' id='word_1_300' title='bbox 1427 3592 1587 3659; x_wconf 91' lang='lat' dir='ltr'>illud</span> <span class='ocrx_word' id='word_1_301' title='bbox 1636 3595 1716 3658; x_wconf 88' lang='lat' dir='ltr'>ab</span> <span class='ocrx_word' id='word_1_302' title='bbox 1760 3593 2076 3658; x_wconf 87' lang='lat' dir='ltr'>alterutro</span> <span class='ocrx_word' id='word_1_303' title='bbox 2110 3602 2431 3674; x_wconf 88' lang='lat' dir='ltr'>patratum</span> <span class='ocrx_word' id='word_1_304' title='bbox 2464 3611 2637 3671; x_wconf 90' lang='lat' dir='ltr'>esse;</span> <span class='ocrx_word' id='word_1_305' title='bbox 2667 3603 2841 3658; x_wconf 89' lang='lat' dir='ltr'>uter·</span> 
     </span>
    </p>

    <p class='ocr_par' dir='ltr' id='par_1_7' title="bbox 240 3675 2848 4322">
     <span class='ocr_line' id='line_1_33' title="bbox 289 3675 2844 3756; baseline -0 -18"><span class='ocrx_word' id='word_1_306' title='bbox 289 3692 368 3738; x_wconf 88' lang='lat' dir='ltr'>ue</span> <span class='ocrx_word' id='word_1_307' title='bbox 414 3677 610 3755; x_wconf 88' lang='lat' dir='ltr'>igitur</span> <span class='ocrx_word' id='word_1_308' title='bbox 654 3683 753 3738; x_wconf 90' lang='lat' dir='ltr'>est</span> <span class='ocrx_word' id='word_1_309' title='bbox 794 3692 979 3738; x_wconf 88' lang='lat' dir='ltr'>causa</span> <span class='ocrx_word' id='word_1_310' title='bbox 1020 3676 1505 3740; x_wconf 84' lang='lat' dir='ltr'>incertitudinis</span> <span class='ocrx_word' id='word_1_311' title='bbox 1536 3693 1680 3756; x_wconf 81' lang='lat' dir='ltr'>quae</span> <span class='ocrx_word' id='word_1_312' title='bbox 1716 3675 1988 3754; x_wconf 88' lang='lat' dir='ltr'>impedit</span> <span class='ocrx_word' id='word_1_313' title='bbox 2019 3691 2100 3737; x_wconf 86' lang='lat' dir='ltr'>ne</span> <span class='ocrx_word' id='word_1_314' title='bbox 2137 3676 2571 3753; x_wconf 83' lang='lat' dir='ltr'>compensatio</span> <span class='ocrx_word' id='word_1_315' title='bbox 2602 3675 2680 3738; x_wconf 88' lang='lat' dir='ltr'>ab</span> <span class='ocrx_word' id='word_1_316' title='bbox 2715 3690 2844 3738; x_wconf 90' lang='lat' dir='ltr'>uno</span> 
     </span>
     <span class='ocr_line' id='line_1_34' title="bbox 240 3692 2844 3835; baseline -0.002 -15"><span class='ocrx_word' id='word_1_317' title='bbox 240 3692 676 3820; x_wconf 63' lang='lat' dir='ltr'>geterminato</span> <span class='ocrx_word' id='word_1_318' title='bbox 719 3755 890 3834; x_wconf 87' lang='lat' dir='ltr'>exigi</span> <span class='ocrx_word' id='word_1_319' title='bbox 937 3758 1153 3835; x_wconf 87' lang='lat' dir='ltr'>possit.</span> <span class='ocrx_word' id='word_1_320' title='bbox 1183 3755 1424 3819; x_wconf 86' lang='lat' dir='ltr'>Verum</span> <span class='ocrx_word' id='word_1_321' title='bbox 1467 3755 1577 3819; x_wconf 90' lang='lat' dir='ltr'>alii</span> <span class='ocrx_word' id='word_1_322' title='bbox 1624 3771 1768 3819; x_wconf 90' lang='lat' dir='ltr'>cum</span> <span class='ocrx_word' id='word_1_323' title='bbox 1811 3754 2035 3830; x_wconf 88' lang='lat' dir='ltr'>Gobat,</span> <span class='ocrx_word' id='word_1_324' title='bbox 2081 3752 2401 3829; x_wconf 90' lang='lat' dir='ltr'>Filliucio,</span> <span class='ocrx_word' id='word_1_325' title='bbox 2452 3753 2694 3832; x_wconf 89' lang='lat' dir='ltr'>Lessio,</span> <span class='ocrx_word' id='word_1_326' title='bbox 2728 3753 2844 3816; x_wconf 91' lang='lat' dir='ltr'>Lo-</span> 
     </span>
     <span class='ocr_line' id='line_1_35' title="bbox 240 3834 2848 3918; baseline -0.001 -19"><span class='ocrx_word' id='word_1_327' title='bbox 240 3851 381 3918; x_wconf 86' lang='lat' dir='ltr'>pez,</span> <span class='ocrx_word' id='word_1_328' title='bbox 424 3835 736 3913; x_wconf 86' lang='lat' dir='ltr'>Sauchez,</span> <span class='ocrx_word' id='word_1_329' title='bbox 778 3836 1105 3913; x_wconf 86' lang='lat' dir='ltr'>Zacharia,</span> <span class='ocrx_word' id='word_1_330' title='bbox 1147 3844 1304 3913; x_wconf 87' lang='lat' dir='ltr'>etc.,·</span> <span class='ocrx_word' id='word_1_331' title='bbox 1334 3845 1679 3917; x_wconf 87' lang='lat' dir='ltr'>utrumque</span> <span class='ocrx_word' id='word_1_332' title='bbox 1721 3836 2092 3900; x_wconf 91' lang='lat' dir='ltr'>adulterum</span> <span class='ocrx_word' id='word_1_333' title='bbox 2130 3834 2419 3897; x_wconf 90' lang='lat' dir='ltr'>liberant</span> <span class='ocrx_word' id='word_1_334' title='bbox 2436 3852 2455 3908; x_wconf 82' lang='lat'><em>3</em></span> <span class='ocrx_word' id='word_1_335' title='bbox 2525 3837 2662 3897; x_wconf 86' lang='lat' dir='ltr'>baec</span> <span class='ocrx_word' id='word_1_336' title='bbox 2706 3850 2848 3896; x_wconf 87' lang='lat' dir='ltr'>sen·</span> 
     </span>
     <span class='ocr_line' id='line_1_36' title="bbox 241 3914 2844 3997; baseline -0.002 -16"><span class='ocrx_word' id='word_1_337' title='bbox 241 3918 446 3981; x_wconf 86' lang='lat' dir='ltr'>tentia</span> <span class='ocrx_word' id='word_1_338' title='bbox 494 3916 651 3981; x_wconf 91' lang='lat' dir='ltr'>dura</span> <span class='ocrx_word' id='word_1_339' title='bbox 700 3925 815 3991; x_wconf 90' lang='lat' dir='ltr'>est,</span> <span class='ocrx_word' id='word_1_340' title='bbox 858 3925 923 3979; x_wconf 87' lang='lat' dir='ltr'>at</span> <span class='ocrx_word' id='word_1_341' title='bbox 967 3925 1244 3997; x_wconf 88' lang='lat' dir='ltr'>spectata</span> <span class='ocrx_word' id='word_1_342' title='bbox 1291 3919 1546 3980; x_wconf 89' lang='lat' dir='ltr'>ratione</span> <span class='ocrx_word' id='word_1_343' title='bbox 1588 3925 1656 3979; x_wconf 85' lang='lat' dir='ltr'>et</span> <span class='ocrx_word' id='word_1_344' title='bbox 1697 3918 1995 3980; x_wconf 88' lang='lat' dir='ltr'>absolute</span> <span class='ocrx_word' id='word_1_345' title='bbox 2040 3914 2363 3995; x_wconf 88' lang='lat' dir='ltr'>loquendo</span> <span class='ocrx_word' id='word_1_346' title='bbox 2411 3914 2844 3991; x_wconf 84' lang='lat' dir='ltr'>probabilior3</span> 
     </span>
     <span class='ocr_line' id='line_1_37' title="bbox 243 3995 2841 4070; baseline -0.002 -8"><span class='ocrx_word' id='word_1_347' title='bbox 243 4016 434 4062; x_wconf 91' lang='lat' dir='ltr'>nemo</span> <span class='ocrx_word' id='word_1_348' title='bbox 477 4000 654 4060; x_wconf 90' lang='lat' dir='ltr'>enim</span> <span class='ocrx_word' id='word_1_349' title='bbox 698 4005 955 4061; x_wconf 90' lang='lat' dir='ltr'>tenetur</span> <span class='ocrx_word' id='word_1_350' title='bbox 1023 3997 1103 4061; x_wconf 90' lang='lat' dir='ltr'>de</span> <span class='ocrx_word' id='word_1_351' title='bbox 1147 3997 1403 4070; x_wconf 90' lang='lat' dir='ltr'>damno,</span> <span class='ocrx_word' id='word_1_352' title='bbox 1477 3999 1603 4059; x_wconf 89' lang='lat' dir='ltr'>nisi</span> <span class='ocrx_word' id='word_1_353' title='bbox 1651 4006 1827 4059; x_wconf 89' lang='lat' dir='ltr'>certo</span> <span class='ocrx_word' id='word_1_354' title='bbox 1897 3995 2233 4058; x_wconf 88' lang='lat' dir='ltr'>moraliter</span> <span class='ocrx_word' id='word_1_355' title='bbox 2303 4001 2557 4056; x_wconf 82' lang='lat' dir='ltr'>constet</span> <span class='ocrx_word' id='word_1_356' title='bbox 2634 3996 2649 4056; x_wconf 95' lang='lat' dir='ltr'>i</span> <span class='ocrx_word' id='word_1_357' title='bbox 2701 4011 2841 4057; x_wconf 86' lang='lat' dir='ltr'>sum</span> 
     </span>
     <span class='ocr_line' id='line_1_38' title="bbox 243 4075 2841 4156; baseline -0.002 -14"><span class='ocrx_word' id='word_1_358' title='bbox 243 4079 446 4144; x_wconf 83' lang='lat' dir='ltr'>fuisse</span> <span class='ocrx_word' id='word_1_359' title='bbox 483 4079 700 4142; x_wconf 89' lang='lat' dir='ltr'>damni</span> <span class='ocrx_word' id='word_1_360' title='bbox 747 4095 1021 4140; x_wconf 89' lang='lat' dir='ltr'>causam.</span> <span class='ocrx_word' id='word_1_361' title='bbox 1065 4078 1192 4141; x_wconf 88' lang='lat' dir='ltr'>Nec</span> <span class='ocrx_word' id='word_1_362' title='bbox 1236 4077 1469 4139; x_wconf 80' lang='lat' dir='ltr'>sufficit</span> <span class='ocrx_word' id='word_1_363' title='bbox 1510 4089 1581 4141; x_wconf 87' lang='lat' dir='ltr'>ut</span> <span class='ocrx_word' id='word_1_364' title='bbox 1626 4078 1914 4156; x_wconf 86' lang='lat' dir='ltr'>posuerit</span> <span class='ocrx_word' id='word_1_365' title='bbox 1958 4077 2282 4139; x_wconf 86' lang='lat' dir='ltr'>actionem</span> <span class='ocrx_word' id='word_1_366' title='bbox 2328 4082 2537 4152; x_wconf 90' lang='lat' dir='ltr'>aptam</span> <span class='ocrx_word' id='word_1_367' title='bbox 2607 4091 2640 4137; x_wconf 87' lang='lat' dir='ltr'>a</span> <span class='ocrx_word' id='word_1_368' title='bbox 2732 4075 2841 4137; x_wconf 90' lang='lat' dir='ltr'>da-</span> 
     </span>
     <span class='ocr_line' id='line_1_39' title="bbox 242 4153 2845 4239; baseline -0.002 -15"><span class='ocrx_word' id='word_1_369' title='bbox 242 4175 491 4236; x_wconf 91' lang='lat' dir='ltr'>mnum,</span> <span class='ocrx_word' id='word_1_370' title='bbox 558 4159 669 4221; x_wconf 91' lang='lat' dir='ltr'>sed</span> <span class='ocrx_word' id='word_1_371' title='bbox 715 4160 978 4239; x_wconf 88' lang='lat' dir='ltr'>insuper</span> <span class='ocrx_word' id='word_1_372' title='bbox 1024 4158 1400 4238; x_wconf 88' lang='lat' dir='ltr'>requiritur,</span> <span class='ocrx_word' id='word_1_373' title='bbox 1440 4157 1708 4221; x_wconf 88' lang='lat' dir='ltr'>utillud</span> <span class='ocrx_word' id='word_1_374' title='bbox 1755 4172 1986 4220; x_wconf 82' lang='lat' dir='ltr'>revera</span> <span class='ocrx_word' id='word_1_375' title='bbox 2035 4153 2377 4229; x_wconf 87' lang='lat' dir='ltr'>intulerit;</span> <span class='ocrx_word' id='word_1_376' title='bbox 2419 4169 2628 4234; x_wconf 90' lang='lat' dir='ltr'>neque</span> <span class='ocrx_word' id='word_1_377' title='bbox 2671 4158 2845 4218; x_wconf 89' lang='lat' dir='ltr'>enim</span> 
     </span>
     <span class='ocr_line' id='line_1_40' title="bbox 244 4237 2846 4322; baseline -0.002 -17"><span class='ocrx_word' id='word_1_378' title='bbox 244 4257 502 4322; x_wconf 83' lang='lat' dir='ltr'>semper</span> <span class='ocrx_word' id='word_1_379' title='bbox 545 4241 710 4303; x_wconf 88' lang='lat' dir='ltr'>actio</span> <span class='ocrx_word' id='word_1_380' title='bbox 753 4238 834 4302; x_wconf 86' lang='lat' dir='ltr'>de</span> <span class='ocrx_word' id='word_1_381' title='bbox 876 4256 946 4303; x_wconf 89' lang='lat' dir='ltr'>se</span> <span class='ocrx_word' id='word_1_382' title='bbox 988 4240 1301 4320; x_wconf 87' lang='lat' dir='ltr'>injuriosa</span> <span class='ocrx_word' id='word_1_383' title='bbox 1353 4238 1661 4301; x_wconf 90' lang='lat' dir='ltr'>damnum</span> <span class='ocrx_word' id='word_1_384' title='bbox 1704 4247 1943 4313; x_wconf 88' lang='lat' dir='ltr'>causat,</span> <span class='ocrx_word' id='word_1_385' title='bbox 1989 4245 2059 4299; x_wconf 91' lang='lat' dir='ltr'>ut</span> <span class='ocrx_word' id='word_1_386' title='bbox 2104 4242 2602 4314; x_wconf 85' lang='lat' dir='ltr'>argumentatur</span> <span class='ocrx_word' id='word_1_387' title='bbox 2646 4237 2846 4316; x_wconf 85' lang='lat' dir='ltr'>Ange·</span> 
     </span>
    </p>
   </div>
   <div class='ocr_carea' id='block_1_5' title="bbox 246 4493 2847 4812">
    <p class='ocr_par' dir='ltr' id='par_1_8' title="bbox 246 4493 2847 4752">
     <span class='ocr_line' id='line_1_41' title="bbox 246 4493 2846 4568; baseline -0.003 -12"><span class='ocrx_word' id='word_1_388' title='bbox 246 4502 494 4556; x_wconf 85' lang='lat' dir='ltr'>renueret</span> <span class='ocrx_word' id='word_1_389' title='bbox 527 4502 727 4565; x_wconf 86' lang='lat' dir='ltr'>prolem</span> <span class='ocrx_word' id='word_1_390' title='bbox 760 4512 967 4563; x_wconf 88' lang='lat' dir='ltr'>curare,</span> <span class='ocrx_word' id='word_1_391' title='bbox 1004 4501 1121 4564; x_wconf 83' lang='lat' dir='ltr'>ipsa</span> <span class='ocrx_word' id='word_1_392' title='bbox 1153 4498 1394 4551; x_wconf 84' lang='lat' dir='ltr'>adultera</span> <span class='ocrx_word' id='word_1_393' title='bbox 1429 4495 1527 4548; x_wconf 87' lang='lat' dir='ltr'>etsi</span> <span class='ocrx_word' id='word_1_394' title='bbox 1563 4496 1842 4557; x_wconf 76' lang='lat' dir='ltr'>innocenS,</span> <span class='ocrx_word' id='word_1_395' title='bbox 1881 4494 2097 4568; x_wconf 74' lang='lat' dir='ltr'>deberet</span> <span class='ocrx_word' id='word_1_396' title='bbox 2131 4493 2409 4567; x_wconf 79' lang='lat' dir='ltr'>providere</span> <span class='ocrx_word' id='word_1_397' title='bbox 2444 4495 2711 4546; x_wconf 74' lang='lat' dir='ltr'>infantulo</span> <span class='ocrx_word' id='word_1_398' title='bbox 2744 4506 2846 4547; x_wconf 84' lang='lat' dir='ltr'>suo</span> 
     </span>
     <span class='ocr_line' id='line_1_42' title="bbox 246 4557 2847 4629; baseline -0.004 -9"><span class='ocrx_word' id='word_1_399' title='bbox 246 4565 549 4629; x_wconf 81' lang='lat' dir='ltr'>impotenti,</span> <span class='ocrx_word' id='word_1_400' title='bbox 579 4576 688 4615; x_wconf 91' lang='lat' dir='ltr'>non</span> <span class='ocrx_word' id='word_1_401' title='bbox 758 4563 934 4615; x_wconf 89' lang='lat' dir='ltr'>uidem</span> <span class='ocrx_word' id='word_1_402' title='bbox 968 4563 1172 4614; x_wconf 87' lang='lat' dir='ltr'>ratione</span> <span class='ocrx_word' id='word_1_403' title='bbox 1205 4561 1393 4624; x_wconf 84' lang='lat' dir='ltr'>culpae,</span> <span class='ocrx_word' id='word_1_404' title='bbox 1427 4558 1518 4610; x_wconf 88' lang='lat' dir='ltr'>sed</span> <span class='ocrx_word' id='word_1_405' title='bbox 1555 4569 1624 4609; x_wconf 83' lang='lat' dir='ltr'>ex</span> <span class='ocrx_word' id='word_1_406' title='bbox 1657 4557 1834 4609; x_wconf 83' lang='lat' dir='ltr'>officio</span> <span class='ocrx_word' id='word_1_407' title='bbox 1871 4558 2117 4620; x_wconf 82' lang='lat' dir='ltr'>pietatis;</span> <span class='ocrx_word' id='word_1_408' title='bbox 2152 4559 2233 4608; x_wconf 88' lang='lat' dir='ltr'>est</span> <span class='ocrx_word' id='word_1_409' title='bbox 2263 4568 2409 4608; x_wconf 80' lang='lat' dir='ltr'>enim</span> <span class='ocrx_word' id='word_1_410' title='bbox 2462 4557 2554 4608; x_wconf 90' lang='lat' dir='ltr'>ille</span> <span class='ocrx_word' id='word_1_411' title='bbox 2606 4569 2732 4609; x_wconf 86' lang='lat' dir='ltr'>caro</span> <span class='ocrx_word' id='word_1_412' title='bbox 2779 4557 2847 4609; x_wconf 84' lang='lat' dir='ltr'>de</span> 
     </span>
     <span class='ocr_line' id='line_1_43' title="bbox 248 4618 2845 4688; baseline -0.004 -7"><span class='ocrx_word' id='word_1_413' title='bbox 248 4639 410 4681; x_wconf 86' lang='lat' dir='ltr'>carne</span> <span class='ocrx_word' id='word_1_414' title='bbox 442 4637 577 4688; x_wconf 80' lang='lat' dir='ltr'>sua3</span> <span class='ocrx_word' id='word_1_415' title='bbox 613 4625 707 4678; x_wconf 88' lang='lat' dir='ltr'>sed</span> <span class='ocrx_word' id='word_1_416' title='bbox 777 4626 960 4678; x_wconf 85' lang='lat' dir='ltr'>aberet</span> <span class='ocrx_word' id='word_1_417' title='bbox 988 4636 1197 4688; x_wconf 77' lang='lat' dir='ltr'>semper</span> <span class='ocrx_word' id='word_1_418' title='bbox 1224 4623 1311 4685; x_wconf 79' lang='lat' dir='ltr'>jus</span> <span class='ocrx_word' id='word_1_419' title='bbox 1345 4620 1618 4685; x_wconf 87' lang='lat' dir='ltr'>repetendi</span> <span class='ocrx_word' id='word_1_420' title='bbox 1653 4618 1721 4670; x_wconf 85' lang='lat' dir='ltr'>ab</span> <span class='ocrx_word' id='word_1_421' title='bbox 1755 4619 1997 4672; x_wconf 86' lang='lat' dir='ltr'>adultero</span> <span class='ocrx_word' id='word_1_422' title='bbox 2029 4620 2215 4672; x_wconf 84' lang='lat' dir='ltr'>omnia</span> <span class='ocrx_word' id='word_1_423' title='bbox 2246 4619 2446 4672; x_wconf 81' lang='lat' dir='ltr'>damna</span> <span class='ocrx_word' id='word_1_424' title='bbox 2477 4622 2529 4671; x_wconf 87' lang='lat' dir='ltr'>et</span> <span class='ocrx_word' id='word_1_425' title='bbox 2558 4630 2845 4685; x_wconf 80' lang='lat' dir='ltr'>expensas.</span> 
     </span>
     <span class='ocr_line' id='line_1_44' title="bbox 256 4681 2595 4752; baseline -0.003 -10"><span class='ocrx_word' id='word_1_426' title='bbox 256 4691 318 4742; x_wconf 72' lang='lat' dir='ltr'>V.</span> <span class='ocrx_word' id='word_1_427' title='bbox 351 4691 408 4741; x_wconf 84' lang='lat' dir='ltr'>Li</span> <span class='ocrx_word' id='word_1_428' title='bbox 485 4689 589 4752; x_wconf 88' lang='lat' dir='ltr'>ori,</span> <span class='ocrx_word' id='word_1_429' title='bbox 623 4688 713 4751; x_wconf 81' lang='lat' dir='ltr'>Op.</span> <span class='ocrx_word' id='word_1_430' title='bbox 749 4687 907 4747; x_wconf 68' lang='lat' dir='ltr'>Mor„</span> <span class='ocrx_word' id='word_1_431' title='bbox 943 4687 978 4737; x_wconf 92' lang='grc' dir='ltr'>Ι.</span> <span class='ocrx_word' id='word_1_432' title='bbox 1008 4699 1087 4750; x_wconf 81' lang='lat'>111,</span> <span class='ocrx_word' id='word_1_433' title='bbox 1120 4697 1170 4738; x_wconf 89' lang='lat' dir='ltr'>n.</span> <span class='ocrx_word' id='word_1_434' title='bbox 1203 4688 1325 4748; x_wconf 65' lang='lat'>6313</span> <span class='ocrx_word' id='word_1_435' title='bbox 1360 4686 1414 4737; x_wconf 88' lang='lat' dir='ltr'>et</span> <span class='ocrx_word' id='word_1_436' title='bbox 1444 4682 1509 4734; x_wconf 91' lang='lat' dir='ltr'>de</span> <span class='ocrx_word' id='word_1_437' title='bbox 1540 4681 1856 4734; x_wconf 85' lang='lat' dir='ltr'>enormitate</span> <span class='ocrx_word' id='word_1_438' title='bbox 1889 4682 2133 4735; x_wconf 87' lang='lat' dir='ltr'>adulterii</span> <span class='ocrx_word' id='word_1_439' title='bbox 2172 4681 2286 4735; x_wconf 86' lang='lat' dir='ltr'>Lib.</span> <span class='ocrx_word' id='word_1_440' title='bbox 2321 4694 2358 4745; x_wconf 83' lang='grc' dir='ltr'>ι,</span> <span class='ocrx_word' id='word_1_441' title='bbox 2393 4693 2448 4735; x_wconf 90' lang='lat' dir='ltr'>n.</span> <span class='ocrx_word' id='word_1_442' title='bbox 2482 4685 2595 4736; x_wconf 91' lang='grc'><strong>777.</strong></span> 
     </span>
    </p>

    <p class='ocr_par' dir='ltr' id='par_1_9' title="bbox 316 4746 1878 4812">
     <span class='ocr_line' id='line_1_45' title="bbox 316 4746 1878 4812; baseline -0.004 -9"><span class='ocrx_word' id='word_1_443' title='bbox 316 4754 338 4794; x_wconf 84' lang='grc'>1</span> <span class='ocrx_word' id='word_1_444' title='bbox 425 4791 442 4804; x_wconf 90' lang='grc'><strong>.</strong></span> <span class='ocrx_word' id='word_1_445' title='bbox 475 4751 733 4812; x_wconf 68' lang='lat' dir='ltr'>Caruere,</span> <span class='ocrx_word' id='word_1_446' title='bbox 766 4752 837 4801; x_wconf 79' lang='lat' dir='ltr'>De</span> <span class='ocrx_word' id='word_1_447' title='bbox 868 4750 1080 4802; x_wconf 67' lang='lat' dir='ltr'>leutitia</span> <span class='ocrx_word' id='word_1_448' title='bbox 1110 4752 1161 4801; x_wconf 80' lang='lat' dir='ltr'>et</span> <span class='ocrx_word' id='word_1_449' title='bbox 1190 4749 1335 4809; x_wconf 73' lang='lat' dir='ltr'>lure,</span> <span class='ocrx_word' id='word_1_450' title='bbox 1370 4757 1460 4798; x_wconf 93' lang='lat' dir='ltr'>nn.</span> <span class='ocrx_word' id='word_1_451' title='bbox 1497 4747 1620 4800; x_wconf 78' lang='lat'>1389</span> <span class='ocrx_word' id='word_1_452' title='bbox 1647 4746 1703 4797; x_wconf 88' lang='lat' dir='ltr'>et</span> <span class='ocrx_word' id='word_1_453' title='bbox 1731 4757 1878 4810; x_wconf 86' lang='lat' dir='ltr'>seqq.</span> 
     </span>
    </p>
   </div>
  </div>
 </body>
</html>
