3292 5167
1318 219 1396 267 na
1442 219 1782 267 clumam
2718 204 2854 271 693

274 313 285 323 ’
339 323 439 385 An
450 321 786 465 l411uaeres)
829 321 996 385 dives
1045 327 1332 384 teneatur
1372 324 1582 385 omnia
1625 323 1941 403 superflua
1984 323 2052 385 in
2090 339 2398 404 pauperes
2441 342 2701 407 eroqare
2733 328 2766 388 9

337 402 408 464 R.
506 404 793 482 egative3
839 401 949 464 sed
998 399 1056 462 id
1098 402 1349 474 morali,
1399 413 1462 465 et
1509 405 1792 466 humano
1838 402 2023 465 modo
2079 405 2524 483 accipiendum
2572 415 2691 482 est,
2743 409 2840 468 ita

247 492 331 546 ut
372 483 555 546 dives
603 491 897 545 teneatur
942 483 1329 562 pauperibus
1373 484 1723 546 subvenire
1766 491 2074 562 quantum
2122 494 2276 546 satis
2320 487 2402 546 sit
2448 502 2559 564 pro
2605 503 2845 550 consu·

258 562 454 626 lendo
498 563 848 625 ordinariis
894 577 1114 625 eorum
1162 563 1581 642 indigentiis,
1632 566 1837 643 posito
1881 564 2045 642 quod
2094 563 2205 626 alii
2252 565 2486 628 divites
2530 567 2700 629 idem
2749 566 2847 629 ta·

253 647 471 716 ciant;
516 645 635 706 hoc
680 646 852 705 enim
903 653 1287 722 praeceptum
1338 660 1462 707 non
1511 645 1756 724 obligat
1801 647 1866 705 in
1914 644 2190 706 solidum
2235 645 2546 724 singulos,
2617 647 2731 709 sed
2777 648 2849 708 in

255 726 579 786 communi
628 739 852 786 omnes
898 722 1132 798 divites
1176 739 1291 803 pro
1321 741 1427 788 sua
1465 734 1663 805 parte.
1701 725 1862 785 Hinc
1893 726 2294 786 communius
2330 734 2572 805 putant,
2606 727 2844 789 divites

255 808 511 868 muneri
557 820 670 868 suo
716 803 1087 867 satisfacere
1132 803 1455 882 erogando
1503 823 1565 867 in
1606 821 1923 884 pauperes
1970 821 2337 867 communes
2375 817 2614 882 partem
2662 811 2844 887 quin·

250 889 691 965 quagesimam
736 900 995 948 suorum
1044 884 1391 960 redituum,
1433 889 1538 964 qui
1587 894 1968 965 supersunt:
2014 902 2125 947 seu
2171 885 2296 948 duo
2347 889 2410 947 in
2451 899 2732 963 centum,
2777 898 2851 952 ut

252 964 444 1028 multi
493 967 719 1029 dicunt
758 981 899 1029 cum
945 963 1245 1027 Mazzotta
1315 964 1696 1044 Roncaglia,
1739 965 1918 1038 Viva,
1968 975 2126 1028 etc.:
2213 978 2277 1027 et
2320 984 2370 1027 si
2422 968 2669 1031 reditus
2712 970 2846 1031 sint

256 1048 654 1126 pinguioreS,
686 1046 1035 1109 admittunt
1066 1047 1276 1107 minus
1360 1047 1853 1125 uinquagesima
1890 1055 2085 1124 parte.
2121 1045 2422 1108 Notamus
2455 1056 2665 1111 autem
2698 1065 2841 1111 cum

254 1128 428 1189 card.
478 1127 782 1190 Gousset:
828 1126 886 1189 Il
921 1133 1197 1205 precetto
1239 1127 1311 1189 de
1367 1143 1405 1187 a
1451 1128 1743 1188 limosina
1786 1124 2039 1206 obbliqa
2095 1128 2621 1205 principalmente
2684 1132 2849 1193 nelle

250 1209 562 1270 calamita
599 1206 953 1287 pubbliclte,
1008 1205 1303 1281 allorclte,
1346 1224 1401 1286 p.
1447 1226 1549 1280 es„
1595 1208 1660 1269 ta
1704 1210 1982 1270 carestia
2026 1209 2084 1269 si
2116 1207 2186 1287 sa
2229 1210 2504 1283 sentire,
2547 1225 2580 1270 o
2642 1209 2750 1272 che
2794 1212 2841 1273 il

246 1304 434 1368 ³paese
475 1293 505 1351 e
547 1289 868 1352 devastato
902 1289 982 1348 aa
1027 1287 1450 1356 inondazioni,
1493 1288 1670 1350 dalla
1714 1305 1949 1367 queri-a
1992 1306 2024 1350 o
2058 1288 2140 1350 da
2182 1288 2343 1350 altri
2400 1289 2485 1368 fla
2534 1290 2660 1352 etet.
2706 1292 2841 1356 Pati

251 1371 569 1446 accudere,
638 1368 745 1430 che
790 1369 998 1432 allora
1042 1368 1203 1429 siasi
1243 1364 1565 1447 obbliqato
1620 1369 2040 1449 d’t'mpieyare
2083 1384 2122 1429 a
2165 1370 2416 1431 soilievo
2513 1372 2570 1432 ei
2618 1372 2854 1450 topini,

249 1466 376 1512 non
418 1452 546 1512 solo
588 1450 612 1512 i
655 1448 796 1513 beni
838 1446 1142 1526 superflui
1180 1448 1247 1511 al
1288 1452 1542 1527 proprio
1584 1457 1770 1524 stato,
1810 1467 1908 1511 ma
1947 1448 2144 1512 anche
2175 1466 2305 1511 una
2336 1459 2522 1529 parte
2556 1451 2654 1514 dei
2700 1451 2847 1516 beni

246 1532 570 1593 necessari
607 1546 718 1609 per
760 1529 1157 1610 conservarlo
1198 1530 1454 1591 intatto.

334 1612 433 1674 An
476 1611 584 1689 qui
601 1617 977 1690 proeceptum
1004 1611 1394 1688 eleemosynae
1413 1626 1528 1689 per
1552 1609 1802 1689 lonqnm
1840 1616 2077 1688 tempus
2101 1609 2333 1684 omisit,
2364 1628 2666 1674 summam
2689 1611 2844 1674 elee-

248 1693 549 1770 mosynis,
596 1707 755 1770 quas
802 1692 1017 1754 omisit
1059 1690 1524 1770 aequivalentem
1565 1691 1718 1751 dare
1765 1698 2053 1753 teneatur
2094 1708 2149 1751 st
2191 1692 2449 1768 possit?

333 1769 592 1834 Certum
656 1779 755 1833 est
799 1773 960 1833 hauc
1006 1772 1595 1850 compensationem
1660 1787 1799 1832 esse
1857 1770 2564 1833 salutare.remedium
2610 1781 2836 1834 contra

244 1850 637 1931 culpabilem
681 1853 1115 1914 omissionem.
1181 1850 1365 1929 Saepe
1425 1852 1561 1913 haec
1625 1854 1943 1930 reparatio
2013 1850 2272 1913 videtur
2337 1855 2696 1914 necessaria
2763 1852 2841 1915 ad

250 1931 609 1995 tollendum
680 1931 1055 1994 scandalum
1103 1948 1214 2012 per
1263 1930 1452 1995 talem
1501 1932 1805 1994 duritiem
1853 1947 2002 2011 erga
2064 1947 2374 2011 pauperes
2436 1931 2703 1995 illatum.
2764 1934 2847 1995 At

249 2027 380 2074 non
426 2012 716 2075 videmus
781 2012 1099 2092 quomodo
1145 2013 1475 2075 diceretur
1518 2014 1713 2074 etiam
1778 2016 2058 2074 existere
2117 2012 2580 2089 obligationem
2643 2012 2842 2075 dandi

248 2103 562 2156 summam
596 2092 1108 2173 aequivalentem,
1154 2107 1296 2154 cum
1329 2089 1734 2171 eleemosyna
1769 2109 1896 2153 non
1931 2093 2244 2154 debeatur
2276 2093 2648 2171 exjustitia.
2687 2092 2844 2155 item

250 2174 630 2247 notandum,
682 2189 811 2235 non
859 2173 1207 2251 prohiberi,
1251 2173 1419 2253 quod
1466 2178 1610 2253 quis
1655 2174 1874 2236 debito
1921 2173 2112 2234 modo
2155 2188 2235 2235 ex
2265 2174 2612 2252 superfluis
2639 2175 2846 2252 possit

243 2252 329 2314 ad
375 2253 671 2334 altiorem
714 2262 949 2316 statum
994 2253 1377 2327 ascendere;
1437 2254 1499 2315 id
1544 2256 1718 2315 enim
1780 2255 1983 2332 exigit
2025 2253 2184 2314 ordo
2231 2254 2660 2333 providenttae
2688 2302 2703 2329 ‚
2757 2269 2842 2316 ne

248 2334 666 2413 negligantur
711 2344 901 2409 arteS,
945 2333 1263 2396 industria
1298 2333 1683 2413 praefocetur
1747 2351 1819 2395 ac
1864 2335 2234 2396 commercii
2290 2338 2683 2413 prosperitas
2725 2335 2830 2398 de·

244 2413 444 2477 ficiat.
481 2413 570 2477 Ne
614 2415 768 2476 inde
814 2422 1026 2476 tamen
1072 2415 1259 2477 luxus
1304 2424 1758 2495 promoveatur
1802 2415 2168 2476 damnosus.

334 2587 530 2651 981.
590 2589 661 2668 Q.
712 2591 772 2655 [ι.
825 2588 1101 2668 Quinam
1145 2598 1430 2654 tenentur
1474 2587 1558 2652 ad
1603 2587 2109 2673 eleemosynam?

336 2697 407 2762 R.
459 2693 835 2763 Generatim
906 2693 997 2760 illi
1074 2700 1355 2778 possunt
1404 2699 1469 2760 et
1517 2691 1761 2760 debent
1824 2692 2309 2776 eleemosynam
2361 2691 2673 2776 tribuere,
2721 2693 2840 2779 qui

240 2802 421 2870 bona
476 2800 845 2886 possident,
899 2809 966 2873 et
1014 2819 1246 2870 eorum
1296 2798 1869 2867 administratione
1920 2800 2265 2885 potiuntur
2284 2825 2302 2880 3
2357 2818 2501 2867 nam
2565 2800 2646 2868 de
2695 2819 2846 2885 pro·

248 2908 412 2996 priis
462 2909 570 2975 illa
618 2908 911 2976 facienda
956 2914 1077 2989 est,
1129 2906 1280 2992 quia
1346 2908 1655 2974 Dominus
1719 2907 1859 2973 odio
1928 2907 2105 2975 habet
2169 2908 2464 2992 rapinam
2532 2908 2600 2974 in
2667 2909 2845 2975 holo-

239 3028 458 3084 causto
509 3017 557 3083 ¹.
606 3018 690 3082 Et
740 3014 934 3097 valet,
984 3015 1137 3084 licet
1189 3014 1528 3099 proximus
1578 3014 1667 3081 sit
1714 3014 1779 3081 in
1830 3015 2164 3096 extremiS,
2214 3007 2347 3100 q‘uo
2395 3032 2551 3082 casu
2622 3017 2844 3084 omnia

247 3123 426 3192 bona
477 3131 632 3191 sunt
680 3123 1100 3203 communia3
1151 3140 1298 3189 nam
1349 3123 1549 3190 etiam
1598 3130 1755 3189 tunc
1804 3120 1856 3189 si
1913 3121 2246 3207 potuisses
2281 3139 2418 3188 rem
2455 3129 2633 3191 tuam
2667 3123 2839 3191 elar-

240 3229 389 3315 giri,
444 3237 509 3298 et
557 3230 838 3299 alienam
888 3230 1154 3314 dedisti,
1207 3230 1452 3298 teneris
1500 3228 1578 3297 ad
1628 3228 2147 3298 restitutionem.
2225 3230 2389 3309 Quia
2430 3238 2843 3317 praeceptum

240 3335 689 3421 eleemosynae
764 3345 827 3407 te
876 3338 1333 3422 obstringebat
1396 3335 1478 3404 ad
1547 3335 2082 3404 subveniendum
2146 3336 2450 3421 proximo
2522 3337 2840 3424 indigenti

234 3442 327 3511 de
380 3444 517 3512 tuis
556 3443 743 3529 juxta
792 3442 953 3510 illud
999 3441 1231 3512 lsaiae:
1278 3444 1504 3529 franqe
1541 3443 1835 3509 esurienti
1873 3461 2106 3528 panem
2150 3455 2327 3509 tuum
2374 3447 2436 3508 ¹.
2495 3473 2512 3488 ·

339 3551 502 3631 Quid
547 3549 783 3635 (dices)
831 3552 903 3617 de
946 3551 1405 3637 filiisfamilias,
1455 3550 1782 3630 uxoribus,
1818 3549 2232 3617 tutoribus-ac
2261 3550 2502 3616 servis?
2549 3552 2841 3620 Possunt

229 3656 351 3726 filii
403 3667 467 3726 et
518 3676 757 3725 uxores
807 3675 1081 3744 erogare
1129 3660 1582 3745 eleemosynas
1632 3658 1832 3726 statui
1886 3659 2423 3745 proportionatas
2474 3658 2540 3725 in
2577 3660 2820 3744 quibus

237 3773 420 3835 certe
462 3773 807 3851 parentum
857 3772 922 3832 et
970 3763 1359 3833 maritorum
1408 3783 1775 3834 consensus
1826 3765 2306 3834 rationabiliter
2353 3764 2587 3833 adesse
2663 3784 2824 3850 prae·
2935 3813 2944 3820 -

234 3871 542 3962 sumitur.
576 3874 790 3940 Etiam
826 3884 1056 3939 tutores
1096 3880 1377 3958 possunt
1412 3872 1624 3939 facere
1674 3872 2148 3959 eleemosynaS‚
2186 3873 2414 3957 quales
2448 3871 2665 3942 facere
2700 3870 2827 3940 de-

229 3978 469 4048 berent
518 3979 632 4061 illi,
683 3977 763 4046 ad
796 3996 968 4064 quos
1002 3977 1334 4065 pertinent
1381 3980 1556 4047 bona
1603 3978 2096 4061 administrata;
2146 3995 2297 4047 cum
2344 3977 2830 4068 vices-illorum

232 4093 488 4173 gerant.
524 4089 661 4154 Hoc
697 4094 918 4154 tamen
967 4106 1096 4154 non
1132 4087 1338 4156 currit
1371 4085 1452 4155 de
1482 4088 1700 4168 servis,
1755 4087 2000 4172 quibus
2051 4086 2305 4153 nullum
2355 4086 2675 4172 competit
2722 4087 2836 4174 jus

230 4192 302 4261 in
354 4195 528 4262 bona
578 4192 1024 4276 dominorum,
1060 4193 1115 4262 si
1150 4192 1564 4280 excipiantur
1596 4192 1878 4261 modicae
1915 4193 2356 4279 eleemosynae
2410 4192 2596 4279 panis
2637 4200 2703 4262 et
2735 4194 2840 4262 si·-

227 4299 518 4383 milium‚
568 4318 731 4389 quas
782 4300 1103 4387 permittit
1163 4319 1326 4369 usus
1374 4318 1449 4369 ac
1496 4300 1747 4368 domini
1798 4297 2247 4392 praesumptus
2295 4317 2684 4370 consensus.

286 4601 322 4705 ζ
353 4601 424 4718 ἐξ..
454 4613 602 4715 ῗξίζ.
627 4605 702 4655 De
735 4612 1032 4667 pauperum
1063 4613 1210 4667 cura,
1247 4602 1402 4666 plura
1436 4601 1547 4655 Lib.
1582 4615 1658 4666 iv,
1695 4603 1917 4668 Apporto.
1948 4614 2039 4656 vu.

416 4746 681 4830 Scmm,
736 4746 1063 4830 Theoloqia
1108 4753 1232 4817 etc.
1281 4749 1352 4815 T.
1400 4747 1478 4814 11.
2570 4753 2658 4822 44
