3292 5167
1070 176 1150 222 nn
1192 173 1478 223 suern-1113
1525 172 1799 224 siminus
2601 157 2757 224 545-
2791 243 2799 250 ·

145 281 302 344 liter
363 275 674 358 perfectio
719 284 963 340 naturae
1027 276 1282 341 divinae.
1329 278 1509 341 Adde
1570 278 2124 341 inordinationem
2189 278 2599 344 manifestam
2670 281 2737 342 in

141 358 482 423 mendacio
551 373 967 437 quocunque3
1011 358 1178 423 istud
1225 361 1396 423 enim
1442 365 1758 441 pervertit
1807 359 1999 420 finem
2049 358 2412 436 locutionis,
2443 369 2513 424 ut
2544 361 2737 423 homi·

123 447 259 504 ‘nes
304 447 555 517 possint
596 454 823 501 sensus
857 454 1014 501 suos
1058 440 1179 504 sihi
1226 441 1508 504 invicem
1551 440 2048 502 communicare.

221 518 630 582 Mendacium
676 529 888 581 tamen
933 519 986 581 si
1035 535 1241 599 neque
1289 522 1646 600 proximum
1694 535 1902 597 neque
1949 518 2148 581 Deum
2190 519 2473 598 graviter
2519 519 2736 600 laedat‚

147 615 359 680 neque
402 615 600 678 grave
644 599 1017 661 scandalum
1063 600 1291 680 pariat,
1335 598 1595 663 veniale
1640 607 1756 674 est,
1801 600 1893 660 uti
1941 599 2020 661 de
2050 598 2387 661 mendacio
2428 601 2647 680 jocoso
2678 615 2741 664 et

148 680 436 743 officioso
509 679 705 742 tradit
771 678 833 744 d.
889 678 1284 757 Augustinus
1332 680 1442 754 (In
1487 680 1588 742 Ps.
1636 681 1735 760 v);
1787 679 1970 743 adest
2038 687 2284 743 tantum
2341 682 2741 745 inordinatio

143 759 346 834 levis3
393 775 537 823 cum
583 775 656 822 ea
704 776 835 822 non
880 770 1242 839 opponatur
1307 762 1626 824 charitati.
1696 795 1768 805 —
1814 760 1945 822 lmo
1998 775 2127 821 non
2194 777 2342 822 raro
2408 762 2739 827 mendacia

142 840 363 919 jocosa
411 848 641 903 carent
682 842 857 902 omni
904 839 1109 921 culpa,
1156 845 1244 905 uti
1310 843 1361 904 si
1411 842 1689 905 intentio
1727 840 2019 920 jocandi,
2060 856 2134 902 ac
2177 839 2435 902 ridendi
2501 845 2587 904 ita
2633 859 2738 923 pa·

144 929 304 995 teat,
354 929 424 983 ut
467 919 779 982 facillime
825 921 1063 1001 percipi
1113 923 1313 1001 possit
1367 925 1503 984 sive
1559 938 1637 983 ex
1685 922 1817 1000 ipsa
1869 938 1937 983 re
1970 935 2114 1000 quae
2159 919 2418 995 dicitur,
2485 924 2620 983 sive
2664 940 2742 986 ex

144 1011 299 1063 tono
335 1002 504 1063 vocis
536 1000 770 1080 lepid0‚
814 1002 951 1063 sive
993 1017 1072 1064 ex
1117 1001 1261 1064 aliis
1292 1002 1833 1074 circumstantiis3
1880 1011 2032 1065 tunc
2062 1008 2273 1079 potius
2304 999 2530 1063 facetia
2565 1009 2664 1064 est
2694 1004 2745 1065 ¹.

144 1081 342 1148 Addit
384 1079 682 1144 Stattler:
732 1106 755 1136 ‹
791 1080 1097 1159 Infantes,
1131 1093 1441 1161 amentes,
1464 1081 1713 1154 furiosi,
1749 1082 1963 1144 ebrios
1996 1080 2405 1143 simulatione
2429 1090 2539 1144 aut
2560 1081 2737 1148 falsi-

152 1161 373 1242 loquio
430 1161 580 1224 licet
640 1161 946 1223 inducere
1003 1162 1080 1225 ad
1128 1161 1401 1244 aliquid3
1451 1178 1594 1226 cum
1641 1160 1705 1223 id
1737 1178 1941 1239 genus
1985 1162 2277 1226 homines
2312 1179 2430 1224 usu
2469 1165 2738 1226 rationis

144 1251 435 1317 careant,
478 1241 630 1304 solis
674 1242 850 1304 hisce
894 1240 1175 1305 stimulis
1210 1253 1511 1323 aguntur.
1555 1267 1578 1296 ι

226 1322 626 1386 Mendacium
672 1338 825 1383 vero
890 1324 1345 1402 perniciosum,
1409 1322 1574 1403 quod
1625 1322 1910 1400 graviter
1978 1330 2088 1383 aut
2133 1319 2324 1383 laedat
2378 1326 2739 1400 proximum

146 1412 263 1466 aut
307 1404 504 1465 Deum
549 1402 856 1478 offendat,
915 1404 1011 1465 vel
1055 1420 1252 1482 grave
1315 1404 1693 1466 scandalum
1738 1404 1966 1481 pariat,
2030 1402 2156 1463 erit
2202 1403 2474 1465 mortale
2517 1404 2597 1465 ob
2645 1422 2738 1467 ra·

147 1485 396 1545 tionem
443 1484 849 1546 contrariam.
895 1482 972 1545 Et
1015 1483 1095 1545 de
1141 1484 1262 1546 hoc
1305 1483 1696 1563 intelligitur
1741 1481 1898 1544 illud
1949 1479 2006 1543 ²:
2057 1479 2264 1544 Sermo
2330 1482 2633 1547 obscurus
2680 1486 2747 1548 in

139 1579 417 1626 vacuum
457 1580 582 1625 non
621 1561 785 1634 ibat,-
831 1580 898 1624 os
940 1571 1149 1626 autem
1193 1564 1351 1645 quod
1393 1565 1720 1637 mentitur,
1763 1563 1994 1625 occidit
2049 1563 2345 1624 animam.

224 1642 418 1704 2⁸⁷.
468 1645 583 1704 Ars
626 1642 991 1721 decipiendi
1039 1653 1260 1707 notum
1293 1644 1733 1710 omnibusest
1762 1653 1999 1722 quanta
2037 1659 2189 1706 cura
2239 1643 2431 1705 hodie
2458 1645 2735 1707 maxime

144 1723 229 1786 ad
282 1725 526 1803 praxim
570 1723 924 1787 deducatur
992 1726 1058 1786 in
1127 1725 1403 1804 politicis
1449 1725 2036 1803 negotiationibus;
2102 1725 2254 1785 hinc
2312 1723 2487 1787 nulla
2557 1725 2741 1798 fides,

144 1803 330 1868 nulla
378 1805 580 1883 quies,
611 1804 784 1867 nulla
833 1805 1182 1881 securitas;
1225 1821 1445 1869 omnes
1490 1805 1845 1885 decipiunt,
1893 1820 2114 1866 omnes
2159 1802 2590 1883 decipiuntur.
2628 1803 2748 1890 Rie-

144 1883 281 1947 fert
334 1874 664 1947 Carfiere:
719 1883 851 1948 Don
883 1882 1056 1947 Juan
1097 1886 1170 1948 de
1225 1885 1382 1966 γέρα
1431 1887 1651 1948 disant
1694 1887 1732 1946 ὰ
1776 1886 1897 1946 don
1938 1884 2119 1964 Dieqo
2162 1885 2232 1946 de
2278 1883 2605 1958 Mendoza,
2642 1887 2750 1964 qui

148 1967 259 2027 lui
300 1963 623 2026 succedat}
664 1966 821 2028 dans
863 1982 983 2027 une
1025 1967 1417 2041 ambassade,
1480 1967 1634 2046 qu'il
1689 1982 1763 2028 ne
1816 1965 2168 2027 trouverait
2205 1968 2393 2044 querc
2436 1967 2506 2028 de
2550 1968 2751 2029 verite

137 2046 362 2126 parmi
383 2045 469 2107 les
493 2045 815 2108 ministres
844 2046 916 2108 do
941 2053 1099 2110 cette
1127 2045 1407 2110 (ἔσαν-ἰὰ.
1432 2081 1505 2091 -
1527 2046 1615 2110 Ils
1645 2053 1756 2110 ont
1781 2046 1941 2108 donc
1969 2052 2294 2109 rencontrt⁵
2327 2047 2463 2108 leur
2499 2046 2752 2123 homme,

145 2126 461 2204 repondit
510 2124 728 2205 Diego,
791 2142 905 2188 car
961 2142 1126 2205 pour
1187 2145 1273 2190 un
1334 2144 1660 2205 mensonye
1723 2125 1915 2205 qu'ils
1974 2143 2065 2188 me
2120 2124 2357 2202 din-ont,
2390 2127 2460 2204 je
2499 2127 2635 2188 leur
2677 2145 2751 2191 en

145 2206 329 2269 dirui
382 2211 540 2267 cent.
575 2240 650 2251 —
682 2205 992 2286 Repliqua
1025 2206 1230 2287 Vega:
1268 2206 1355 2270 Et
1381 2208 1502 2270 moi
1541 2207 1664 2289 j'ai
1689 2207 1826 2285 pris
1862 2223 1984 2268 une
2020 2214 2206 2267 autre
2232 2213 2433 2282 route,
2474 2223 2592 2268 car
2621 2208 2754 2285 j²ai

144 2287 433 2366 repondit
478 2287 518 2347 ὰ
553 2294 687 2349 tous
753 2286 920 2348 leurs
984 2304 1342 2368 mensonqes
1408 2305 1529 2368 par
1591 2293 1828 2350 aucant
1886 2287 1958 2349 de
2025 2288 2273 2363 veritos,
2331 2297 2396 2350 et
2445 2287 2579 2350 cela
2622 2288 2748 2350 m'a

144 2369 359 2429 reussi
392 2365 685 2429 d’autaut
717 2368 932 2430 micum
955 2369 1141 2448 qu'ils
1170 2387 1244 2432 ne
1269 2386 1359 2430 me
1388 2370 1711 2446 croyoient
1733 2383 1998 2447 presque
2017 2366 2279 2444 jamnis.
2321 2366 2497 2430 Voilc'z
2525 2385 2752 2431 comme

150 2447 200 2510 it
283 2454 400 2509 aut
444 2455 602 2509 trom
648 2463 715 2509 cr
760 2447 845 2510 les
886 2455 1197 2512 monteurs
1241 2448 1359 2528 (De
1398 2443 1659 2512 lustitia
1706 2456 1771 2510 et
1811 2446 1986 2525 Jure,
2030 2465 2088 2510 n.
2133 2446 2282 2529 924)
2306 2446 2352 2509 ³.

288 2527 429 2588 8⁸.
473 2526 540 2600 Q.
628 2577 638 2587 .
685 2528 785 2590 An
828 2527 1168 2607 aliquando
1213 2528 1394 2591 licita
1438 2530 1526 2592 sit
1573 2527 1949 2590 simulatio?

235 2606 309 2670 B.
355 2605 689 2670 Simulatio
732 2606 1047 2688 formalis,
1090 2625 1321 2689 nempe
1364 2626 1508 2672 cum
1555 2611 1699 2690 quis
1744 2607 2028 2673 intendit
2070 2622 2184 2686 per
2247 2607 2485 2672 tactum
2528 2616 2741 2671 exter·

149 2703 311 2751 num
357 2687 534 2750 aliud
579 2689 967 2767 significare,
1028 2706 1217 2769 quam
1263 2691 1427 2770 quod
1499 2706 1565 2752 in
1623 2690 1839 2751 animo
1888 2688 2099 2764 habet,
2149 2685 2369 2751 illicita
2418 2695 2545 2752 est:
2589 2690 2737 2768 quia

147 2777 256 2830 est
303 2785 524 2830 verum
570 2769 979 2833 mendacium
1025 2771 1172 2834 facti
1221 2769 1269 2833 ⁴.
1313 2770 1391 2833 At
1452 2770 1782 2834 simulatio
1845 2768 2240 2843 materialis,
2288 2768 2534 2833 scilicet
2594 2785 2742 2846 ¹cum

83 2873 90 2878 ·
147 2849 299 2927 quis
345 2846 586 2927 aliquid
633 2851 785 2927 agit,
830 2866 958 2912 non
1006 2849 1356 2913 intendens
1420 2851 1865 2929 deceptionem
1933 2848 2239 2922 alterius»,
2300 2850 2411 2913 sed
2467 2849 2749 2928 aliquem

148 2944 341 2992 suum
392 2929 610 3005 finem,
674 2929 846 2992 licita
892 2942 991 2994 est
1053 2948 1196 2994 cum
1261 2947 1472 3008 cansa,
1515 2948 1769 3011 semper
1813 2945 1887 2993 ac
1930 2945 2012 2992 ex
2079 2932 2579 2993 circumstantiis
2633 2930 2748 2992 alii

148 3013 412 3090 possint
454 3009 779 3089 conjicere
822 3010 905 3073 ad
949 3010 1146 3075 alium
1179 3013 1374 3076 tinem
1419 3012 1483 3076 id
1528 3013 1655 3089 agi.
1688 3010 1792 3074 Sic
1834 3010 2026 3073 Josue
2057 3008 2234 3072 licite
2278 3009 2444 3088 rugit
2490 3026 2618 3073 non
2654 3012 2749 3072 in·

150 3089 436 3153 tendens
480 3090 851 3168 significare
887 3104 1148 3168 metum,
1181 3091 1293 3155 sed
1343 3100 1412 3156 ut
1456 3094 1669 3155 nostes
1714 3092 1904 3170 longe
1949 3089 2429 3153 abducerentur
2473 3090 2553 3153 ab
2592 3090 2750 3154 urbe

148 3170 307 3246 lsai,
349 3179 414 3232 et
460 3170 696 3250 reliqui
743 3170 983 3234 milites
1027 3172 1356 3236 irruerent
1402 3174 1466 3233 in
1500 3173 1726 3235 urbem
1765 3171 1811 3233 ⁵.
1850 3171 1938 3233 lta
1983 3169 2275 3233 Christus
2301 3171 2495 3251 finxit
2520 3189 2585 3233 se
2619 3171 2749 3234 lon·

149 3255 301 3332 pius
347 3250 441 3313 ire
484 3248 535 3328 ⁶,
577 3267 705 3314 non
753 3252 1101 3315 intendens
1144 3262 1214 3317 ut
1243 3252 1552 3331 Discipuli
1587 3254 1706 3315 hoc
1737 3251 2101 3325 crederent,
2149 3250 2261 3313 sed
2300 3250 2521 3314 volens
2556 3254 2753 3329 signi-

150 3332 373 3407 ficate,
417 3347 486 3393 se
531 3349 755 3395 revera
808 3335 1046 3397 iturum
1092 3331 1372 3411 longius,
1423 3336 1545 3395 nisi
1592 3331 1672 3394 ab
1717 3333 1811 3394 eis
1863 3333 2267 3394 invitaretur.

233 3410 577 3475 simulatio
621 3413 933 3476 confundi
982 3429 1109 3475 non
1156 3414 1349 3477 dehet
1392 3429 1538 3477 cum
1582 3412 1922 3476 reticentia
1968 3420 2033 3474 et
2099 3411 2567 3475 taciturnitate.
2612 3409 2755 3476 offi-

152 3491 331 3553 cium
375 3493 716 3554 reticentiae
761 3494 826 3555 in
873 3509 948 3555 eo
993 3495 1311 3571 consistit,
1356 3503 1426 3557 ut
1469 3493 1872 3574 cognitiones
1907 3500 1971 3554 et
2020 3493 2269 3555 notitiae
2313 3508 2455 3572 quae
2499 3492 2759 3555 audien·

151 3572 330 3635 tibus
376 3572 753 3651 periculosae
797 3573 897 3635 vel
961 3575 1174 3637 noxiae
1222 3576 1545 3648 videntur,
1597 3574 1829 3637 iisdem
1878 3571 2208 3649 celentur;
2268 3573 2348 3635 ad
2392 3573 2557 3652 quod
2618 3574 2753 3652 qui·

155 3652 311 3714 dem
355 3667 603 3732 semper
634 3654 936 3730 charitas,
967 3653 1080 3715 sed
1117 3665 1183 3718 et
1224 3655 1578 3734 aliquando
1608 3655 1861 3732 justitia
1911 3669 2031 3715 nos
2070 3652 2374 3733 impellit:
2416 3655 2566 3715 hinc
2597 3653 2759 3715 illud

152 3741 255 3795 ost
288 3738 527 3812 tempus
559 3733 823 3797 tacendi.
853 3731 1030 3808 Quod
1064 3734 1118 3797 si
1152 3735 1216 3797 in
1248 3734 1568 3817 loquendo
1616 3752 1732 3799 nos
1763 3742 1984 3797 cautos
2013 3749 2155 3796 esse
2191 3742 2465 3813 oportet,
2519 3740 2760 3813 quanto

161 3813 398 3892 magis,
448 3810 600 3876 dum
644 3830 868 3877 sensus
918 3821 1170 3878 nostros
1217 3814 1426 3878 literis
1461 3812 1964 3894 consignamus?
2010 3814 2246 3894 scripta
2292 3824 2575 3878 manent.

226 4018 244 4057 ¹
283 4017 416 4067 Hinc
450 4028 560 4068 non
592 4018 719 4069 sunt
750 4016 1030 4070 mendacia.
1061 4019 1364 4072 locutiones.
1390 4021 1623 4085 tropicae,
1661 4024 1899 4088 ironicoe,
1948 4022 2320 4090 hyperbolicoe,
2371 4032 2490 4085 quae
2540 4021 2601 4072 ut
2636 4021 2765 4076 tales

62 4091 73 4103 ·
154 4079 313 4133 iacile
349 4080 416 4131 ab
451 4078 790 4132 audientibus
822 4080 988 4142 accipi
1062 4084 1262 4133 essunt
1299 4084 1458 4134 Multo
1493 4086 1671 4135 minus
1703 4087 1989 4148 parabolae,
2022 4085 2254 4150 apologi‚
2281 4080 2493 4143 tabulae,
2523 4085 2576 4135 et
2601 4087 2763 4149 aequi·

155 4143 594 4266 {Otffiarvssf’effzfflssrtzss
616 4142 790 4204 clarae,
827 4144 886 4195 ut
917 4141 1017 4194 faci
1039 4154 1069 4194 e
1100 4144 1327 4195 intentio
1362 4146 1625 4210 loquentis
1659 4150 1852 4209 pateat.
1888 4174 1953 4188 —
1995 4150 2050 4200 V.
2084 4146 2370 4207 cavalleri,
2401 4147 2477 4196 Lo
2532 4150 2764 4200 veracite

239 4265 267 4307 ²
298 4265 422 4338 Sap.
463 4278 501 4317 ι.
534 4290 600 4303 -
635 4265 784 4326 Quod
820 4265 888 4319 de
920 4267 1200 4319 mendacio
1233 4265 1434 4320 dictum
1465 4269 1563 4332 est,
1597 4269 1663 4322 ad
1698 4270 2115 4334 simulationem,
2146 4268 2460 4334 jactantiam
2490 4269 2547 4320 et
2571 4270 2766 4325 similia

159 4329 379 4381 extendi
413 4328 585 4388 debet,
618 4331 818 4404 quippe
849 4340 970 4393 quae
1002 4332 1132 4381 sunt
1167 4330 1448 4381 mendacia
1480 4330 1622 4383 raeti.
2447 4347 2456 4355 ·

226 4392 250 4431 ⁸
288 4391 360 4442 Ad
400 4401 511 4441 rem
543 4393 618 4440 ait
651 4401 869 4455 sapiens
905 4393 1092 4445 homo:
1129 4393 1230 4442 Per
1256 4405 1385 4455 poco
1415 4393 1503 4445 che
1535 4395 1582 4444 st
1614 4395 1846 4446 continui
1875 4395 1929 4446 di
1962 4398 2135 4458 questo
2152 4404 2322 4457 passo,
2364 4393 2417 4444 la
2448 4394 2762 4456 dintomazia

161 4453 363 4569 {gi-ciet}
398 4452 752 4567 mlgsrttieffigiu
785 4455 996 4505 avvilito
1028 4455 1166 4508 della
1197 4458 1360 4508 tei-ra.
1397 4455 1488 4507 Ma
1515 4458 1567 4507 ui
1597 4456 1803 4534 restcrd
1846 4469 2044 4520 sempre
2074 4457 2128 4507 la
2162 4456 2311 4508 Corte
2356 4456 2411 4508 di
2456 4457 2653 4531 Roma;
2686 4461 2765 4512 lo:

315 4528 338 4566 s
367 4552 380 4575 ‚
532 4553 545 4576 ‚
697 4556 709 4568 .

232 4578 256 4618 ⁴
291 4578 341 4628 S.
381 4579 635 4639 Thomas,
665 4582 719 4642 z,
748 4580 797 4639 2,
833 4588 885 4640 q.
925 4579 1034 4636 lli,
1071 4588 1119 4628 a.
1155 4581 1207 4630 1.
1891 4579 1915 4620 Ξ
1946 4580 2086 4640 los,
2113 4593 2160 4632 c.
2193 4589 2305 4632 vui.

229 4642 253 4680 ⁸
293 4642 416 4694 Luc.
453 4650 598 4691 xxiv.
632 4663 695 4677 -
733 4640 788 4690 V.
826 4639 1056 4702 Lignori,
1094 4640 1230 4703 Opus
1261 4642 1418 4706 Hor„
1451 4642 1495 4693 l.
1526 4653 1604 4706 ιιι,
1639 4653 1694 4695 ιι.
1732 4643 1843 4697 17¹.
