3292 5167
501 253 633 320 526
1162 270 1279 319 un,
1329 269 1392 322 u.
1442 272 1655 322 ruer.
1705 270 1807 319 vu.
1854 270 2010 322 msr.
2052 248 2119 319 ii.
2169 271 2299 320 mr.
2350 267 2415 315 11.

589 373 899 459 Exceptis
947 372 1129 444 bisce
1176 375 1464 459 casibus,
1511 376 1638 444 erit
1705 376 1986 444 mortale
2040 381 2271 444 contra
2331 373 2719 444 charitatem
2770 379 2840 441 et
2886 371 3098 459 justi·-

502 480 656 546 tiam
707 479 925 565 legere
976 481 1196 550 literas
1245 482 1491 551 alienas
1539 467 1707 569 (sive
1755 482 1970 568 sigillo
2021 482 2278 552 clausas
2332 482 2471 551 sive
2525 485 2709 567 non),
2754 480 2810 548 si
2861 481 3105 550 existi-

491 597 721 655 metur
767 588 831 655 in
883 588 962 657 iis
1012 589 1339 658 contineri
1389 607 1496 658 res
1543 589 1759 675 gravis
1810 589 2169 671 momenti3
2218 589 2472 658 veniale
2502 606 2681 678 vere,
2727 588 2785 656 si
2825 592 3103 669 contra;

501 694 786 781 ideoque
833 714 1100 785 semper
1148 704 1492 782 peccatum
1543 706 1667 768 est.
1718 700 1890 770 Sane
1938 697 2223 784 quilibet
2265 696 2354 766 ita
2395 697 2505 783 jus
2540 696 2737 765 babet
2773 695 2857 772 ad
2897 711 3103 770 suum

497 812 854 886 secretum,
903 814 976 872 ut
1024 806 1168 889 ipse
1215 805 1409 875 solus
1455 806 1639 889 sciat,
1694 807 1788 875 vel
1840 806 2289 878 communicet
2334 805 2439 876 cui
2491 804 2770 876 voluerit
2811 814 2864 870 ¹.
2904 801 3100 884 Quod

501 910 559 979 si
607 911 735 994 ille,
784 930 820 978 a
855 930 988 997 quo
1025 914 1120 982 vel
1161 913 1242 981 ad
1288 930 1486 999 quem
1518 913 1731 984 literae
1770 914 2143 995 mittuntur,
2184 911 2625 998 pnaevideatur
2654 912 2727 980 id
2758 930 2881 997 pro
2915 909 3101 998 gravi

504 1146 613 1195 res
661 1128 726 1195 in
779 1129 984 1197 literis
1034 1129 1162 1197 illis
1209 1130 1307 1197 sie
1356 1129 1547 1198 lectis
1598 1149 1729 1199 non
1780 1131 1913 1198 sint
1960 1131 2084 1200 nisi
2146 1129 2309 1198 levis
2356 1128 2696 1210 momenti,
2748 1127 2951 1213 idque
2995 1143 3101 1193 ra·

497 1235 684 1303 -tione
732 1236 942 1320 gravis
992 1236 1278 1306 tristitiae
1333 1236 1486 1308 inde
1538 1238 1832 1306 oriturae.
1890 1237 2185 1310 Dicimus
2231 1248 2453 1304 curura
2495 1237 2881 1315 charitatem,
2931 1234 3095 1320 quia

501 1342 773 1411 materia
826 1350 1055 1429 utpote
1103 1345 1167 1412 iu
1217 1362 1290 1414 se
1338 1345 1520 1427 levis,
1570 1364 1702 1414 non
1752 1353 1855 1413 est
1902 1351 2051 1432 apta
2100 1363 2182 1413 ex
2230 1351 2466 1412 natura
2512 1361 2653 1427 sua,
2704 1342 2829 1411 nisi
2874 1341 2959 1410 ad
2992 1342 3099 1410 le·-

503 1468 650 1518 vem
697 1450 1005 1537 injuriam
1053 1452 1453 1522 afferendam
1501 1461 1732 1521 contra
1771 1452 2120 1538 justitiam.

590 1554 783 1619 ⁷54.
835 1562 907 1640 Q.
957 1562 1018 1628 5.
1069 1559 1235 1641 Quid
1277 1559 1351 1627 de
1398 1561 1505 1627 illo
1552 1560 1879 1630 dicendum
1926 1572 2031 1643 est,
2078 1560 2187 1645 qm·
2230 1559 2457 1645 furtim
2487 1559 2725 1646 scripta
2769 1558 2987 1626 atiena
3018 1556 3107 1624 le·

500 1664 609 1750 qit,
659 1665 852 1733 invito
899 1665 1197 1734 domino?
2818 1655 2829 1676 ²

595 1773 665 1839 R.
716 1772 826 1840 Sic
874 1772 1100 1857 legens
1151 1781 1377 1858 peccat
1426 1773 1675 1858 duplici
1724 1792 1804 1842 ex
1843 1773 2093 1859 capite:
2125 1809 2218 1824 —-
2250 1773 2315 1860 1)
2353 1780 2626 1857 peccato
2669 1769 3102 1853 curiositatis,

501 1879 761 1947 etiamsi
811 1879 1004 1948 faciat
1052 1881 1272 1949 animo
1321 1881 1618 1950 discendi
1667 1886 1733 1949 et
1782 1881 1925 1949 sine
1975 1881 2105 1948 ulla
2153 1880 2375 1948 damni
2452 1879 2880 1966 suspicione3
2948 1895 3105 1950 cum

501 1986 613 2056 hic
660 1986 953 2055 discendi
1006 1987 1339 2072 appetitus
1390 2006 1519 2056 non
1571 1990 1659 2055 sit
1707 1987 2074 2057 secundum
2122 1986 2474 2068 ordinem3
2517 2025 2605 2036 -
2675 1989 2747 2066 2)
2825 1993 3103 2073 peccato

503 2092 891 2178 iniustitiae;
940 2094 1093 2180 quia
1143 2094 1421 2180 quilibet
1481 2094 1679 2164 babet
1740 2094 1850 2179 jus
1921 2094 2162 2163 secreti
2236 2092 2376 2161 suis
2444 2094 2511 2162 in
2588 2092 2874 2179 scriptis,
2949 2110 3103 2177 quae

506 2201 650 2267 aliis
695 2220 824 2269 non
877 2202 1012 2268 vult
1064 2220 1211 2271 esse
1260 2201 1658 2270 communia.
1695 2205 2045 2270 Peccatum
2081 2209 2301 2269 autem
2343 2201 2467 2269 erit
2503 2201 2800 2282 mortale,
2842 2200 2895 2267 si
2935 2217 3101 2270 con-

507 2309 713 2393 tingat
762 2327 912 2377 cum
962 2309 1227 2380 notabili
1281 2309 1564 2394 proximi
1624 2309 1866 2379 damno
1923 2309 2133 2397 (quod
2187 2310 2314 2380 erit
2370 2308 2806 2394 reparandum
2868 2306 3093 2394 quoad

504 2417 756 2501 potest)
808 2415 904 2482 vel
945 2435 1094 2485 cum
1145 2434 1376 2502 magna
1425 2416 1724 2501 eiusdem
1772 2418 1971 2486 animi
2022 2418 2552 2486 conturbatione.

595 2522 710 2590 Sed
751 2523 903 2609 quid
951 2523 1292 2609 (inquies),
1341 2524 1397 2590 si
1444 2524 1732 2591 dominus
1781 2526 1994 2592 literas
2039 2525 2421 2608 dilaceravit,
2469 2526 2539 2591 in
2595 2523 2919 2611 publicum
2984 2522 3101 2590 ab-

499 2630 739 2717 jecerit,
786 2643 840 2698 et
887 2632 1048 2699 alter
1093 2633 1365 2718 collique,
1404 2634 1638 2720 junqat
1686 2646 1741 2700 et
1789 2634 1998 2719 leym?

595 2744 664 2807 R.
720 2741 879 2820 Quae
930 2740 1025 2808 sic
1075 2740 1138 2808 in
1192 2740 1520 2825 publicam
1584 2742 1753 2809 viam
1811 2740 2234 2827 dejiciuntur,
2285 2759 2405 2826 pro
2468 2738 2801 2810 derelictis
2848 2738 3106 2807 haben-

507 2856 649 2928 tur;
699 2865 912 2934 eaque
959 2858 1117 2918 tunc
1164 2850 1384 2935 legere
1431 2848 1717 2936 quisque
1751 2856 1992 2935 potest,
2026 2857 2091 2918 et
2140 2857 2525 2918 convertere
2583 2848 2648 2917 in
2707 2847 2808 2918 sui
2861 2846 3107 2918 utilita-

504 2961 661 3038 tem,
708 2956 960 3042 absque
1008 2956 1328 3043 injustitia
1354 2983 1373 3039 ;
1418 2956 1470 3026 si
1523 2958 1700 3026 enim
1748 2956 2058 3028 dominus
2104 2975 2181 3026 ea
2228 2957 2356 3043 legi
2399 2955 2747 3038 noluisset,
2781 2956 3108 3024 debuerat

506 3063 922 3145 comburere,
972 3082 1106 3132 non
1155 3064 1220 3131 in
1272 3064 1611 3150 publicum
1657 3063 1941 3150 dejicere
1988 3063 2142 3148 (erit
2191 3071 2412 3132 tamen
2462 3063 2723 3134 veniale
2773 3062 2825 3130 si
2878 3060 2945 3130 id
2990 3061 3109 3130 fiat

506 3187 588 3239 ex
636 3170 1083 3256 curiositate):
1132 3172 1223 3239 ita
1275 3171 1496 3257 plures
1546 3189 1698 3240 cum
1749 3173 1933 3255 Lugo
1987 3179 2052 3240 et
2109 3170 2484 3256 Roncaglia.
2559 3168 2689 3238 Sed
2765 3169 2965 3236 Croix
3040 3176 3109 3236 et

505 3276 613 3343 alii
667 3278 1075 3361 probabilius
1124 3278 1620 3361 contradicunt3
1673 3279 1801 3348 hoc
1850 3281 2028 3348 enim
2079 3279 2247 3365 ipso,
2320 3276 2501 3365 quod
2576 3277 2888 3346 dominus
2957 3275 3110 3348 inas

505 3385 880 3453 minutatim
929 3386 1325 3470 dilaceravit,
1375 3388 1536 3457 satis
1597 3387 1891 3459 ostendit
1961 3387 2134 3456 baud
2205 3387 2391 3470 velle,
2464 3394 2538 3455 ut
2611 3387 2953 3471 legantur3
3024 3404 3109 3456 ex

505 3490 829 3561 industria
878 3512 1037 3578 ergo
1086 3496 1398 3580 colligere
1445 3504 1548 3564 est
1593 3514 1789 3583 agere
1838 3494 2293 3564 fraudulenter
2339 3495 2479 3580 (Q).

594 3604 787 3668 255.
838 3603 913 3682 Q.
961 3601 1022 3670 6.
1076 3602 1239 3683 Quid
1275 3614 1363 3671 est
1410 3603 1651 3671 libellus
1696 3603 2181 3689 infamatort‘nc?

596 3710 666 3775 R.
715 3708 1010 3781 Libellus
1061 3710 1515 3779 infamatorius
1564 3729 1681 3779 seu
1733 3710 2025 3779 famosus
2074 3718 2175 3780 est
2221 3710 2543 3797 scriptura
2584 3708 2680 3777 vel
2723 3706 3098 3792 siqnumad

499 3816 775 3903 aliquem
813 3818 1056 3904 publice
1100 3819 1373 3904 infamia
1417 3818 1894 3906 asperqendum.
1948 3817 2208 3887 Dicitur
2252 3819 2591 3904 scriptura,
2641 3816 2766 3884 sub
2800 3832 2936 3901 quo
2970 3831 3101 3883 no-

501 3922 682 3991 mine
732 3923 908 3990 venit
956 3923 1278 4010 quidquid
1328 3934 1439 3992 aut
1490 3943 1685 3992 manu
1743 3932 2052 3996 exaratur
2097 3932 2210 3992 aut
2282 3923 2455 4011 typis
2508 3922 2930 4010 imprimitur.
3000 3922 3108 3989 Se·-

499 4050 715 4113 9num,
764 4031 890 4100 sub
940 4050 1073 4118 quo
1124 4031 1390 4100 nomine
1439 4031 1714 4099 veniunt
1786 4049 2206 4118 quaecunque
2260 4030 2674 4112 emblemata,
2747 4026 3105 4114 imagineS,

501 4137 732 4224 figurae
788 4139 1123 4207 hominem
1172 4138 1652 4208 dedecorantes
1702 4140 1926 4225 (vulgo
1993 4141 2362 4221 caricature,
2407 4137 2840 4225 pasquinate).
2897 4134 3106 4205 Addi-

503 4252 616 4314 tur
676 4249 951 4335 publice,
1003 4259 1073 4315 ut
1123 4250 1299 4316 enim
1353 4256 1573 4317 reatus
1628 4249 1970 4331 habeatur,
2022 4247 2347 4334 scriptura
2401 4246 2499 4314 vel
2571 4245 2760 4329 signa
2831 4243 3104 4330 publice

506 4363 662 4420 sunt
701 4355 1018 4440 affigenda
1055 4367 1166 4423 aut
1201 4356 1654 4426 distribuenda
1689 4364 1755 4426 et
1791 4355 2240 4427 diffundenda,
2280 4355 2516 4426 Varios
2549 4352 2926 4423 diffusionis
2965 4367 3111 4424 mo·

506 4459 629 4529 dos
679 4471 864 4529 notat
913 4483 1176 4533 versus:

788 4604 1006 4686 Siqua,
1049 4608 1516 4688 manuscripta,
1563 4616 1752 4689 atque
1794 4606 2185 4685 emblemata,
2227 4605 2552 4681 schedula,
2601 4605 2829 4685 imaqo.

568 4758 590 4799 ¹
628 4760 796 4811 Codex
826 4771 981 4819 ρωπ..
1017 4760 1116 4810 art.
1147 4763 1258 4821 296,
1293 4760 1529 4813 decernit
1564 4763 1814 4813 mulctam
1853 4761 2216 4823 pecuniariam
2249 4760 2301 4813 et
2331 4769 2599 4812 carcerem
2632 4759 2689 4810 ln
2721 4768 2815 4811 eos
2848 4757 2940 4822 qui
2974 4754 3107 4811 alie·

505 4832 609 4875 nas
646 4823 898 4885 epistolas
932 4826 1026 4874 aut
1060 4824 1342 4876 involucra
1378 4825 1552 4887 sigilio
1587 4827 1796 4887 signata
1829 4824 2076 4885 aperiunt
2107 4824 2189 4874 vel
2223 4823 2568 4875 subtrabunt.
