3292 5167
1311 242 1774 292 annoni-tomes
2701 222 2825 290 591

245 339 576 418 revelare,
641 342 896 422 quando
941 343 1135 424 longe
1177 345 1385 424 majus
1425 345 1887 411 detrimentum
1933 346 2055 409 sibi
2116 347 2321 409 timet.
2368 346 2672 418 Loesius,
2718 344 2833 409 Na·

247 435 513 514 varrus,
555 420 833 485 Concina
878 424 1103 488 dicunt
1138 424 1202 487 id
1248 443 1434 504 posse
1477 426 1555 490 ad
1599 426 2034 505 quodcunque
2103 426 2411 490 damnum
2455 425 2826 501 vitandum,

243 516 390 581 qma
436 500 585 565 licet
628 507 999 581 peccaverit
1039 507 1131 567 sic
1163 509 1455 569 notitiam
1489 505 1810 579 habendo,
1846 521 1974 568 non
2011 515 2228 585 peccat
2256 523 2328 569 ea
2364 505 2622 569 utendo.
2656 505 2830 569 Inter

247 588 374 644 tam
443 585 654 646 varias
699 587 1054 648 sententias
1120 587 1306 648 nobis
1364 590 1566 667 magis
1629 587 1878 649 arridet
1942 589 2265 649 sententia
2330 585 2659 665 De·Lugo;
2721 587 2833 650 hic

242 676 514 740 magnus
561 663 893 741 theologus
937 668 1027 728 sic
1071 665 1446 745 distinguit:
1492 669 1544 730 si
1594 677 1664 729 tu
1705 670 1810 745 jus
1856 667 2053 729 habes
2113 667 2497 745 exquirendi
2562 666 2829 730 alterius

242 739 504 817 factum,
553 753 623 807 ut
669 754 728 807 te
772 746 851 808 ab
895 747 1135 826 inJusto
1195 746 1429 810 damno
1473 748 1740 826 eripias,
1782 756 1934 810 tunc
1976 747 2099 809 etsi
2147 750 2511 826 peccaveris
2557 764 2670 825 per
2713 746 2822 809 do·

244 820 376 884 lum
422 823 658 887 malum
702 837 1020 888 secretum
1065 827 1494 907 expiscando‚
1545 839 1830 891 attamen
1876 843 1949 889 ea
1997 829 2226 889 notitia
2276 838 2453 905 potes
2510 830 2638 901 uti;
2680 829 2828 906 quia

241 901 533 995 defectus
576 915 746 967 esset
792 914 1039 970 tantum
1086 909 1152 969 in
1199 907 1409 982 modo,
1461 925 1589 970 non
1637 913 1703 970 in
1751 924 1840 971 re.
1899 908 2063 969 Hinc
2123 909 2175 970 si
2226 918 2370 970 tuus
2441 908 2641 969 bostis
2713 908 2830 970 tibi

239 986 573 1046 lnnocenti
622 990 846 1049 mortis
887 990 1274 1050 sententiam
1319 988 1478 1050 velit
1520 1005 1551 1050 a
1594 989 1818 1069 judice
1863 998 2205 1069 expetere,
2272 988 2446 1050 illius
2495 987 2823 1050 occultum

232 1064 483 1205 fri-men
552 1065 755 1206 (cilijus
819 1071 1113 1130 notitiam
1171 1068 1610 1131 tautummodo
1665 1084 1778 1148 per
1852 1078 2179 1148 peccatum
2231 1067 2540 1146 habuisti)
2588 1068 2827 1146 poteris

265 1159 348 1206 1c1
381 1159 417 1205 e
462 1160 616 1208 reve
642 1162 771 1209 are.

319 1223 523 1315 Aliter
579 1235 714 1304 est,
769 1228 820 1289 si
868 1244 996 1290 non
1054 1228 1140 1290 sit
1203 1229 1317 1290 tibi
1364 1232 1748 1307 permissum
1812 1233 2057 1292 crimen
2134 1229 2399 1293 alterius
2458 1230 2826 1306 exquirere,

233 1310 392 1366 tunc
435 1322 488 1366 si
558 1323 669 1384 per
736 1311 864 1370 vim
909 1307 1005 1369 vel
1053 1308 1345 1371 fraudem
1389 1309 1528 1388 ejus
1591 1312 1888 1372 notitiam
1943 1310 2260 1385 habuisti,
2340 1324 2468 1371 non
2530 1318 2712 1387 potes
2759 1310 2826 1371 in

227 1387 628 1448 conscientia
677 1387 838 1450 illud
886 1388 1344 1463 manifestare3
1392 1405 1538 1452 nam
1584 1392 1752 1452 actio
1801 1391 2064 1468 injusta,
2114 1407 2234 1469 qua
2282 1398 2602 1452 secretum
2664 1404 2830 1451 asse·

227 1474 422 1528 cutus
466 1481 552 1541 eS,
602 1476 662 1529 te
705 1468 946 1547 obligat
988 1469 1065 1531 ad
1114 1470 1471 1548 reparanda
1532 1471 1745 1532 omnia
1793 1470 2022 1533 damna
2071 1472 2359 1550 proximo
2409 1470 2556 1532 inde
2588 1471 2823 1533 obven-

229 1552 400 1607 tura.
443 1546 522 1607 Et
563 1549 1100 1626 quemadmodum
1144 1553 1250 1630 qui
1298 1561 1394 1613 est
1442 1553 1521 1620 in
1551 1559 1839 1613 extrema
1886 1553 2290 1627 necessitate,
2338 1560 2596 1613 tenetur
2637 1551 2821 1612 resti·

229 1633 424 1717 tuere
467 1627 631 1705 quod
679 1644 711 1690 a
762 1631 1048 1708 proximo
1071 1630 1354 1707 abstulit,
1387 1632 1642 1712 quando
1679 1633 2033 1709 proximum
2064 1634 2268 1709 ipsum
2299 1631 2380 1692 ob
2417 1630 2608 1693 talem
2657 1646 2821 1709 prae·

225 1720 376 1799 cnse
410 1709 913 1772 subtractionem
958 1712 1309 1790 conjecerit
1354 1712 1420 1774 in
1465 1712 1777 1791 {equalem
1823 1714 2316 1786 necessitatem;
2386 1713 2469 1773 ita
2515 1719 2580 1772 et
2624 1720 2691 1774 tu
2739 1721 2820 1772 te·

225 1800 416 1848 neris
461 1789 536 1849 ad
583 1790 1131 1868 compensandum
1179 1793 1483 1854 damnum
1528 1793 1715 1854 alteri
1765 1790 2013 1855 illatum
2060 1808 2177 1871 per
2214 1791 2674 1854 revelationem
2724 1807 2822 1853 se-

222 1869 418 1943 creti,
461 1870 607 1947 quia
653 1885 928 1949 peream
963 1872 1331 1935 violentam
1358 1874 1589 1935 secreti
1621 1875 2058 1935 extorsionem
2090 1873 2425 1951 conjecisti
2464 1875 2821 1950 proximum

221 1946 648 2091 iunnwelmem
673 1953 737 2013 in
765 1954 1209 2095 ngggssitatem
1256 1953 1538 2031 patiendi
1586 1953 1711 2015 tale
1743 1954 2064 2016 damnum.
2099 1985 2178 1999 -
2219 1952 2277 2015 V.
2324 1953 2604 2032 Liguori‚
2645 1950 2811 2031 Opus

304 2045 416 2100 or„
487 2077 499 2090 .
547 2046 643 2105 111,
690 2047 751 2093 n.
920 2082 932 2095 .

311 2107 490 2170 821.
536 2110 602 2183 Q.
646 2111 700 2173 7.
747 2111 1058 2187 Quidnam
1090 2115 1413 2177 advertere
1452 2111 1672 2177 debent
1705 2113 2015 2188 historici,
2056 2130 2131 2176 ne
2172 2114 2357 2191 pravi
2397 2114 2819 2175 detractorum

216 2200 422 2280 culpa
465 2196 851 2256 teneantur?

315 2281 384 2344 R,
429 2269 630 2351 Stapf,
655 2275 717 2356 (5
741 2276 887 2356 405)
913 2274 1038 2337 Iunc
1061 2276 1243 2355 ponit
1267 2276 1840 2339 animadversiones
1876 2274 2079 2354 quoad
2115 2273 2485 2336 historicos:
2531 2297 2552 2327 ι
2584 2271 2651 2333 ln
2685 2273 2819 2350 ipsa

217 2352 701 2426 conscribenda
735 2358 1002 2419 historia
1049 2361 1134 2420 ita
1179 2373 1297 2419 nos
1339 2357 1582 2418 versari
1630 2363 1899 2434 oportet,
1947 2362 2016 2417 ut
2049 2356 2337 2433 quamvis
2362 2354 2619 2415 veritati
2658 2368 2816 2415 nun·

217 2456 428 2521 quam
464 2435 779 2515 refragari
827 2437 1034 2515 liceat,
1078 2438 1393 2515 maJorum
1441 2448 1653 2500 tamen
1702 2437 1998 2516 pudenda
2043 2436 2282 2515 absque
2326 2434 2672 2497 sufficienti
2718 2449 2815 2495 ra·

220 2523 413 2586 tione
458 2535 586 2581 non
632 2519 1022 2597 detegamus
1072 2518 1424 2583 Plurimum
1471 2519 1705 2597 quippe
1751 2517 2001 2579 diversa
2047 2526 2237 2589 sunt,
2298 2530 2450 2577 vera
2499 2514 2818 2590 inficiari,

222 2613 298 2667 et
342 2603 557 2665 omnia
623 2615 1020 2679 quaecunque
1063 2609 1237 2683 gesta
1284 2609 1454 2677 sunt,
1501 2604 1564 2663 in
1612 2600 1821 2663 lucem
1865 2598 2175 2678 proferre.
2220 2599 2381 2659 Hinc
2426 2605 2496 2659 ut
2544 2595 2815 2657 historia

227 2699 461 2746 revera
507 2682 822 2760 magistra
861 2682 1232 2764 populorum
1294 2682 1419 2745 dici
1473 2690 1818 2759 mereatur,
1873 2697 1945 2744 ea
2012 2687 2257 2741 tantum
2309 2680 2611 2741 exhibeat
2674 2691 2817 2754 quae

227 2771 388 2827 sunt
418 2764 493 2826 ad
523 2762 1009 2840 (edificationem.
1053 2764 1451 2844 Quapropter
1487 2765 1759 2827 crimina
1785 2774 1848 2827 et
1881 2762 2118 2838 flagitia
2155 2762 2630 2839 praeteritorum
2661 2765 2816 2819 tem-

223 2860 459 2923 porum
505 2845 803 2923 equidem
847 2861 1116 2908 narrare
1159 2845 1350 2923 licet,
1395 2847 1464 2907 in
1509 2853 1818 2924 quantum
1863 2843 1963 2906 vel
2012 2846 2398 2921 pragmatica
2448 2854 2814 2931 rerum-ge·

224 2931 477 2987 starum
523 2927 748 3000 series,
796 2927 894 2989 vel
942 2925 1283 3005 gloriosior
1325 2928 1586 2989 virtutis
1633 2927 1994 3004 triumphus
2054 2923 2292 3001 absque
2341 2922 2446 2984 tali
2496 2919 2819 2982 relatione

224 3004 509 3083 intelligi
558 3021 684 3067 non
730 3015 958 3086 potest,
992 3007 1094 3069 vel
1125 3006 1447 3085 quatenus
1481 3023 1592 3087 per
1625 3007 1792 3069 hanc
1824 3005 2527 3084 ipsam·expositionem
2574 3002 2816 3078 posteri

222 3101 261 3148 a
309 3085 632 3149 similibus
675 3087 936 3151 ausibus
981 3089 1481 3152 absterreantur.
1524 3087 1782 3164 Contra,
1830 3089 1937 3167 qui
1996 3086 2232 3163 absque
2288 3083 2489 3146 solida
2539 3083 2813 3158 ratione,

224 3165 510 3228 nefanda
558 3167 905 3245 impietatis
949 3172 1253 3247 mysteria
1297 3169 1616 3243 revelant,
1652 3185 1777 3229 non
1820 3176 2063 3230 tantum
2110 3166 2294 3228 lamae
2333 3164 2539 3226 aetatis
2580 3175 2814 3239 praece·

227 3244 489 3323 dentis,
531 3248 643 3309 sed
712 3251 907 3310 etiam
951 3250 1133 3311 nobis
1191 3252 1557 3330 nostrisque
1620 3247 2094 3311 successoribus
2155 3262 2376 3324 parum
2447 3241 2815 3306 consulunt.

226 3325 481 3389 Exinde
526 3330 700 3390 enim
747 3330 1124 3408 imaginatio
1170 3332 1445 3408 turpiter
1489 3329 1720 3391 foedari
1750 3376 1766 3404 ,
1810 3330 2048 3391 horror
2107 3328 2494 3405 flagitiorum
2542 3322 2817 3386 multum

225 3406 550 3483 imminui,
594 3416 659 3470 et
715 3410 849 3488 ipsa
896 3410 1155 3472 demum
1201 3412 1419 3490 opinio
1462 3409 1870 3472 corroborari
1915 3407 2096 3478 solet,
2142 3423 2215 3469 ac
2265 3408 2317 3469 si
2365 3408 2428 3467 in
2477 3407 2578 3466 his
2627 3405 2815 3466 terris

226 3485 447 3550 nullus
489 3505 661 3550 verae
706 3490 966 3553 virtutis
1011 3489 1186 3554 locus
1231 3491 1715 3553 concederetur.
1763 3487 1891 3550 imo
1937 3487 2245 3567 quidquid
2302 3485 2667 3563 legentibus
2712 3500 2808 3545 sa-

227 3583 413 3629 crum
458 3578 874 3648 sanctumque
917 3569 1040 3633 fuit
1072 3620 1088 3645 ,
1138 3572 1413 3635 incautis
1459 3570 1827 3648 hujusmodi
1883 3568 2304 3631 relationibus
2352 3565 2623 3628 vilescit.
2669 3563 2809 3637 Qui,

224 3662 285 3709 e.
332 3664 409 3726 g.‚
458 3649 794 3712 historiam
853 3649 1173 3731 perlegit,
1228 3668 1369 3729 quae
1414 3651 1673 3713 nonnisi
1722 3651 1956 3712 abusus
2007 3657 2070 3711 et
2115 3648 2354 3725 flagitia
2415 3658 2814 3707 summorum

226 3727 686 3805 imperantium
731 3732 1016 3810 exponit,
1047 3747 1194 3793 mox
1217 3747 1468 3812 quoque
1497 3732 1708 3794 omnis
1744 3731 2083 3809 legittimae
2121 3727 2520 3790 auctoritatis
2552 3724 2814 3787 fastidio

225 3809 482 3885 capitur
500 3829 519 3885 3
566 3813 926 3888 praesertim
970 3810 1049 3874 de
1094 3828 1270 3874 sacra
1317 3814 1681 3875 hierarchia
1727 3819 1790 3873 et
1834 3809 2190 3874 sacerdotio
2237 3808 2297 3869 id
2346 3806 2616 3867 obtinet.
2654 3828 2676 3857 ι

309 3888 579 3952 Maxime
625 3888 719 3952 illi
769 3899 1055 3970 peccant,
1098 3892 1328 3971 quibus
1373 3909 1454 3954 ne
1499 3893 1629 3970 ipsa
1678 3891 1936 3969 quidem
1980 3891 2222 3952 veritas
2267 3885 2442 3950 cordi
2489 3892 2604 3958 est,
2652 3884 2802 3945 dum

225 3970 752 4033 narratiunculas
795 3972 1011 4034 minus
1049 3982 1256 4035 certas
1294 3980 1357 4035 et
1388 3971 1592 4035 aniles
1629 3971 1878 4034 fabulas
1915 3981 2216 4048 tanquam
2257 3966 2612 4029 indubitata
2650 3962 2814 4025 facta

226 4049 554 4125 referunt:
608 4066 752 4113 eum
798 4059 1046 4114 tantum
1092 4055 1159 4115 in
1203 4053 1420 4130 finem,
1465 4060 1532 4115 ut
1568 4060 1814 4130 partem
1857 4053 1957 4114 cui
2006 4049 2244 4112 infensi
2279 4054 2447 4120 sunt,
2493 4046 2670 4106 hisce
2715 4059 2814 4105 ca-

227 4126 494 4192 lumniis
538 4133 886 4208 exagitent.
934 4131 1066 4194 Huc
1099 4140 1411 4211 spectant,
1460 4149 1515 4195 e.
1559 4149 1638 4210 g.,
1682 4132 2024 4194 calumnias
2069 4137 2288 4191 contra
2338 4126 2629 4189 Instituta
2683 4139 2815 4185 mo·

226 4213 494 4287 nastica,
545 4207 904 4290 praesertim
947 4228 1090 4290 quae
1147 4214 1212 4273 in
1277 4212 1659 4275 Societatem
1723 4212 1873 4274 Iesu
1928 4210 2218 4273 confictae
2265 4215 2329 4270 et
2375 4209 2439 4269 in
2488 4205 2816 4283 publicum

225 4304 467 4368 sparsae
512 4290 793 4354 fuerunt.
839 4326 917 4337 —
971 4290 1031 4353 V.
1076 4291 1406 4367 Mascardi,
1451 4291 1759 4354 Dell'arte
1792 4292 2081 4363 istor-ica,
2125 4289 2372 4351 trattati
2412 4287 2666 4365 cinque.
2712 4284 2812 4346 Fi-

228 4384 442 4449 renze,
480 4370 652 4435 1860.
682 4406 759 4418 —
788 4369 1118 4447 Solimani‚
1144 4372 1552 4451 Importanza
1581 4372 1749 4435 della
1776 4372 2001 4448 storia,
2036 4370 2439 4432 considerata
2484 4367 2646 4430 nelle
2679 4381 2816 4428 cose

228 4448 338 4513 clio
381 4452 434 4514 ie
477 4468 732 4515 servono
774 4453 839 4515 di
881 4454 1169 4516 materia.
1214 4453 1430 4528 Roma,
1475 4451 1658 4515 1861.

306 4529 504 4594 8292.
549 4530 985 4594 netu-aetio
1023 4552 1185 4595 non
1226 4549 1566 4614 semper·
1606 4526 2020 4593 detractio
2063 4533 2242 4604 θείς
2289 4529 2439 4590 hinc
2471 4535 2646 4590 nota:

389 4612 445 4674 1.
484 4609 664 4684 Quod
709 4622 952 4691 spectat
994 4613 1071 4675 ad
1119 4615 1364 4694 praxim
1391 4661 1408 4685 ‚
1451 4611 1885 4675 confessarius
1951 4608 2290 4673 advertere
2353 4607 2544 4671 debet
2571 4655 2588 4681 ,
2644 4605 2813 4687 quod

225 4687 599 4773 plerumque
630 4692 1061 4757 detractiones
1097 4701 1247 4759 sunt
1270 4694 1350 4758 de
1369 4693 1560 4758 rebus
1584 4693 1718 4773 jam
1749 4692 1902 4756 satis
1930 4689 2122 4766 notis,
2152 4698 2217 4753 et
2238 4699 2463 4761 contra
2497 4702 2819 4769 personas⁸
