3292 5167
495 224 634 290 572
699 217 704 236 ¹
1515 241 1632 288 ιιι.
1679 241 1746 288 ιι.
1792 239 2003 287 macr.
2049 236 2151 285 vu.

574 342 779 406 988.
824 338 1115 404 (lessio
1155 340 1610 403 boner-unt
1652 359 1869 414 casus;
1911 341 2177 404 Michael
2208 340 2295 404 N.
2345 348 2485 419 post
2512 338 2911 419 completum
2942 352 3095 404 stu·

502 425 753 487 diorum
798 421 1186 485 curriculum
1231 436 1264 482 a
1309 437 1424 482 suo
1465 426 1713 502 recepit
1752 423 2095 488 ordinario
2151 422 2420 500 primam
2482 429 2807 483 tonsuram
2839 432 2904 484 et
2934 438 3092 500 qua·

499 513 646 567 tuor
688 505 967 566 minores
1011 500 1315 573 Ordines;
1358 515 1628 581 cumque
1671 507 1877 583 spatio
1947 518 2172 564 novem
2256 515 2568 565 annorum
2634 504 2699 562 iu
2763 517 2839 564 eo
2902 514 3093 566 statu

502 586 947 664 permanserit,
992 582 1393 660 cupieritqne
1435 583 1511 645 ad
1556 601 1772 647 sacros
1813 583 2090 647 Ordines
2131 583 2499 657 ascendere,
2550 591 2615 642 et
2670 580 2732 642 id
2780 583 3091 646 obtinere

501 682 628 727 non
677 665 956 744 potnerit
998 670 1257 743 propter
1302 659 1620 725 defectum
1667 664 1966 726 beneficii
2004 675 2069 726 et
2100 664 2488 741 patrimonii,
2533 661 2609 723 ad
2654 664 2910 739 nuptias
2939 679 3081 725 car-

501 744 679 807 nales
742 744 1141 817 convolavit,
1202 750 1269 802 et
1311 743 1727 806 mercatorem
1787 761 1976 823 agere
2023 745 2248 821 coepit3
2290 742 2401 805 sed
2451 742 2901 822 adversantem
2951 744 3083 807 sibi

503 840 727 905 passus
770 824 1092 887 fortunam
1137 830 1279 902 post
1323 823 1630 886 nonnulla
1678 833 2003 887 contracta
2052 825 2290 894 debita,
2336 833 2403 885 ut
2446 839 2512 884 se
2556 824 2637 884 ab
2688 824 3074 887 imminente

499 907 935 969 carceratione
959 905 1281 976 liberaret,
1301 907 1494 966 cessit
1518 906 1701 967 bonis
1724 908 1790 967 in
1813 905 2000 968 Curia
2030 904 2235 968 laicali
2259 903 2671 982 Neapolitana
2695 916 2865 965 anno
2892 904 3081 984 1721,

499 995 566 1048 et
607 987 698 1047 sic
740 1001 1135 1064 quaecunque
1177 1000 1285 1045 sua
1334 984 1496 1045 bona
1543 986 1970 1048 creditoribus
2017 986 2282 1047 remisit.

581 1066 764 1127 Anno
810 1065 963 1126 1722
1007 1082 1162 1127 uxor
1207 1063 1532 1126 Michaelis
1579 1076 1826 1129 mortua
1871 1076 1987 1140 est,
2041 1064 2494 1143 superstitibus
2537 1062 3075 1138 duobusliberis3

500 1161 770 1225 cunique
817 1144 1157 1224 praedictus
1225 1142 1490 1206 Michael
1555 1148 1793 1224 praevio
1846 1147 2135 1224 Episcopi
2205 1146 2625 1223 permissione
2699 1144 3072 1208 clericalem

502 1226 786 1289 habitum
834 1227 1340 1303 reassumpserit,
1382 1240 1446 1285 et
1489 1241 1522 1286 3
1567 1226 1840 1305 quodam
1892 1229 1993 1304 pio
2045 1226 2452 1288 benefactore
2529 1224 2908 1287 sufficientis
2967 1242 3084 1303 pa-

503 1308 786 1368 trimonii
834 1308 1354 1367 constitutionem
1400 1309 1849 1382 reportaverit,
1902 1320 1968 1369 ut
2016 1306 2093 1368 ad
2143 1308 2283 1385 ejus
2329 1304 2581 1368 titulum
2629 1304 2704 1364 ad
2754 1322 2833 1365 ss.
2882 1303 3079 1369 Ordi-

508 1402 622 1449 nes
667 1386 1012 1448 asceudere
1058 1395 1289 1464 posset,
1335 1402 1480 1452 suas
1507 1385 1818 1466 Episcopo
1863 1388 2164 1449 exhibuit
2211 1402 2429 1465 preces
2478 1403 2587 1463 pro
2637 1384 2893 1446 illorum
2940 1386 3075 1447 coi-

505 1466 760 1529 latione.
790 1466 912 1529 Sed
943 1466 1250 1545 Episcopo
1281 1467 1663 1544 excipiente,
1698 1485 1764 1530 se
1808 1467 2122 1541 dubitare,
2166 1483 2244 1528 an
2274 1468 2408 1545 ipse
2443 1476 2700 1543 propter
2740 1463 3081 1529 infamiam

500 1559 579 1609 ex
620 1548 909 1610 cessione
955 1547 1266 1608 bonorum
1314 1547 1735 1610 resultantem
1779 1547 2154 1625 irregularis
2198 1548 2463 1610 effectus
2506 1557 2712 1618 esset,
2748 1545 3079 1624 'quaedam

498 1626 578 1690 ab
621 1627 840 1689 eodeni
887 1626 1190 1689 Michaele
1228 1625 1530 1690 modestae
1573 1628 1855 1706 querelae
1898 1627 2202 1690 adversus
2248 1628 2536 1706 Episcopi
2602 1627 3081 1689 dubitationem

498 1723 744 1770 summo
791 1708 1075 1770 Pontifici
1121 1709 1426 1783 expositae
1494 1707 1773 1781 suerum,
1841 1710 1948 1787 qui
2020 1706 2290 1786 proinde
2357 1723 2583 1769 eorum
2654 1721 2927 1768 examen
2996 1707 3083 1769 ad

497 1786 559 1849 S.
600 1785 1172 1866 congregationem
1219 1803 1329 1864 pro
1365 1794 1510 1849 voto
1556 1791 1822 1850 remisit.
1868 1790 1941 1851 Et
1992 1789 2051 1850 S.
2088 1787 2355 1850 Concilii
2394 1786 2820 1865 congregatio
2864 1785 2973 1847 die
3000 1788 3087 1851 23

495 1868 661 1947 J'unii
712 1868 871 1931 1725
916 1865 1274 1945 respondit:
1322 1884 1443 1929 nou
1483 1886 1610 1930 esse
1652 1872 2146 1944 promovendum.
2211 1868 2289 1931 V.
2344 1866 2704 1930 Thesaurus
2748 1867 3085 1930 resolutio·

500 1966 665 2012 num.
715 1948 772 2010 S.
821 1949 882 2011 C.
925 1948 987 2011 C.
1035 1959 1074 2009 t.
1107 1965 1175 2008 ιιι
1210 1945 1546 2087 §Analecta
1588 1925 1769 2010 furis
1803 1951 2134 2028 pontificii,
2175 1964 2323 2011 aun.
2369 1948 2543 2023 1864,
2570 1965 2707 2027 pag.
2749 1947 2921 2025 482).

578 2027 783 2090 83⁰.
829 2025 1208 2090 nectunt
1248 2046 1294 2085 o
1337 2024 1559 2088 faeta
1599 2027 2005 2091 creditos-fl
2049 2025 2545 2090 creditoris„
2612 2044 2693 2091 en
2760 2027 3089 2091 liberetur

499 2124 531 2170 a
582 2111 987 2172 restitutione
1031 2110 1137 2188 qui
1184 2108 1374 2170 solvit
1415 2110 1494 2182 ei,
1537 2111 1653 2171 cui·
1684 2109 1913 2172 debeat
1962 2126 2120 2173 ‘suus
2184 2109 2484 2180 creditor,
2551 2121 2606 2169 v.
2673 2126 2729 2187 g.
2802 2109 2916 2170 tibi
2978 2109 3089 2170 de·

499 2188 619 2251 beo
667 2189 799 2264 100,
841 2200 907 2250 et
948 2189 1113 2250 Titio
1160 2196 1224 2250 tu
1271 2189 1509 2266 pariter
1551 2190 1746 2253 debes
1792 2190 1943 2266 1003
1984 2208 2067 2253 an
2112 2189 2498 2252 satisfaciam
2572 2188 2684 2251 tibi
2760 2189 3083 2252 solvendo

498 2284 617 2349 pro
661 2279 767 2333 tuo
814 2270 1026 2332 debito
1070 2277 1327 2331 centum
1369 2269 1581 2332 Titio?
1624 2270 1855 2350 Utique
1892 2272 1957 2332 in
1996 2274 2211 2351 rigore
2240 2271 2429 2348 iuris,
2464 2280 2613 2331 tunc
2642 2271 2818 2331 enim
2854 2285 3087 2332 omnes

499 2353 786 2412 actiones
828 2349 1142 2429 expeditae
1183 2359 1335 2411 sunt
1376 2363 1448 2412 ac
1491 2359 1938 2427 compensatae.
1987 2353 2063 2413 At
2107 2353 2172 2412 in
2229 2353 2407 2429 praxi
2479 2365 2607 2411 nou
2675 2349 3077 2413 admittenda

502 2429 647 2496 talis
691 2430 921 2492 solutio
967 2430 1045 2493 ob
1089 2431 1263 2492 varia
1310 2431 1733 2505 incommoda,
1779 2431 2008 2509 quibus
2054 2433 2331 2493 maxime
2378 2433 2441 2491 in
2489 2430 2625 2492 foro
2668 2439 2935 2492 externo
2966 2430 3084 2492 ob-

499 2513 687 2573 noxia
732 2521 862 2585 est;
907 2527 1112 2589 neque
1155 2515 1345 2573 etiam
1394 2519 1454 2572 te
1501 2511 1749 2586 liberat,
1792 2513 1845 2573 si
1882 2513 2240 2575 creditores
2278 2511 2768 2591 hypothecariae
2807 2520 2917 2574 aut
2945 2511 3079 2589 pri·

496 2590 834 2668 vilegiatos
879 2591 1126 2653 habeas.
1176 2589 1373 2667 Gur-y,
1416 2589 1721 2663 Billuart,
1784 2591 2018 2672 Voyler,
2062 2601 2179 2655 etc.

575 2671 779 2732 811⁰.
823 2673 1161 2732 ”ouans
1202 2668 1638 2731 immemor
1681 2670 1982 2733 debitis
2027 2688 2308 2751 quaeres:
2355 2687 2442 2733 an
2483 2669 2541 2732 si
2581 2667 2827 2732 debitor
2871 2671 3081 2732 imme·

497 2767 632 2812 mor
672 2749 866 2815 debiti
908 2753 1048 2828 sui,
1094 2750 1460 2814 tantundem
1499 2753 1804 2814 creditori
1844 2754 1967 2832 ipsi
2024 2752 2393 2826 donaverit,
2459 2751 2592 2813 ideo
2644 2758 2985 2813 eaecusetur
3044 2766 3095 2813 α

495 2831 939 2895 restitutione?
1081 2860 1096 2874 ·
2412 2871 2437 2904 ι

583 2911 650 2974 R.
694 2911 1060 2975 Communis
1105 2910 1421 2974 sententia
1467 2908 1672 2988 docet,
1730 2912 2111 2986 debitorem,
2160 2913 2266 2992 qu‘i
2317 2912 2650 2974 immemor
2716 2909 2916 2972 debiti
2981 2911 3087 2973 sui

508 2992 882 3054 tantundem
925 2991 1227 3053 creditori
1275 3006 1388 3051 suo
1432 2988 1632 3065 dedit,
1681 2993 1789 3054 sed
1839 2993 2024 3057 titulo
2088 2992 2483 3065 donationis,
2556 3007 2589 3053 a
2660 2991 3095 3053 restitutione

506 3075 832 3134 excusari:
875 3072 938 3150 1)
983 3074 1036 3134 si
1079 3070 1384 3150 obligatio
1430 3073 1857 3136 restitutionis
1899 3075 2149 3136 oriatur
2189 3090 2226 3134 e
2262 3083 2578 3152 praecepto
2623 3070 3095 3148 ecclesiastico,

501 3160 573 3216 ut
615 3155 666 3215 si
711 3151 1126 3214 beneficiatus
1169 3151 1367 3214 Horas
1411 3151 1817 3229 culpabiliter
1872 3159 2145 3229 omittat,
2214 3163 2278 3217 et
2346 3165 2560 3231 postea
2636 3151 3094 3231 eleemosynas

500 3230 851 3311 elargiatur
895 3233 1229 3294 immemor
1264 3246 1395 3293 suae
1437 3231 1891 3311 obligationis;
1934 3251 2077 3297 uam
2127 3243 2332 3296 totum
2405 3234 2645 3311 posuit,
2706 3232 2873 3310 quod
2940 3243 3093 3297 erat

503 3313 568 3373 in
617 3321 953 3394 praecepto,
1003 3329 1231 3392 nempe
1275 3327 1395 3374 non
1436 3310 1716 3389 faciendi
1758 3312 2009 3393 fructus
2052 3331 2237 3385 suos,·
2290 3314 2440 3375 finis
2486 3315 2658 3374 enim
2706 3329 2831 3374 non
2880 3322 3089 3374 atten-

502 3391 676 3453 ditur
722 3396 786 3453 in
833 3397 1130 3473 praecepti
1177 3391 1721 3470 adimplemeut03
1761 3394 1827 3470 2)
1870 3397 1920 3455 si
1969 3403 2192 3471 agatur
2238 3393 2317 3454 de
2343 3393 2579 3456 debitis
2607 3394 2903 3468 incertis,
2933 3408 3087 3456 cum

502 3478 677 3534 tanta
724 3487 850 3533 non
893 3474 977 3534 sit
1018 3489 1240 3537 eorum
1286 3473 1615 3551 obligatio.
1660 3474 1775 3537 Vel
1823 3474 1902 3536 de
1944 3490 2114 3549 casu,
2156 3475 2223 3535 1'n
2261 3490 2388 3553 qno
2452 3473 2739 3535 creditor
2790 3474 3086 3552 probabi-

501 3549 652 3614 liter
696 3561 1116 3631 pi'aesumatur
1160 3552 1437 3616 libenter
1481 3553 1692 3615 debita
1744 3555 2149 3628 remissuruS,
2193 3554 2246 3616 si
2295 3571 2429 3616 rem
2479 3562 2669 3633 prout
2712 3561 2809 3615 est
2876 3555 2942 3613 in
3011 3569 3087 3616 se

499 3629 665 3694 bene
710 3633 1084 3710 perciperet,
1130 3642 1281 3697 tnnc
1328 3649 1454 3694 non
1490 3642 1659 3697 esset
1706 3636 1975 3711 positive
2022 3635 2263 3697 invitus
2279 3652 2299 3708 3
2344 3633 2410 3713 3)
2454 3636 2508 3695 si
2556 3633 2863 3712 obligatio
2907 3641 3083 3696 esset

500 3711 786 3787 aliunde,
830 3727 1015 3791 quam
1060 3730 1139 3776 ex
1175 3714 1455 3793 jnstitia3
1494 3723 1561 3776 nt
1602 3715 1802 3792 siquis
1852 3715 2186 3776 immemor
2232 3716 2363 3776 voti
2400 3715 2497 3775 vel
2535 3715 2837 3792 praecepti
2882 3713 3080 3776 eccle·

497 3795 761 3869 siastici,
806 3809 841 3854 o
892 3810 961 3855 us
1004 3809 1037 3855 a
1084 3803 1229 3856 voto
1272 3804 1381 3857 aut
1423 3811 1455 3856 3
1503 3805 1819 3874 praecepto
1862 3792 2148 3857 debitum
2192 3809 2273 3855 ex
2319 3793 2663 3857 devotione
2707 3787 3085 3873 praestaret;

496 3875 642 3953 quia
691 3875 756 3936 in
803 3890 838 3934 o
890 3873 1325 3952 ligationibus,
1360 3891 1499 3953 quae
1548 3891 1674 3936 nou
1720 3882 1871 3937 sunt
1924 3890 2007 3936 ex
2061 3874 2334 3952 justitia,
2401 3875 2733 3937 ordinarie
2776 3889 2925 3936 -non
2991 3881 3079 3936 at·

495 3956 787 4020 tenditur
830 3971 951 4034 qua
999 3956 1248 4016 ratione
1320 3957 1749 4033 praesteutur3'
1804 3954 1910 4040 sed
1981 3962 2249 4031 tantum,
2292 3970 2371 4017 an
2418 3970 2641 4017 revera
2689 3963 3083 4033 praestentur

495 4045 672 4100 actus
717 4036 1091 4115 praescripti.

575 4116 758 4180 Hisce
799 4117 1101 4193 exceptis,
1146 4123 1360 4175 utrum
1408 4113 1720 4176 liberetur
1757 4129 1788 4175 a
1830 4116 2241 4176 restitutione
2278 4114 2558 4190 debitor,
2592 4114 2698 4193 qui
2738 4113 2936 4177 debiti
2976 4114 3075 4177 sui

409 4193 428 4206 ’
498 4195 828 4259 immemor
870 4196 1176 4257 creditori
1223 4195 1420 4256 donat
1464 4194 1843 4258 tantundem
1888 4197 2096 4273 pretio
2142 4194 2555 4273 aestimabile,
2582 4195 2748 4275 quod
2779 4195 2909 4272 jam
2954 4195 3073 4273 ipsi

495 4277 793 4339 creditori
842 4288 922 4338 ex
958 4277 1210 4353 justitia
1258 4274 1521 4336 deberet
1563 4273 1760 4352 (quod
1810 4276 2117 4342 debitum.
2163 4281 2214 4336 si
2261 4276 2477 4352 sciret,
2552 4291 2680 4337 non
2716 4276 3075 4355 ‘donarent

493 4359 891 4418 communius
935 4371 1008 4419 ac
1051 4354 1237 4419 valde
1283 4354 1698 4433 probabililer
1766 4367 2006 4433 negant
2069 4354 2415 4431 Bouacina,
2487 4354 2789 4436 Layman‚
2855 4357 3079 4433 Diana,

491 4434 798 4512 Sancum,
839 4436 1077 4513 Sporer
1121 4445 1185 4498 et
1224 4433 1788 4506 Salmanticeuses,
1832 4440 1977 4515 quia
2027 4451 2154 4498 nou
2202 4444 2416 4513 potest
2466 4453 2593 4501 una
2632 4438 2952 4500 solutione
2982 4453 3073 4498 sa·

496 4516 719 4577 tisfieri
766 4517 1010 4580 duabus
1052 4516 1576 4594 obligationibus,
1628 4532 1735 4578 uni
1777 4533 1854 4578 ex
1894 4518 2169 4594 justitia,
2212 4516 2401 4578 alteri
2438 4533 2519 4579 ex
2548 4519 2738 4579 titulo
2772 4519 3074 4596 gratuito.

488 4595 614 4659 Sed
660 4596 979 4658 affirmant
1043 4595 1344 4658 Mazzotta
1392 4605 1455 4659 et
1499 4594 1807 4657 La·Croix
1867 4613 2005 4659 cum
2075 4595 2363 4658 Rebellio
2400 4613 2514 4660 ·ac
2575 4596 2740 4673 aliis,
2802 4610 3080 4676 quorum

479 4676 810 4742 sententia
853 4675 1011 4739 satis
1054 4684 1152 4739 est
1193 4675 1546 4754 probabilis
1561 4692 1582 4750 3
1624 4691 1882 4755 semper
1923 4691 1998 4739 ac
2042 4684 2217 4740 certe
2261 4680 2702 4757 praesumitur,
2744 4677 2911 4757 quod
2972 4677 3087 4742 de·
