3292 5167
440 224 576 290 216
1108 239 1224 284 me.
1273 239 1337 284 ιι.
1386 238 1597 285 ratior.
1645 235 1726 283 vt.
1772 238 1927 285 mse.
1974 234 2017 282 1.
2066 237 2198 284 car.
2248 237 2312 281 11.

440 348 512 432 2)
563 346 617 415 si
667 343 842 412 filius
901 341 1374 427 emancipetur,
1425 340 1506 408 ad
1554 358 1752 427 quem
1801 346 2022 407 actum
2071 336 2361 407 deveniri
2411 356 2547 408 non
2594 344 2822 425 potest
2884 344 3042 409 ante

444 456 582 522 18111
630 469 877 519 annum
926 449 1333 536 completum
1381 447 1527 516 filii:
1578 456 1681 518 est
1730 455 1952 515 autem
2001 446 2438 534 emancipatio
2486 458 2662 515 actus
2709 447 3043 535 leqitimus,

438 579 557 646 quo
598 572 784 646 pater
826 558 1046 625 liberos
1091 576 1134 623 a
1177 575 1297 642 sua
1332 567 1633 644 potestate
1664 555 1937 638 dimittit,
1983 567 2054 623 ut
2097 556 2200 622 sui
2218 555 2392 642 juris
2422 554 2787 643 efficiantur.
2829 555 3045 625 Minor

441 674 665 737 autem
715 664 861 750 ipso
906 662 1058 749 jure
1106 662 1558 749 emancipatus
1608 662 1824 732 evadit
1871 663 1928 730 si
1974 662 2473 730 matrimonium
2532 662 2899 746 contrabit;
2948 663 3044 732 illi

444 782 665 842 tamen
737 790 817 842 eo
868 773 933 840 in
1015 788 1173 840 casu
1224 770 1599 857 assignatur
1645 778 1914 839 curator
1953 772 2017 853 1;
2067 771 2135 857 3)
2185 769 2239 838 si
2301 776 2490 857 pater
2554 771 2868 839 abutatur
2927 788 3042 859 pa-

439 881 562 948 tria
639 886 1053 967 potestate,·
1089 878 1443 948 accedente
1514 878 1842 946 sententia
1883 876 2126 964 judicis
2178 875 2535 945 criminalis
2552 902 2573 960 ;
2619 895 2770 946 nam
2824 879 3047 967 patria

430 1000 710 1077 potestas
755 988 823 1056 in
863 987 1093 1075 pietate
1136 987 1319 1069 debet,
1371 1007 1499 1053 non
1530 988 1853 1054 atrocitate
1876 986 2204 1052 consistere
2236 984 2288 1053 ².
2328 984 2400 1052 [d
2434 1004 2514 1056 ex
2553 986 2770 1053 Codice
2796 986 3041 1084 paerpali

443 1095 667 1164 locum
714 1095 916 1163 habet
965 1112 1100 1162 non
1147 1092 1366 1164 solum
1415 1093 1472 1160 si
1521 1099 1710 1178 pater
1764 1091 2170 1183 Judicialiter
2232 1090 2591 1190 damnetur
2628 1091 2709 1158 ad
2755 1110 3046 1179 poenam,

439 1221 591 1290 quae
646 1203 872 1288 patriae
922 1201 1271 1288 potestatis
1307 1200 1696 1268 exercitium
1730 1218 1865 1268 non
1899 1199 2204 1286 patiatur,
2245 1200 2458 1287 qualis
2499 1206 2599 1268 est
2633 1217 2828 1288 poena
2868 1218 3046 1269 mor-

439 1310 524 1377 tis
577 1317 640 1378 et
688 1309 1023 1377 damnatio
1075 1313 1393 1394 perpetua
1458 1305 1538 1374 ad
1585 1307 1925 1387 triremes;
1986 1306 2103 1375 sed
2167 1307 2365 1376 etiam
2427 1307 2481 1375 si
2545 1305 2901 1376 damnetur
2962 1306 3046 1375 ad

440 1437 707 1506 poenam
754 1418 1108 1503 mitiorem,
1160 1416 1278 1485 sed
1311 1418 1397 1485 ob
1445 1415 1664 1502 turpia
1700 1414 2213 1501 prostitutionis,
2250 1415 2698 1502 corruptionis
2735 1424 2799 1484 et
2850 1416 3038 1484 ince-

441 1535 584 1593 stus
633 1526 1146 1594 scelera:·esset
1209 1523 1260 1591 si
1312 1540 1688 1611 personam,
1739 1540 1890 1609 quae
1940 1528 2042 1591 est
2088 1522 2214 1590 sub
2248 1521 2350 1590 sui
2391 1528 2742 1609 potestate,
2785 1522 3041 1608 prosti-

441 1634 533 1701 tui
579 1633 681 1702 vel
731 1632 1066 1719 corrumpi
1113 1631 1462 1713 studuerit,
1513 1637 1624 1699 aut
1689 1647 1839 1698 cum
1889 1630 2031 1716 ipsa
2077 1629 2410 1698 incestum
2459 1628 2816 1716 patraverit
2850 1632 2904 1697 ⁸.

525 1748 726 1809 318.
781 1743 851 1821 Q.
902 1743 963 1807 [ι.
1018 1740 1180 1820 Quid
1224 1739 1295 1806 de
1341 1758 1617 1805 umorum
1666 1737 1885 1804 bonis?

527 1850 596 1915 R.
647 1849 827 1915 Bona
879 1864 1165 1915 uxorum
1222 1845 1502 1932 triplicis
1567 1844 1827 1931 generis
1893 1849 2082 1911 sunt:
2129 1841 2400 1926 ’ἀκατίῳ
2469 1860 2618 1930 quae
2684 1844 2765 1913 ab
2831 1860 3043 1914 uxore

437 1952 537 2019 vel
588 1953 668 2020 ab
718 1952 845 2019 alio
895 1953 1038 2037 eJus
1089 1952 1356 2020 nomine
1403 1950 1640 2018 marito
1690 1948 2045 2017 traduntur
2090 1948 2172 2016 ad
2219 1948 2608 2017 sustinenda
2657 1966 2860 2017 onera
2896 1967 3033 2018 ma·

438 2059 777 2140 trimonii;
824 2076 974 2146 quae
1024 2057 1173 2127 ideo
1223 2057 1460 2125 durare
1508 2057 1795 2137 debent,
1842 2056 1992 2143 ipso
2060 2057 2486 2125 matrimonio
2530 2057 2831 2139 durante,
2870 2057 3032 2144 quin

437 2166 697 2253 possint
747 2166 1013 2234 alienari
1062 2173 1174 2233 aut
1222 2166 1590 2252 hypotheca
1639 2164 1875 2251 subijci
1905 2219 1922 2249 ,
1973 2164 2098 2232 nisi
2149 2182 2302 2232 casu
2369 2182 2502 2250 quo
2569 2164 2763 2232 aliter
2830 2172 3041 2234 statu-

437 2280 578 2340 tum
628 2273 714 2341 sit
761 2275 825 2341 in
876 2271 1238 2362 ipsa-dotis
1287 2272 1785 2356 constitutione,
1835 2272 1934 2340 vel
1983 2291 2064 2341 ex
2111 2272 2378 2341 decreto
2434 2272 2784 2342 tribunalis
2825 2272 2891 2340 in
2929 2293 3038 2342 ne-

438 2381 750 2468 cessitate
812 2389 924 2468 aut
1008 2382 1291 2450 evidenti
1359 2382 1642 2450 utilitate
1719 2382 2230 2468 Paraphernatia
2296 2399 2412 2449 seu
2477 2380 2912 2450 extradotalia
2969 2381 3031 2466 (a

442 2506 664 2575 graeco
720 2509 888 2576 para
952 2495 1221 2574 praeter,
1286 2497 1350 2557 et
1392 2491 1631 2576 pherne'
1672 2487 1843 2573 dos),
1894 2490 2044 2574 quae
2103 2506 2344 2573 nempe
2405 2489 2594 2557 uxori
2669 2489 3034 2558 obveniunt

438 2605 622 2665 extra
672 2595 924 2680 dotem,
973 2616 1030 2664 ν.
1083 2615 1141 2682 g.
1198 2595 1557 2664 donatione
1605 2602 1671 2664 et
1718 2594 2126 2663 haereditate.
2180 2596 2572 2678 Communia,
2639 2613 2789 2683 quae
2857 2614 3034 2668 com·

437 2703 619 2770 muni
684 2704 1038 2788 utriusque
1098 2703 1400 2788 conjugis
1450 2701 1679 2769 labore
1727 2701 2178 2787 acquiruntur.

621 2812 677 2877 t.
727 2812 1068 2878 Bonorum
1114 2808 1417 2876 dotalium
1463 2827 1632 2877 uxor
1679 2809 1878 2878 nabet
1926 2808 2400 2894 proprietatem
2417 2834 2436 2891 ;
2486 2810 2764 2877 maritus
2797 2827 3033 2879 usum·

435 2916 723 2984 fructum
768 2923 838 3010 ⁵et
886 2914 1551 2998 administrationem,
1623 2914 1735 3000 qui
1808 2914 1958 2982 ideo
2017 2915 2128 3001 jus
2194 2916 2390 2984 babet
2456 2915 2907 3003 prosequendi
2967 2916 3032 2985 in

429 3022 682 3109 judicio
752 3019 928 3090 dotis
1001 3019 1358 3105 debitoreS,
1409 3029 1534 3090 etc.
1607 3024 1839 3091 Potest
1886 3029 2104 3091 tamen
2156 3023 2471 3115 constitui
2541 3024 2607 3091 in
2659 3031 3031 3107 contractu,

437 3130 618 3215 quod
665 3148 835 3198 uxor
882 3130 1177 3216 singulis
1208 3130 1395 3199 annis
1445 3129 1718 3216 recipiat
1767 3137 2022 3216 partem
2070 3130 2402 3199 fructuum
2439 3150 2559 3218 pro
2602 3132 2880 3200 minutis
2920 3150 3038 3202 ex-

438 3237 685 3323 pensis.
738 3238 803 3304 Si
855 3238 976 3306 dos
1025 3238 1110 3305 sit
1143 3237 1217 3304 in·
1260 3237 1561 3323 pecunia,
1609 3236 1712 3306 vel
1762 3256 1868 3306 res
1917 3237 2154 3306 dotalis
2204 3238 2289 3306 sit
2340 3238 2667 3308 aestimata
2717 3238 2783 3307 in
2836 3241 3037 3310 rebus

435 3343 821 3427 mobilibus„
881 3345 1158 3413 maritus
1206 3344 1488 3431 acquirit
1536 3344 2014 3431 proprietatem
2070 3345 2226 3430 (nisi
2262 3345 2450 3414 aliud
2497 3345 2695 3416 fuerit
2740 3346 3038 3416 declara-

436 3450 609 3533 tum)
627 3474 645 3530 3
695 3448 815 3516 sed
864 3449 1086 3519 soluto
1136 3450 1581 3528 matrimonio,
1635 3451 1919 3536 pretium
1967 3449 2163 3520 debet
2211 3453 2592 3537 restituere,
2629 3453 2818 3540 quasi
2859 3454 3038 3524 cele·

435 3557 625 3625 brata
671 3556 1075 3626 venditione.
1127 3559 1193 3625 Si
1243 3577 1397 3626 vero
1460 3578 1565 3627 res
1607 3556 1850 3626 dotalis
1916 3559 2242 3643 aestimata
2316 3560 2674 3629 immobilis
2733 3561 2841 3645 sit,
2904 3581 3037 3631 non

439 3665 677 3731 transit
727 3663 789 3730 in
844 3664 1317 3750 proprietatem
1364 3664 1602 3746 mariti,
1653 3663 1778 3732 nisi
1830 3664 1894 3733 in
1965 3664 2414 3735 instrumento
2482 3666 2658 3737 dotis
2715 3669 3042 3754 exprima-

438 3776 568 3837 tur.
593 3806 683 3817 —
707 3772 842 3838 Dos
870 3789 1002 3838 non
1032 3777 1252 3857 potest
1279 3771 1592 3840 constitui
1630 3787 1845 3856 neque
1892 3772 2113 3856 augeri
2144 3773 2224 3841 ab
2253 3773 2415 3859 ipsis
2451 3774 2870 3860 conjugibus,
2898 3793 3004 3843 ma

438 3876 751 3946 trimonio
781 3879 986 3947 semel
1023 3886 1382 3947 contracto
1417 3881 1566 3965 Ipsa
1593 3886 1812 3946 tamen
1857 3877 2030 3946 dotis
2059 3881 2447 3949 constitutio
2491 3890 2712 3967 potest
2743 3900 3046 3970 compre·

438 3984 729 4055 bendere
759 3986 953 4054 etiam
985 3986 1156 4054 bona
1183 3985 1401 4053 futura
1436 4003 1737 4072 sponsae:
1769 3985 1901 4054 imo
1939 3985 2006 4053 in
2042 3985 2154 4055 illo
2195 3994 2539 4056 contractu
2572 3988 2801 4075 sponsi
2841 3990 3043 4059 simul

435 4093 676 4180 pacisci
750 4099 1035 4181 possunt
1080 4093 1152 4160 de
1199 4095 1371 4160 lucro
1435 4111 1639 4177 super
1709 4091 1866 4162 dote
1955 4095 2174 4163 favore
2248 4095 2548 4182 conjugis
2624 4098 3041 4184 superstitis:

435 4201 617 4287 quod
666 4201 932 4288 quidem
984 4191 1352 4270 devolvitur
1400 4201 1464 4269 in
1515 4201 2012 4287 proprietatem,
2062 4202 2118 4271 si
2171 4202 2332 4272 nulli
2387 4204 2521 4271 sint
2559 4203 3044 4274 descendentes

436 4310 825 4395 praemortui
876 4308 1179 4395 coniugis
1196 4334 1217 4390 ;
1266 4326 1461 4377 secus
1510 4308 1577 4376 in
1626 4308 2135 4394 usumfructum,
2208 4311 2334 4379 nisi
2384 4312 2612 4397 sponsi
2679 4311 2858 4379 atiud
2906 4319 3042 4381 sta-

436 4504 664 4630 Mi&
694 4507 1096 4619 {ogs—fficio?
1129 4508 1247 4570 ¹74;
1284 4533 1341 4544 —
1381 4506 1434 4558 C.
1473 4508 1534 4559 G.
1569 4507 1632 4559 23
1664 4509 1717 4559 et
1747 4508 1869 4569 4973
1902 4509 2055 4560 -Ο,
2093 4508 2143 4559 S.
2179 4509 2300 4571 3995
2352 4535 2415 4546 —
2467 4509 2521 4562 C.
2575 4510 2632 4561 P.
2688 4512 2816 4574 ¹0¹3
2867 4536 2932 4549 —
2981 4512 3020 4565 C

496 4632 522 4671 ²
501 4633 674 4813 9255:
704 4630 1090 4755 ἔοιέἱθεεξᾳῖξθ
1086 4644 1146 4744 ξι
1151 4629 1522 4755 Ρὲθῗρὲῗᾱεὲῗ
1539 4645 1698 4746 835:
1692 4703 1831 4756 pm„
