3292 5167
1273 255 1734 316 annom-arnonas
1769 275 1776 286 ·
2668 240 2799 307 735

165 354 420 440 stituta
473 357 551 421 ad
602 357 791 420 finem
836 374 1013 423 mere
1054 357 1409 438 politicum,
1451 365 1521 422 ut
1564 374 1796 440 nempe
1826 375 2037 424 coram
2085 359 2228 441 lege
2271 360 2444 425 civili
2482 370 2606 426 tam
2644 379 2795 426 con·

156 450 376 514 juges
426 451 620 518 quam
663 454 885 502 eornm
947 438 1061 501 tilii
1127 450 1512 503 censeantur
1578 440 1868 518 legitimi.
1916 440 1993 503 At
2036 457 2166 502 non
2215 440 2366 505 licet
2410 443 2796 507 contrahere

164 528 415 580 ceram
467 519 761 582 ministro
807 519 1128 595 haeretico,
1172 522 1275 598 qui
1323 526 1581 594 assistat
1625 529 1693 583 ut
1736 521 2025 596 minster
2069 520 2431 602 Reliqionis,
2475 525 2592 604 etsi
2642 527 2796 588 ante

168 594 284 657 vel
338 609 494 676 post
536 600 951 662 contrahatur
997 603 1124 662 ritu
1160 600 1509 675 catholico;
1540 602 1996 663 contrahentes
2025 602 2199 663 enim
2225 611 2637 680 testarentur,
2672 604 2793 667 tali

166 678 614 754 caerimonia,
663 696 729 741 se
772 695 1157 760 cognoscere
1205 682 1575 743 haereticum
1623 689 1693 743 ut
1734 697 1904 744 verae
1951 680 2102 743 fidei
2166 684 2574 760 ministrum,
2620 684 2789 763 quod

156 764 277 819 est
324 759 692 822 intrinsece
740 761 974 822 malum
1018 769 1082 822 et
1126 761 1422 824 haeresim
1475 762 1748 839 sapiens.
1789 795 1800 804 ›

257 837 569 902 Diximus
613 849 682 902 ut
722 842 1008 903 minister
1051 839 1435 920 Retiqionis;
1486 858 1631 903 nam
1695 845 1744 901 si
1816 840 1929 902 ille
1995 842 2325 903 assisteret
2372 852 2438 904 ut
2483 847 2786 906 minister

168 917 501 997 politicus
545 919 763 1000 (prout
806 923 869 983 in
916 920 1139 997 Anglia
1180 938 1377 1000 nsque
1422 920 1497 983 ad
1544 936 1785 983 annom
1834 921 1986 984 1837
2021 921 2429 990 observatum
2478 929 2632 1000 est),
2673 925 2783 1004 qui

159 1013 404 1061 coram
461 1001 718 1081 politico
765 1001 1078 1081 regimine
1124 1003 1558 1063 testimonium
1607 1000 1799 1063 iaciat
1843 1000 1922 1062 de
1955 1005 2302 1064 'contractu
2351 1009 2786 1083 matrimonio,

167 1080 355 1142 nihil
409 1082 633 1153 referv,
676 1083 725 1143 si
773 1085 964 1146 etiam
1008 1096 1221 1143 coram
1269 1083 1402 1160 ipso
1448 1080 1746 1143 catholici
1784 1081 2090 1159 conjuges
2129 1083 2480 1145 exhibeant
2516 1101 2790 1147 consen·

158 1175 347 1222 sum.
394 1162 527 1224 Nec
571 1163 795 1236 obstat,
838 1172 928 1224 ait
972 1161 1269 1236 perrone,
1314 1161 1391 1223 ab
1440 1161 1803 1241 hujusmodi
1846 1161 2504 1228 ministro'interdum
2551 1166 2789 1228 adhor-

164 1244 473 1305 tationes
521 1243 656 1304 lieri
702 1242 779 1304 ad
844 1242 1147 1320 coniuges
1210 1242 1403 1304 etiam
1466 1239 1854 1319 catholicos,
1919 1251 1988 1304 ut
2051 1250 2312 1305 servent
2377 1245 2786 1324 conjugalem

170 1320 411 1397 fidem,
462 1322 700 1401 prolem
745 1322 909 1385 bene
957 1323 1312 1396 instituant,
1344 1334 1494 1392 etc.;
1531 1324 1664 1384 haec
1714 1323 1793 1383 ad
1828 1322 2208 1400 religionem
2241 1333 2433 1386 sectae
2474 1342 2599 1386 non
2637 1344 2780 1405 per·

168 1404 424 1465 tinent.
474 1436 551 1448 -
605 1402 666 1465 V.
714 1403 1090 1465 Benedictus
1132 1400 1287 1470 xlv„
1324 1402 1402 1463 De
1441 1401 1606 1485 Syn,
1642 1402 1679 1465 l.
1713 1419 1801 1478 vt,
1832 1420 1880 1465 c.
1919 1401 1987 1474 7;
2021 1411 2084 1464 et
2119 1402 2350 1465 Literoe
2382 1406 2592 1483 Apost.
2628 1407 2789 1487 ejus·

166 1481 358 1552 dem.
411 1483 691 1545 Redditoe
734 1483 909 1547 nobis
953 1483 1028 1546 17
1069 1495 1225 1561 sept.
1274 1483 1450 1546 1746.
1492 1517 1570 1529 -
1612 1483 1896 1560 Lignori,
1952 1481 2118 1563 Opus
2166 1482 2346 1562 Mor„
2380 1484 2416 1545 l:
2464 1502 2535 1561 ιι,
2581 1503 2645 1548 ιι.
2692 1488 2786 1552 16.

167 1595 255 1610 ·-—
304 1563 620 1639 Perrone,
669 1565 748 1626 De
790 1564 1193 1627 Matrimonia
1227 1565 1553 1638 cristiano,
1601 1563 1639 1624 l.
1687 1582 1753 1639 ιι,
1800 1579 1922 1625 sec.
1973 1563 2053 1636 1⁰,
2100 1578 2152 1623 c.
2186 1563 2243 1639 6,
2287 1579 2339 1626 a.
2385 1565 2443 1627 ὅ.
2474 1599 2549 1611 --
2585 1567 2663 1629 Et
2693 1569 2784 1630 di·

161 1644 388 1708 cenda
438 1643 570 1707 Lib.
617 1661 699 1721 iv,
742 1643 824 1705 De
866 1644 1285 1706 matrimoniis
1330 1646 1571 1718 mixtis,
1618 1642 1884 1723 Append
1947 1642 2047 1710 70.

256 1724 327 1798 Q.
375 1725 436 1788 3.
486 1724 647 1799 Quia
686 1726 756 1787 de
798 1725 1348 1786 communicatione
1391 1741 1530 1786 cum
1573 1725 1999 1786 schismaticis
2043 1731 2105 1785 ct
2146 1722 2416 1785 intrusis
2435 1719 2476 1786 5⁴⁴

254 1805 327 1868 R.
399 1805 910 1868 Communicatio
955 1819 1093 1866 cum
1157 1805 1580 1866 schismaticis
1636 1807 1700 1866 in
1747 1804 1995 1866 Divinis
2058 1805 2150 1865 eis
2239 1804 2475 1882 regulis
2534 1817 2786 1871 vetatur

162 1899 245 1948 ac
290 1885 967 1947 communicationum
1015 1885 1542 1947 haereticiszvide
1571 1884 1951 1948 Benedictus
1992 1883 2152 1956 XW,
2203 1882 2412 1946 Const.
2442 1885 2530 1947 Eo
2575 1905 2759 1967 quam
2822 1945 2828 1958 ,

166 1967 285 2027 vis.
335 1965 527 2027 Hinc'
559 1966 699 2026 Pius
742 1963 845 2038 VI,
878 1973 1199 2044 postquam
1257 1964 1436 2027 Brevi
1487 1964 1783 2028 Charitas
1826 1966 1862 2028 3
1909 1981 2039 2043 apr.
2071 1964 2244 2040 1791,
2297 1965 2785 2033 condemnasset

161 2046 657 2110 schismaticam
705 2043 1220 2108 Constitutionem
1262 2046 1512 2107 civilem
1555 2046 1712 2108 cleri
1751 2045 2060 2123 callicani
2105 2057 2167 2106 et
2225 2047 2329 2123 qui
2379 2047 2434 2106 ei
2492 2048 2777 2110 adhaere·

166 2125 371 2201 hant,
419 2130 871 2205 praescriptum
917 2128 1186 2188 civicum
1229 2127 1668 2203 juramentum
1711 2127 1853 2187 ideo
1899 2124 2252 2187 emittendo
2298 2125 2427 2204 (ex
2472 2144 2543 2189 ea
2595 2132 2778 2191 nimi-

162 2222 313 2269 rum
361 2205 842 2268 Constitutione
888 2206 1179 2284 politicus
1247 2211 1576 2269 hominum
1622 2217 1825 2269 coetus
1891 2208 2146 2285 proprio
2185 2204 2332 2282 jure
2413 2219 2777 2286 sumpserat

166 2287 528 2348 immutare
575 2285 1009 2347 universalem
1048 2285 1349 2348 Ecclesiae
1380 2286 1812 2363 disciplinam,
1843 2297 1906 2348 et
1949 2286 2241 2346 ordinem
2297 2285 2778 2354 hierarchicum

158 2376 484 2429 evertere
531 2382 689 2428 nova
738 2366 985 2427 ratione
1031 2366 1288 2428 inducta
1356 2384 1467 2445 pro
1513 2369 1828 2429 electione
1872 2375 1938 2428 et
1984 2367 2391 2428 institutione
2479 2369 2777 2433 Ecclesiae

164 2447 700 2525 ministr-orum:
749 2446 1177 2510 instructione
1208 2446 1348 2509 data
1395 2449 1473 2510 28
1519 2448 1665 2528 maji
1702 2446 1854 2522 1793
1902 2459 2014 2525 pro
2055 2457 2228 2508 recto
2277 2447 2566 2512 fidelium
2615 2453 2775 2530 regi-

167 2531 353 2590 mine
402 2530 547 2589 haec
583 2527 841 2588 statuit:
889 2560 960 2572 —
1008 2525 1069 2605 1)
1116 2526 1357 2589 licitum
1409 2544 1534 2590 non
1581 2545 1721 2590 esse
1765 2527 1944 2588 adire
2004 2527 2446 2606 presbyterum
2491 2529 2778 2607 juratum

168 2622 289 2687 pro
337 2617 749 2670 sacramento
795 2606 1217 2684 Baptismatis,
1264 2609 1384 2668 nisi
1434 2609 1499 2669 in
1546 2623 1695 2672 casu
1727 2616 2031 2669 extremae
2080 2608 2498 2682 necessitatis,
2548 2612 2609 2670 in
2652 2628 2776 2690 quo

168 2704 305 2750 non
353 2691 450 2749 sit
492 2687 654 2749 alius
679 2686 898 2748 valens
946 2688 1306 2765 baptizare;
1354 2689 1520 2766 —2)
1555 2704 1681 2749 non
1730 2705 1910 2766 posse
1946 2686 2166 2750 fideles
2202 2687 2379 2749 adire
2425 2687 2774 2754 Parochum

169 2769 509 2833 intrusum
555 2784 668 2846 pro
697 2764 1137 2830 contrahendo
1178 2769 1631 2831 matrimonio:
1684 2769 1851 2830 unde
1896 2770 1944 2829 si
1985 2785 2108 2829 non
2144 2777 2439 2846 suppetat
2488 2771 2774 2835 medium

167 2848 467 2912 habendi
517 2849 955 2926 presbyterum
990 2849 1371 2909 catholicum
1400 2848 1808 2911 facultatibus
1847 2852 2225 2926 opportunis
2261 2848 2335 2909 ad
2374 2848 2491 2910 hoc
2533 2851 2774 2914 instru-

160 2937 391 3004 ctum,
452 2926 671 2990 fideles
716 2926 953 2989 debent
996 2930 1377 2990 contrahere
1421 2936 1561 2990 sine
1628 2930 1971 3008 praesentia
2022 2930 2264 3007 proprii
2337 2927 2655 3006 Pastori33
2701 2966 2777 2978 —
2831 2942 2836 2946 ·

158 3008 236 3088 3)
270 3009 507 3071 fideles
552 3024 731 3086 posse
767 3008 831 3068 in
878 3008 1147 3070 articulo
1184 3007 1286 3069 vel
1332 3010 1614 3085 periculo
1661 3011 1909 3083 mortis,
1934 3007 2418 3071 Sacramentum
2456 3010 2777 3075 Poeniten·

171 3091 282 3153 tiae
330 3091 625 3167 recipere
662 3105 695 3150 a
741 3088 1175 3150 sacerdotibus
1213 3089 1447 3167 ⁴iuratis
1490 3100 1553 3151 et
1595 3091 1792 3152 etiam
1840 3105 1868 3150 a
1923 3089 2223 3152 parochis
2269 3091 2576 3165 intrusiS,
2621 3092 2774 3154 defi·

157 3171 386 3233 ciente
432 3171 657 3247 quovis
699 3168 826 3231 alio
864 3168 1191 3232 sacerdote
1236 3169 1595 3242 catholico;
1639 3167 1814 3247 —‚4·)
1855 3169 2146 3231 fidelibus
2180 3175 2447 3232 vetitum
2501 3187 2641 3234 esse
2677 3189 2776 3233 as·

164 3252 447 3325 sistere,
478 3248 699 3312 diebus
743 3247 933 3312 etiam
968 3246 1304 3310 dominicis
1340 3259 1403 3311 et
1452 3249 1717 3324 festiviS,
1753 3251 2071 3310 sacrificio
2118 3248 2325 3310 Missae
2368 3250 2645 3328 aliisque
2682 3251 2773 3313 of-

168 3329 337 3392 ficiis
383 3328 729 3392 celebratis
761 3346 792 3391 a
832 3330 1221 3408 praesbytero
1264 3346 1374 3391 sen
1412 3328 1693 3390 Paracho
1731 3330 1980 3406 jurato;
2025 3345 2231 3408 neque
2270 3328 2414 3392 aliis
2451 3331 2589 3408 ejus
2642 3332 2778 3395 fun·

164 3412 505 3474 ctionibus
553 3413 864 3472 interesse
900 3409 995 3470 vel
1025 3411 1100 3471 ab
1132 3427 1206 3470 eo
1234 3408 1442 3470 officia
1482 3411 1824 3470 ministerii
1874 3418 2126 3488 petere3
2176 3426 2378 3488 neque
2424 3413 2628 3473 officio
2682 3428 2777 3491 pa·

174 3493 329 3553 trini
380 3490 591 3567 fungi,
619 3492 670 3551 si
704 3505 852 3552 casu
887 3492 1170 3551 intrusus
1221 3488 1610 3568 Baptismnm
1661 3491 2015 3562 ministret3
2060 3490 2225 3569 —5)
2260 3490 2407 3552 licet
2451 3492 2777 3555 sacerdoti

168 3571 495 3634 catholico
530 3586 653 3631 non
694 3568 759 3647 je
793 3586 918 3642 uns
963 3568 1210 3631 Hostias
1277 3577 1678 3632 consecratas
1709 3584 1740 3629 a
1775 3568 2209 3632 sacerdotibus
2252 3571 2582 3633 catholicis
2627 3588 2771 3633 con·

171 3667 523 3724 summare,
554 3666 634 3712 ne
665 3652 750 3710 sci
788 3651 911 3712 icet
942 3647 1007 3710 in
1038 3665 1264 3712 manus
1296 3650 1558 3712 veniant
1601 3651 1857 3726 intrusi,
1893 3653 1944 3710 si
1990 3649 2177 3712 aliter
2217 3661 2590 3713 reverenter
2635 3668 2785 3714 con·

165 3730 425 3795 servari
472 3738 806 3810 nequeant.
2697 3799 2705 3806 ⁶

258 3810 418 3873 Item
464 3815 731 3889 qnaestio
798 3808 1119 3888 proposita
1166 3808 1319 3871 fuit:
1390 3824 1539 3871 num
1590 3808 1816 3870 liceret
1886 3805 2181 3871 fidelibus
2237 3826 2440 3887 genua
2500 3811 2770 3873 flectere

175 3906 393 3954 coram
442 3889 675 3952 Hostiis
712 3889 1099 3950 consecratis
1129 3890 1207 3951 ab
1254 3888 1573 3951 intrusis?
1619 3889 2015 3969 Responsum
2054 3888 2178 3952 fuit
2220 3890 2620 3964 affirmative,
2664 3890 2768 3954 his

173 3986 329 4033 vero
377 3971 648 4032 additis:
696 3985 768 4031 ne
813 3968 1170 4045 hnjzasmodi
1209 3971 1386 4031 culta
1412 3971 1771 4048 praestando
1815 3970 2155 4031 immiscere
2181 3987 2245 4030 sc
2287 3971 2626 4033 videantur
2674 3987 2778 4033 ca·

174 4048 402 4114 tholici
443 4069 581 4114 cnm
623 4048 1080 4126 schismaticis,
1124 4048 1444 4113 curabunt
1483 4050 1669 4112 iidem
1710 4049 2007 4112 catholici
2048 4050 2396 4124 occasiones
2457 4051 2776 4114 declinare

162 4148 475 4193 occursus
519 4130 1080 4204 schismaticorum,
1122 4147 1262 4190 cum
1308 4128 1782 4191 Sacramentum
1824 4129 2133 4208 deferunt-

255 4209 656 4274 Schismatici
705 4211 1156 4289 resipiscentes
1188 4226 1313 4271 non
1361 4211 1773 4289 excipiuntur
1820 4212 1942 4271 nisi
1983 4209 2237 4289 publice
2265 4257 2280 4286 ,
2314 4208 2374 4272 id
2412 4218 2511 4273 est
2553 4226 2771 4275 coram

174 4287 441 4354 Pastore
487 4293 772 4371 legitimo
816 4300 879 4352 et
925 4288 1157 4351 debitis
1204 4289 1500 4364 testibus,
1544 4290 1817 4353 schisma
1862 4290 2156 4370 ejurent,
2201 4290 2455 4370 quando
2515 4293 2770 4371 publice

172 4372 593 4436 adhaeserunt
635 4380 824 4433 sectae
860 4371 1283 4436 schismaticae
1327 4371 1406 4432 ab
1448 4369 1730 4434 Ecclesia
1776 4371 2283 4433 anathemizatae.
2322 4369 2384 4432 Si
2432 4387 2584 4434 vero
2635 4389 2764 4435 non

166 4446 425 4515 fuerint
469 4447 701 4531 publici
750 4461 1098 4534 sectatores
1143 4453 1502 4513 schismatis
1544 4453 1885 4530 proscripti
1934 4450 2082 4530 (nec
2130 4450 2272 4514 ideo
2324 4452 2769 4532 principales),

162 4531 409 4597 sufficit
454 4543 522 4595 ut
564 4531 1025 4594 confessarium
1070 4530 1306 4593 adeant
1347 4533 1491 4611 (pro
1536 4531 2123 4611 reconciliatione),
2167 4546 2383 4593 veram
2429 4535 2767 4595 contritio·

169 4623 311 4673 nem
359 4613 791 4692 profiteantur
833 4613 983 4674 vitae
1025 4620 1376 4687 anteactas,
1418 4628 1490 4675 ac
1527 4625 1594 4674 se
1631 4612 2048 4674 obsecuturos
2117 4614 2484 4675 auctoritati
2530 4613 2765 4675 summi

164 4685 510 4755 Pontificis
541 4704 605 4757 et
633 4693 730 4756 sui
763 4691 1052 4772 Episcopi
1100 4691 1478 4772 spondeant.
1512 4691 1580 4754 V.
1614 4692 2047 4756 Proelcctioncs
2089 4690 2271 4756 laris
2315 4694 2609 4758 canonici
2652 4691 2765 4756 ha·
