3292 5167
485 184 614 254 6θὲ
1148 205 1264 251 mn.
1312 202 1378 251 ιι.
1424 204 1636 250 ‘rascas
1685 200 1813 250 viu.
1841 173 2012 249 'msa
2059 199 2150 249 ιιι.
2198 202 2330 250 car.
2377 202 2420 251 ι.

484 307 693 393 maJus
742 305 1217 388 detrimentum
1266 305 1524 375 videtur
1572 304 1843 374 divitem
1892 304 2199 375 excidere
2247 322 2283 372 a
2331 305 2602 393 proprio
2636 312 2837 389 statu,
2873 321 3075 392 quam

486 432 688 482 unum
739 413 1169 481 vel'alterum
1220 431 1580 500 pauperem
1628 413 1957 494 deficere3
2008 419 2150 481 tum
2198 412 2481 482 maxime
2532 413 2684 499 quia
2734 413 2842 483 hic
2891 412 3080 483 adest

484 525 739 590 tantum
791 528 1199 608 praeceptum
1249 520 1610 604 charitatis,
1666 538 1816 607 quae
1867 537 1947 589 ex
1993 522 2333 590 communi
2395 539 2541 590 non
2616 521 2866 607 obligat
2925 537 3080 589 cum

486 628 661 715 gravi
712 627 1138 698 incommodo
1177 625 1223 697 ¹.
1260 629 1325 696 Si
1356 636 1570 697 tamen
1610 635 1904 697 extreme
1954 626 2256 714 indigens
2288 628 2464 697 bona
2502 628 2654 697 alibi
2704 628 2944 696 habeat
2977 626 3082 697 vel

484 737 569 805 sit
617 736 1003 821 habituruS‚
1052 736 1232 805 dives
1280 737 1598 806 satisfacit
1645 735 1863 804 dando
1913 741 2266 817 mutuum3
2340 735 2493 822 (juia
2557 736 2668 805 ille
2711 742 2874 804 tunc
2944 751 3080 804 non

484 851 661 914 esset
708 845 1011 914 absolute
1058 861 1329 931 pauper.
2813 891 2824 898 -

664 951 742 1020 3:
795 955 1126 1030 Tenemur
1173 952 1660 1037 eleemosynam
1709 952 1922 1024 facere
1975 973 2054 1025 ex
2101 951 2297 1023 bonis
2331 951 2482 1020 vitae
2539 950 2739 1020 simul
2772 957 2837 1019 et
2875 948 3080 1018 statui

486 1066 720 1128 nostro
770 1060 1146 1146 superflum,
1201 1059 1465 1146 quando
1516 1060 1860 1145 proximus
1907 1070 2010 1131 est
2062 1063 2126 1130 in
2175 1060 2519 1146 indiqmtia
2563 1059 2788 1146 pravi,
2837 1059 2892 1126 si
2942 1076 3080 1126 non

486 1166 572 1235 sit
644 1171 755 1254 qui
830 1166 1196 1237 subveniat.
1260 1170 1433 1237 Sane
1502 1168 1567 1235 in
1635 1169 1977 1256 Scriptura
2037 1171 2422 1257 frequenter
2488 1165 2884 1234 damnantur
2951 1166 3078 1234 ho-

486 1275 695 1344 mines
745 1277 831 1345 ob
881 1276 1175 1361 neglecta
1228 1293 1429 1362 opera
1477 1276 1992 1346 misericordiae:
2049 1276 2284 1345 esurivi
2336 1285 2392 1341 et
2450 1294 2578 1342 non
2639 1274 3081 1342 dedistismihi

483 1383 863 1450 manducare
885 1408 907 1448 :
952 1383 1123 1450 sitivi
1167 1394 1223 1449 et
1268 1402 1395 1450 non
1441 1382 1691 1450 dedistis
1735 1384 1892 1452 mim·
1938 1363 2137 1453 bibere
2187 1384 2240 1448 ².
2287 1382 2386 1450 Ad
2448 1381 2608 1468 quid
2673 1380 2871 1450 verba
2942 1378 3081 1449 tam

487 1489 730 1574 gravia,
778 1489 834 1556 si
886 1506 1120 1558 eorum
1170 1506 1408 1557 sensus
1456 1490 1781 1557 referatur
1826 1489 1909 1557 ad
1954 1490 2163 1559 solam
2211 1487 2640 1574 indigentiam
2688 1495 3075 1568 extremam,

485 1607 635 1680 quae
685 1612 827 1662 rara
879 1594 1202 1682 omnino?
1249 1597 1500 1663 Revera
1547 1615 1631 1670 ss.
1670 1598 1898 1665 Patres
1946 1597 2075 1666 hoc
2125 1603 2534 1682 praeceptum
2583 1611 2852 1681 semper
2883 1593 3079 1663 intel-

487 1705 789 1772 lexerunt
833 1703 914 1771 de
949 1703 1310 1790 indigentia
1344 1705 1541 1788 gravi.
1577 1705 2005 1791 Appellamus
2053 1705 2505 1775 Ambrosium:
2557 1703 2835 1772 Grandis
2865 1704 3071 1789 culpa,

488 1811 727 1898 inquit,
775 1813 833 1879 si
881 1811 1106 1879 sciente
1144 1823 1221 1895 te,
1267 1811 1465 1898 fidelis
1509 1823 1723 1898 tepeat,-
1777 1812 1833 1879 si
1877 1813 2041 1879 scias
2085 1832 2225 1880 eum
2268 1812 2402 1879 sine
2444 1823 2700 1899 sumptu
2749 1830 2909 1892 esse,
2970 1811 3080 1896 fa·

483 1939 643 1986 mem
678 1919 961 2000 tolerare,
994 1939 1349 1988 aerumnam
1386 1920 1646 2006 perpeti,
1681 1919 1789 2004 qui
1813 1919 2166 2007 praesertim
2211 1938 2383 2007 eqere
2419 1920 2818 1987 erubescat....
2852 1930 2910 1986 et
2951 1936 3079 1984 non

486 2026 742 2113 adjuves
790 2027 844 2094 ³.
894 2025 1143 2094 Suadet
1188 2027 1332 2112 ipsa
1384 2017 1641 2098 indoles
1691 2026 2048 2109 charitatiS,
2101 2044 2250 2113 quae
2304 2027 2605 2113 praecipit
2651 2043 2872 2094 amare
2919 2042 3081 2112 pro·

485 2131 736 2201 ximum
780 2133 939 2201 sicut
982 2153 1043 2200 se„
1094 2132 1298 2221 ipsum
1329 2159 1349 2200 .·
1401 2150 1597 2201 nemo
1645 2151 1802 2202 vero
1853 2141 2038 2219 putat
2092 2134 2294 2201 amari
2370 2134 2718 2220 proximun
2788 2133 2950 2201 sicut
3016 2150 3080 2199 se

487 2243 693 2327 ipsum
747 2240 828 2309 ab
879 2239 1013 2322 illo,
1066 2240 1179 2325 qui
1229 2240 1456 2310 videns
1505 2240 1790 2309 eundem
1839 2241 2082 2309 versari
2116 2241 2180 2309 in
2217 2239 2575 2326 indigentia
2608 2240 2807 2326 gravi,
2843 2240 3079 2308 subve-

494 2347 632 2415 nire
681 2355 949 2417 recusat
996 2347 1078 2415 de
1125 2348 1342 2429 bonis,
1394 2348 1636 2433 quibus
1685 2348 1830 2417 sine
1901 2349 2077 2433 gravi
2147 2367 2270 2416 suo
2341 2346 2765 2418 incommodo
2840 2346 3076 2433 privari

490 2461 728 2539 potest,
780 2461 853 2522 ut
907 2462 1063 2522 sunt
1110 2455 1444 2540 superflua
1496 2454 1642 2522 vitae
1693 2453 1889 2521 simul
1939 2461 2005 2523 et
2053 2454 2274 2523 statui.

664 2565 736 2628 4:
786 2563 882 2629 An
920 2571 1141 2630 autem
1192 2568 1533 2634 teneamur
1558 2562 1682 2630 sub
1709 2561 1886 2646 gravi
1930 2561 2085 2630 dare
2120 2562 2573 2648 eleemosynas
2613 2580 2691 2630 ex
2719 2558 3074 2647 superfluis

489 2674 705 2736 status
759 2668 823 2735 in
877 2669 1224 2754 indiyentia
1269 2670 1601 2751 communi,
1655 2674 1902 2755 negant
1924 2669 2147 2755 plures
2182 2687 2329 2737 cum
2379 2687 2431 2738 s.
2479 2668 2860 2749 Antonino;
2928 2682 3077 2735 cum

489 2775 664 2843 enim
715 2793 1084 2862 pauperum
1133 2775 1505 2844 communis
1553 2776 1820 2843 miseria
1869 2776 2079 2844 soleat
2128 2794 2276 2845 esse
2330 2776 2488 2846 levis
2554 2783 2620 2845 et
2690 2773 3074 2855 tolerabiliS,

492 2901 621 2951 non
670 2883 937 2951 videtur
984 2882 1175 2970 culpa
1225 2881 1437 2970 gra'vis
1486 2884 1803 2951 auxilium
1874 2883 1971 2952 eis
2043 2882 2388 2969 denegare.
2460 2884 2590 2953 Sed
2659 2883 3077 2953 communior

487 2991 811 3059 sententia
857 2989 962 3058 cui
1008 2988 1444 3070 adhaeremu8‚
1474 2991 1755 3059 affirmat
1781 3006 1932 3058 cum
1967 2990 2143 3074 Viva,
2179 2991 2489 3082 cajetano
2524 3009 2603 3060 ex
2638 2990 2699 3059 d.
2737 2991 2988 3059 Thoma
3013 2993 3074 3069 *ς

488 3113 637 3164 nam
687 3102 1097 3183 praeceptum
1153 3096 1593 3184 eleemosynae
1643 3104 1747 3166 est
1798 3097 1862 3164 in
1913 3114 1986 3165 se
2034 3114 2246 3182 grave,
2297 3105 2363 3166 et
2410 3099 2748 3184 praecipue
2803 3097 3075 3183 respicit

490 3202 951 3272 necessitatem
1001 3220 1447 3286 communem,
1502 3222 1656 3275 cum
1702 3221 1895 3273 casus
1944 3205 2358 3273 necessitatis
2408 3221 2557 3274 raro
2609 3206 2886 3275 eveniat.
2959 3204 3079 3271 Ce-

495 3318 706 3378 terum
757 3329 879 3396 pro
934 3311 1137 3396 praxi,
1187 3312 1308 3380 etsi
1360 3311 1424 3378 in
1474 3311 1650 3379 malo
1701 3317 1878 3380 statu
1927 3318 2230 3379 versetur
2298 3311 2479 3381 dives
2549 3311 2663 3398 qui
2733 3310 3075 3379 mendicos

490 3433 541 3486 a.
587 3434 661 3483 se
713 3415 1162 3486 inhumaniter
1234 3417 1545 3505 expellit3
1614 3416 2062 3487 confessarius
2110 3422 2331 3486 tamen
2381 3436 2514 3487 non
2564 3418 2752 3488 facile
2821 3416 2934 3486 tali
2981 3416 3078 3485 di·

492 3522 607 3589 viti
655 3522 1149 3592 absolutionem
1200 3539 1438 3609 negare
1484 3524 1703 3606 debet,
1753 3542 1904 3593 cum
1953 3523 2036 3592 de
2083 3523 2205 3592 bac
2251 3523 2656 3610 obligatione
2723 3524 2939 3610 qualis
2985 3525 3075 3591 sit

488 3632 811 3700 Doctores
862 3648 992 3699 non
1043 3633 1499 3728 consentiant:
1547 3632 1693 3700 haec
1739 3635 2044 3717 Layman.

546 3971 567 4011 ¹
604 3971 761 4023 Recte
793 3971 1045 4023 observat
1076 3970 1307 4031 Sluaidi,
1343 3972 1541 4022 statum
1596 3968 2019 4032 uniuscujusque
2049 3981 2158 4022 non
2191 3970 2478 4022 consistere
2529 3971 2583 4022 in
2634 3969 2969 4022 indivisibili:
3023 3971 3076 4021 et

483 4034 574 4084 vix
605 4034 811 4097 concipi
849 4044 1020 4096 posse,
1053 4035 1112 4086 ut
1145 4033 1291 4085 dives
1324 4029 1512 4085 debeat
1544 4045 1573 4083 e
1606 4043 1707 4082 suo
1741 4032 1884 4082 statu
1918 4031 2191 4094 excedere,
2233 4034 2293 4084 ut
2323 4032 2597 4086 bominem
2630 4032 2871 4085 sublevet
2899 4036 2960 4086 in
2984 4043 3076 4084 ex·

482 4097 696 4157 tremis;
732 4106 854 4147 cum
888 4098 1081 4147 natura
1115 4098 1296 4157 paucis
1330 4094 1579 4146 contenta
1610 4096 1697 4154 sit,
1731 4094 1782 4146 et
1815 4092 2025 4144 modico
2072 4093 2313 4158 indigens
2369 4093 2692 4148 sublevetur.
2753 4095 2847 4147 Hic
2908 4095 3068 4146 etiam

482 4160 750 4218 notamus,
784 4158 922 4209 hanc
952 4158 1328 4221 obligationem
1364 4159 1594 4209 maxime
1626 4166 1812 4229 urgere
1864 4156 2271 4219 ecclesiasticos,
2323 4167 2386 4208 ac
2432 4158 2732 4221 specialiter
2777 4158 3070 4214 Pan-ochos,

482 4220 573 4293 qui
608 4223 733 4271 sunt
765 4222 940 4333 gatres
974 4231 1289 4292 pauperum,
1326 4230 1389 4270 ac
1420 4220 1746 4284 patrimonia.
1792 4228 2091 4281 pauperum
2144 4217 2431 4282 possident.
2496 4219 2721 4272 Praeslat
2773 4223 2957 4272 autem
3006 4221 3066 4270 ut

481 4285 640 4394 glutem
675 4294 765 4334 ver
804 4294 850 4333 is
880 4293 1074 4395 etgenols
1107 4282 1377 4345 adjuvent,
1411 4293 1502 4333 eos
1537 4280 1801 4333 hortando
1836 4280 1903 4330 ad
1936 4281 2197 4344 patienter
2228 4280 2599 4335 sustinendam
2631 4282 2907 4347 propriam
2943 4292 3063 4332 con·

525 4356 536 4393 ι
563 4356 741 4395 ionem
777 4356 904 4396 meri
933 4356 978 4395 is
1065 4355 1238 4395 enam.

540 4404 568 4445 '²
598 4406 775 4458 Mattn.
809 4417 901 4460 xv.
934 4357 1089 4457 ——pV.
1123 4406 1179 4457 Li
1218 4404 1358 4465 nori,
1383 4405 1473 4467 op.
1526 4405 1682 4465 Mor„
1725 4401 1761 4456 1.
1785 4415 1843 4465 ιι,
1877 4414 1932 4456 ιι.
1968 4404 2069 4467 323
2103 4405 2137 4457 l.
2169 4415 2247 4466 ιιι,
2283 4413 2338 4456 ιι.
2370 4406 2483 4458 820.

454 4476 464 4488 ·
543 4469 565 4508 ⁸
597 4469 668 4519 De
704 4469 817 4531 Off„
851 4469 888 4519 l.
922 4481 960 4530 ι,
994 4479 1039 4522 c.
1075 4470 1155 4521 30.
1240 4480 1319 4520 uae
1352 4467 1569 4532 quidem
1603 4465 1828 4533 probare
1859 4465 2113 4518 videntur
2143 4469 2304 4520 etiam
2359 4478 2480 4519 cum
2530 4466 2710 4532 aliquo
2760 4467 2930 4519 status
2977 4463 3068 4518 de·

483 4529 731 4582 trimento
764 4530 1193 4584 subveniendum
1227 4541 1345 4584 esse
1416 4530 1599 4593 auperi
1633 4528 1860 4592 graviter
1891 4530 2081 4592 egenti.
2115 4531 2303 4581 Nonne
2351 4530 2584 4582 charitas
2636 4530 2768 4582 bene
2818 4529 3068 4581 ordinata

486 4593 737 4655 praecipit,
762 4594 820 4644 ut
841 4604 963 4707 οιὲιιι
986 4604 1153 4656 parvo
1172 4596 1357 4645 nostro
1400 4590 1719 4644 ncommodo
1747 4601 1999 4654 magnum
2018 4590 2419 4643 incommodum
2437 4592 2656 4644 alterius
2672 4592 3065 4656 impediamus?

916 4690 934 4714 t

542 4655 566 4697 ⁴
598 4659 645 4718 Ξ,
681 4657 729 4717 2,
765 4667 818 4718 q.
854 4656 884 4706 3
969 4666 1022 4709 a.
1055 4657 1101 4707 5.
1134 4679 1199 4692 —
1237 4653 1294 4706 V.
1329 4653 1561 4719 Lignori,
1599 4654 1691 4717 op,
1731 4651 1881 4717 Mor„
1917 4653 1954 4704 l.
1986 4664 2043 4716 ιι,
2079 4665 2134 4705 ιι.
2167 4656 2248 4705 32.
