3292 5167
543 230 674 297 586
1535 253 1652 298 mn.
1700 250 1766 298 ιι.
1816 253 2028 300 rnsc'r.
2084 251 2190 299 vti.

621 354 689 417 R.
733 355 912 417 Anna
959 366 994 414 a
1038 350 1373 414 mendacio
1418 354 1710 415 excusari
1760 361 2000 433 potest;
2046 354 2114 417 in
2160 355 2366 435 primo
2411 369 2560 419 casu
2625 354 2842 419 dicere
2914 356 3137 436 potnit

540 450 608 497 se
650 433 1131 497 matrimonium
1179 448 1307 493 non
1354 431 1642 512 fregisse,
1687 437 1929 496 etenim
1972 433 2182 497 adbuc
2226 434 2507 497 subsisit.
2538 434 2605 497 ln
2642 435 2927 499 secundo
2968 453 3135 500 casu

540 515 758 577 dicere
806 513 1012 593 potuit
1054 528 1123 573 se
1156 512 1591 589 innocentem,
1636 529 1785 577 nam
1854 522 2000 592 post
2042 512 2509 579 absolutionem
2575 530 2609 578 a
2672 525 2932 596 peccato
2990 532 3135 580 nou

540 594 819 674 amplius
863 592 1276 670 gravabatur:
1321 600 1388 655 et
1431 597 1639 672 potuit
1680 610 1974 657 asserere
2031 597 2223 658 etiam
2295 610 2439 658 cum
2498 607 2888 674 juramento.
2961 595 3134 660 Item

546 677 756 755 potuit
800 677 868 736 in
919 676 1111 734 tertio
1157 688 1305 735 casu
1350 689 1590 752 negare
1633 691 1701 737 se
1744 674 2136 738 adulterium
2208 679 2626 752 commisisse,
2688 677 3129 757 intelligendo

539 765 609 819 ut
654 754 813 818 illud
864 754 1098 815 marito
1145 753 1436 816 revelare
1479 754 1785 817 deberet:
1830 765 1896 818 et
1937 771 2123 818 causa
2189 765 2287 817 est
2348 758 2434 818 ita
2503 757 2967 837 respondendi,
3039 758 3128 821 ad

533 837 769 916 jurgia,
812 835 1249 898 dissentiones
1291 833 1550 913 aliaque
1593 835 1759 898 mala
1804 835 2088 899 vitanda.
2132 835 2415 915 Lignori,
2464 835 2630 917 Opas
2688 837 2869 915 Mor„
2913 839 2955 902 l.
3019 855 3127 913 ur,

536 933 598 981 n.
644 917 782 987 162,
825 929 968 978 cum
1014 911 1160 975 aliis
1195 913 1432 976 multis
1484 913 1680 994 Gury.

613 996 833 1058 861).
880 994 944 1067 Q.
993 995 1048 1056 4.
1092 996 1192 1058 An
1224 995 1519 1057 adultera
1565 1001 1858 1059 teneatur
1899 1013 1962 1058 se
1995 995 2257 1075 prodere
2300 997 2383 1059 ad
2416 996 2678 1059 vitanda
2721 997 2952 1062 damna
2994 1017 3127 1062 ma·

536 1079 676 1154 riti,
739 1083 802 1138 et
838 1075 1037 1155 prolis
1083 1075 1392 1154 lequinius,
1435 1077 1493 1137 si
1525 1076 1657 1138 alio
1697 1077 1870 1140 modo
1915 1092 1990 1138 ea
2031 1084 2299 1156 nequeat
2341 1082 2778 1157 compensare?

615 1158 684 1220 R.
728 1157 793 1219 Si
836 1156 1140 1218 damnum
1185 1156 1366 1218 famae
1411 1159 1689 1235 propriae
1732 1161 2001 1220 multum
2046 1158 2499 1237 praeponderat
2562 1158 2797 1221 damno
2863 1162 3121 1235 mariti,

536 1253 667 1300 non
706 1244 958 1300 tenetur
1004 1235 1294 1299 adultera
1340 1242 1584 1299 crimen
1631 1236 1939 1315 prodere3
1985 1253 2172 1300 nemo
2230 1239 2405 1300 enim
2472 1247 2727 1301 tenetur
2799 1238 3125 1302 damnum

535 1320 801 1381 alterius
850 1318 1162 1378 resarcire
1207 1333 1348 1379 cum
1395 1317 1629 1379 damno
1675 1320 1934 1397 proprio
1981 1317 2169 1396 longe
2214 1319 2463 1396 maiori.
2507 1315 2572 1379 Si
2633 1333 2762 1381 non
2827 1336 3125 1399 praepon·

538 1399 740 1471 derat,
785 1412 852 1459 se
895 1396 1311 1459 manifestare
1355 1396 1562 1472 debet,
1608 1401 1866 1475 quando
1900 1406 2076 1460 certo
2120 1398 2397 1478 probare
2440 1398 2652 1463 valeat
2699 1397 3127 1477 illegitimita-

534 1486 661 1541 tem
708 1476 866 1550 filii3
912 1485 976 1538 et
1017 1493 1173 1539 sane
1217 1486 1369 1540 tunc
1412 1476 1640 1540 melior
1683 1488 1782 1540 est
1825 1479 2111 1541 conditio
2156 1480 2372 1541 mariti
2439 1480 2804 1541 innocentis
2866 1489 2932 1543 et
2978 1498 3127 1561 pre·

535 1557 614 1620 lis
658 1559 716 1620 le
769 1560 980 1619 itimae.
1027 1557 1187 1619 Hinc
1231 1556 1522 1620 inferunt
1567 1569 1838 1621 matrem
1882 1562 2090 1622 teneri
2136 1576 2205 1621 se
2244 1559 2549 1638 prodere:
2598 1559 2662 1638 t)
2705 1561 2759 1621 si
2825 1563 2911 1622 sit
2978 1578 3121 1641 per·

533 1638 685 1702 dita-:2
757 1652 935 1712 amae,
979 1636 1080 1699 vel
1127 1637 1516 1700 conditionis
1562 1646 1690 1700 tam
1737 1639 1904 1716 vilis,
1949 1649 2019 1703 ut
2064 1656 2191 1701 non
2237 1642 2321 1702 sit
2362 1657 2433 1702 ea
2483 1640 2747 1717 majoris
2791 1638 3116 1721 facienda,

531 1734 720 1799 quam
767 1717 1071 1779 damnum
1116 1717 1260 1778 aliis
1304 1718 1772 1794 obventurum3
1814 1720 1882 1798 2)
1928 1722 1980 1781 si
2025 1720 2216 1782 aliter
2262 1722 2598 1782 immineat
2641 1720 2948 1784 damnum
2996 1739 3111 1801 pn·

531 1800 790 1871 blicam,
835 1813 889 1858 v.
936 1814 1014 1876 g..
1064 1799 1117 1859 si
1163 1796 1333 1860 filius
1377 1800 1634 1877 spurius
1678 1802 1763 1861 sit
1805 1800 2075 1878 perditis
2124 1799 2407 1863 moribus
2455 1800 2758 1876 imbutus,
2794 1810 2860 1863 et
2888 1818 3116 1865 succe·

532 1881 686 1943 dere
731 1877 960 1941 debeat
1003 1877 1256 1955 Regno;
1300 1878 1366 1956 3)
1412 1881 1464 1941 si
1511 1889 1716 1942 mater
1759 1881 2220 1943 verosimiliter
2264 1889 2479 1960 speret
2542 1880 2743 1943 fllium
2810 1887 3110 1962 spurium

532 1961 654 2023 sibi
701 1958 1117 2031 crediturum,
1163 1974 1235 2020 ac
1280 1959 1468 2023 bonis
1513 1975 1882 2023 cessurum:
1927 1977 2112 2024 secus
2154 1959 2395 2024 frustra
2441 1961 2858 2039 obligaretur.

613 2039 906 2102 Ceterum
953 2042 1209 2117 spurius
1255 2056 1382 2103 non
1430 2049 1688 2104 tenetur
1749 2041 2015 2104 credere
2079 2042 2268 2103 matri
2333 2042 2649 2103 asserenti
2719 2041 2903 2105 illum
2966 2058 3115 2105 esse

531 2122 854 2199 spurium:
900 2128 1030 2181 tum
1075 2122 1219 2199 quia
1266 2130 1363 2183 est
1406 2122 1472 2182 in
1518 2126 1920 2201 possessione
1967 2122 2418 2200 legitimitatis,
2468 2131 2535 2183 ut
2582 2130 2768 2185 natus
2816 2131 3114 2200 tempore

532 2200 802 2279 legitimi
847 2201 1278 2262 matrimonii:
1322 2201 1474 2262 binc
1520 2217 1646 2264 non
1694 2210 1950 2266 tenetur
1994 2202 2281 2280 credere,
2324 2202 2445 2264 nisi
2483 2203 2942 2276 convincatur:
2974 2213 3113 2266 tum

530 2284 675 2360 quia
723 2297 910 2343 nemo
959 2288 1216 2342 tenetur
1262 2280 1529 2345 credere
1571 2283 1682 2344 uni
1732 2284 1875 2346 testi
1922 2282 2074 2346 licet
2118 2283 2588 2363 probatissimo,
2612 2298 2795 2346 secus
2839 2286 2942 2345 via
2987 2300 3111 2346 am·

534 2361 635 2442 pla
683 2362 1045 2439 aperiretur
1089 2358 1423 2423 fraudibus
1464 2371 1529 2424 et
1575 2362 2079 2441 deceptionibus.
2138 2389 2159 2417 ι
2214 2363 2371 2425 Tum
2418 2364 2744 2442 praecipue
2790 2363 2901 2442 (ad
2975 2381 3111 2429 rem

529 2444 829 2504 observat
871 2439 1072 2520 Stapf,
1117 2440 1150 2522 S
1193 2442 1364 2519 454),
1407 2444 1554 2520 quia
1601 2444 1812 2505 mariti
1861 2445 2063 2523 ipsius
2106 2453 2296 2522 atque
2341 2442 2624 2505 filiorum
2664 2445 3109 2522 legitimorum

530 2522 886 2602 plerunque
954 2521 1141 2598 longe
1187 2524 1389 2601 magis
1433 2527 1725 2596 interest,
1776 2532 1846 2587 ut
1889 2540 1994 2586 res
2037 2532 2296 2587 maneat
2326 2524 2391 2586 in
2430 2522 2699 2585 occulto.
2731 2523 2893 2597 Quid
2931 2528 3111 2589 enim

530 2619 613 2665 ex
658 2602 768 2665 tali
814 2601 1231 2664 Confessione
1275 2604 1626 2667 timendum
1695 2619 1825 2666 non
1896 2604 2037 2667 est‘?
2101 2603 2331 2667 infelix
2392 2605 2661 2667 maritus
2725 2606 3108 2681 gravissimo

528 2699 801 2746 moerore
845 2681 1182 2760 affligitur3
1224 2683 1394 2745 salus
1439 2682 1785 2746 domestica
1853 2692 1918 2746 et
1962 2700 2085 2764 pax
2150 2682 2589 2763 naufragatur..
2635 2709 2657 2736 ι
2713 2683 2803 2746 Ex
2919 2686 3107 2748 uibus

528 2762 822 2825 omnibus
880 2761 1274 2825 concludunt
1332 2763 1509 2825 Elbel
1556 2773 1620 2826 et
1662 2764 2056 2839 Tamburini,
2101 2780 2248 2826 raro
2313 2766 2376 2825 in
2428 2766 2634 2843 praxi,
2684 2764 2812 2826 imo
2911 2782 3105 2829 orsan

528 2858 873 2923 nunquam,
918 2851 1183 2905 matrem
1219 2844 1424 2906 teneri
1460 2843 1537 2905 ad
1572 2861 1638 2907 se
1675 2844 2244 2908 manifestandam:
2280 2843 2561 2919 Mulieri,
2597 2861 2732 2924 qnoe
2762 2847 3105 2923 ignorante

523 2927 774 2999 marito,
818 2925 907 2987 ait
947 2921 1357 2985 Innocentius
1402 2923 1502 2999 ΙΙΙ,
1544 2926 1613 2986 de
1657 2924 1967 2988 adulterio
2032 2926 2266 3004 prolem
2328 2925 2619 3001 suscipit,
2688 2927 2977 3003 quamvis
3043 2927 3108 2990 ia

525 3007 662 3068 viro
704 3022 814 3067 suo
858 3006 1080 3067 timeat
1120 3005 1404 3083 confiteri
1418 3025 1447 3077 ‚·
1487 3022 1611 3068 non
1653 3012 1748 3067 est
1783 3007 2156 3084 paenitentia
2184 3006 2588 3085 deneqanda;
2618 3007 2724 3067 sed
2752 3014 3106 3084 competens

526 3084 881 3164 satisfactio
919 3101 1031 3164 per
1072 3086 1412 3147 discretam
1454 3087 1836 3148 sacerdotem
1877 3088 1936 3148 ei
1993 3083 2171 3149 debet
2212 3087 2490 3166 injanyi.
2534 3083 2625 3164 (C.
2696 3083 2955 3165 Officiis,
3025 3086 3108 3151 de

569 3168 746 3229 oeuit.
791 3175 855 3228 et
899 3167 1193 3244 remiss).

529 3184 566 3246 p
605 3245 764 3320 Quid
793 3246 1212 3323 judicandam
1250 3246 1321 3307 de
1363 3244 1532 3323 facto
1575 3246 1898 3320 adultera,
1942 3263 2076 3326 qaae
2117 3247 2419 3323 impotens
2462 3251 2750 3308 avertere
2794 3247 3031 3309 damna
3066 3264 3105 3309 a

519 3325 806 3406 prolibus
852 3327 1169 3405 lepitimis,
1211 3327 1401 3388 morti
1441 3327 1672 3401 vicina,
1714 3327 1952 3389 vocatis
1994 3324 2276 3388 omnibus
2308 3327 2486 3405 filiis,
2520 3326 2879 3389 declaravit
2907 3345 3105 3390 unum

522 3425 604 3469 ex
646 3408 778 3468 illis
820 3424 947 3468 esse
990 3407 1407 3484 illeqitimum,
1449 3424 1525 3468 ac
1565 3408 1727 3484 petit
1766 3408 2067 3470 vellentne
2129 3406 2313 3469 illum
2373 3408 2714 3479 nominari,
2755 3414 2881 3468 aut
2923 3410 3101 3471 inno·

519 3489 829 3550 minatum
870 3504 1009 3549 cum
1051 3487 1273 3548 ceteris
1316 3486 1665 3549 liter-edibus
1705 3488 1954 3565 pariter
1995 3488 2268 3549 dividere
2295 3491 2325 3550 :³
2395 3487 2520 3561 Quo
2590 3488 2829 3563 audito,
2891 3506 3103 3551 omnes

520 3567 651 3632 sibi
689 3575 899 3630 mutuo
941 3567 1393 3643 condonarunt,
1437 3568 1587 3646 qaia
1630 3569 1890 3647 quisque
1933 3567 2248 3630 metuebat
2287 3565 2431 3630 sibi.
2476 3567 2672 3629 Mater
2709 3567 2775 3630 in
2802 3567 2916 3629 illo
2946 3585 3105 3633 casu

519 3649 738 3731 (quem
781 3650 1110 3710 Avenione
1153 3664 1268 3710 suo
1314 3659 1603 3724 tempore
1646 3650 1994 3726 contigisse
2056 3650 2284 3712 scribit
2331 3647 2647 3725 Alciatus)
2689 3650 2912 3728 inique
2944 3658 3080 3730 egit
3096 3668 3118 3725 ς

521 3738 657 3793 tum
700 3730 842 3807 quia
887 3728 1429 3791 diffamavitfllios
1453 3727 1772 3805 legitimos
1816 3727 2097 3791 reddens
2139 3747 2247 3792 eos
2283 3727 2362 3791 de
2390 3726 2848 3805 illegitimitate
2886 3746 3100 3810 suspe-

522 3820 685 3882 ot0s;
736 3820 863 3870 tum
910 3810 1056 3888 quia
1105 3808 1211 3871 illa
1260 3810 1550 3869 remissio
1595 3816 1812 3871 mutua
1860 3807 2131 3873 habetur
2177 3809 2458 3872 invalida
2510 3817 2727 3886 utpote
2793 3807 2961 3872 facta
3010 3827 3094 3874 ex

519 3897 701 3955 metu
744 3890 921 3967 gravi
967 3890 1208 3966 injuste
1253 3889 1540 3961 incusso;
1583 3890 1854 3967 quisque
1896 3891 2071 3952 enim
2119 3889 2384 3953 timebat
2428 3888 2508 3949 de
2552 3905 2637 3950 se.

596 3968 793 4032 861.
838 3969 904 4042 Q.
949 3969 1004 4030 4.
1051 3967 1271 4042 Qualis
1314 3969 1636 4030 restitutio
1679 3967 1970 4046 facienda
1999 3976 2092 4032 est
2117 3969 2438 4050 hospitali,
2471 3969 2531 4031 si
2563 3969 2764 4046 protes
2794 3969 2897 4032 illi
2920 3988 3097 4051 empo-

516 4058 739 4123 natar,
782 4052 849 4113 in
888 4049 1202 4112 sententia
1241 4064 1449 4110 eoram
1493 4050 1603 4127 qai
1643 4049 1929 4131 obliqant
1969 4059 2343 4130 exponentes
2387 4050 2471 4113 ad
2529 4050 3045 4115 restitutionem?

597 4131 668 4194 R.
714 4129 781 4193 Si
820 4131 1022 4211 protes
1065 4131 1334 4204 vixerit,
1379 4129 1762 4192 restituendi
1807 4138 1959 4195 suut
2024 4132 2325 4209 hospitali
2369 4145 2596 4193 omnes
2638 4141 2933 4210 sumptus
2978 4131 3087 4212 qui

413 4272 416 4279 .
520 4212 689 4291 apud
734 4212 1049 4274 nutricem
1097 4210 1235 4271 fleri
1280 4208 1645 4273 debuerunt
1687 4220 1752 4272 et
1795 4210 1946 4274 dein
1993 4211 2058 4273 in
2105 4215 2242 4291 ipso
2285 4210 2687 4275 xenodochio
2752 4227 2954 4291 usque
3014 4213 3094 4276 ad

517 4308 757 4356 annum
807 4292 900 4366 12,
944 4306 1069 4372 quo
1112 4292 1503 4354 sufficienter
1548 4290 1840 4353 laborare
1883 4295 2265 4372 supponitur
2311 4308 2469 4371 puer
2513 4289 2590 4354 ad
2637 4290 2948 4355 lucranda
2992 4293 3093 4355 ab·

518 4373 725 4437 solute
769 4374 1126 4435 necessaria
1158 4371 1233 4434 ad
1270 4374 1503 4434 victum
1541 4381 1605 4434 et
1641 4374 1975 4435 vestitum:
2021 4374 2127 4452 qui
2175 4390 2396 4437 omnes
2439 4380 2729 4451 sumptus
2774 4374 3092 4436 aestiman·

517 4463 624 4517 tur
667 4451 995 4517 moraliter
1043 4452 1200 4517 1000
1243 4451 1517 4515 franchi.
1561 4450 1633 4513 Si
1668 4451 1875 4530 proles
1916 4459 2170 4514 mortua
2211 4455 2317 4529 sit,
2360 4460 2652 4532 sumptus
2696 4454 3089 4516 restituendi

517 4551 552 4598 a
597 4535 702 4597 die
745 4534 1169 4613 expositionis
1211 4532 1291 4595 ad
1335 4533 1504 4595 diem
1549 4533 1773 4594 mortis
1818 4543 2012 4595 erunt
2055 4535 2465 4611 computandi
2517 4533 2771 4596 franchi
2834 4533 2915 4596 84
2960 4538 3083 4596 cir·

516 4616 679 4677 citer
724 4631 835 4692 pro
878 4612 1150 4691 singulis
1193 4615 1410 4676 annis:
1455 4628 1597 4690 quas
1643 4614 1969 4674 restitutio
2013 4613 2153 4674 fleri
2204 4622 2412 4692 potest
2453 4630 2568 4693 per
2612 4612 3090 4677 confessarium

511 4695 617 4759 vel
659 4695 853 4758 alium
898 4693 1095 4757 fidum
1139 4708 1211 4757 ac
1253 4699 1591 4755 secretum.
1636 4689 1706 4753 Si
1745 4692 2117 4772 deprehendi
2156 4711 2280 4758 non
2318 4695 2517 4774 possit
2569 4711 2656 4757 an
2717 4694 2929 4775 proles
3004 4695 3096 4759 sit
