3292 5167
522 232 613 298 22
1232 258 1348 303 ma.
1396 257 1460 304 11.
1511 261 1721 308 rnAc'r.
1772 264 1826 308 v.
1877 263 2028 308 mse.
2077 263 2117 308 t.
2166 262 2295 308 car.
2345 258 2386 307 1.

608 355 674 419 Si
717 358 775 431 2,
819 358 1089 422 dicimus
1134 359 1199 422 in
1266 361 1344 422 iis
1386 364 1807 428 conficiendis
1870 381 2128 428 manum
2194 365 2492 429 babuisse
2556 364 2680 428 RR.
2739 365 3116 430 Pontifices:

527 453 574 499 s.
621 437 952 530 Damasum
990 440 1232 501 saeculo
1280 440 1358 501 tv
1401 459 1590 522 opera
1636 444 1696 506 d.
1742 444 2139 524 Hieronymi,
2192 455 2256 508 et
2298 446 2533 508 saeculo
2578 446 2628 509 V
2674 444 2997 508 Gelasium
3042 447 3109 510 in

526 515 809 610 Concilio
855 516 1155 582 Romano.
1223 520 1383 584 Dein
1451 540 1599 585 vero
1661 526 1896 589 saeculo
1960 526 2040 589 vt
2090 543 2137 588 s.
2182 524 2563 603 Gregorium
2604 526 2703 602 M„
2770 535 2833 590 et
2877 525 3110 606 Grego-

527 614 694 661 rium
740 598 819 660 {X
862 601 1096 691 saeculo
1140 600 1297 663 xm.
1343 602 1565 668 Postea
1596 621 1644 667 s.
1683 605 1864 669 Pium
1906 606 1959 669 V
2002 606 2236 670 saeculo
2279 605 2437 680 xvi,
2487 616 2557 671 ut
2600 616 2774 686 patet
2816 623 2896 670 ex
2934 606 3114 671 Bulla

528 675 699 752 Quod
740 696 780 742 a
821 677 1031 743 Nobis.
1092 682 1374 745 Tandem
1423 683 1816 749 Clementem
1860 696 1923 750 et
1966 687 2293 750 Urbanum
2337 686 2473 751 vul
2535 688 2769 752 saeculo
2813 687 2999 764 xvlt,
3044 698 3118 752 ut

525 757 747 821 videre
791 767 889 822 est
934 762 999 823 in
1044 761 1243 825 Bullis
1288 765 1475 826 initio
1519 764 1830 830 Breviarii
1878 768 2183 848 appositis
2230 766 2276 829 ¹2

614 891 775 976 80,
828 899 900 977 Q.
950 899 1013 963 2.
1065 898 1390 968 Undenam
1436 900 1641 968 oritur
1689 902 1982 987 obligatio
2029 905 2238 969 Horas
2286 902 2642 970 recitandi?

614 1004 685 1070 R.
737 1003 1061 1089 obligatio
1111 1006 1428 1074 recitandi
1480 1011 1688 1075 Horas
1739 1027 1870 1076 non
1920 1008 2132 1076 oritur
2181 1027 2260 1077 ex
2308 1011 2467 1078 Jure
2515 1007 2758 1091 divin0,
2808 1026 2959 1080 cum
3005 1026 3122 1076 ne-

529 1126 658 1194 que
706 1128 787 1176 ex
835 1112 1194 1197 Scriptura,
1247 1131 1459 1199 neque
1509 1134 1589 1182 ex
1637 1115 1866 1183 Divina
1917 1115 2267 1184 traditione
2304 1116 2684 1203 colligatur;
2720 1115 2837 1186 sed
2871 1136 2952 1184 ex
2990 1114 3119 1184 im-

531 1218 943 1285 memorabili
995 1221 1518 1303 consuetudine,
1570 1242 1719 1309 quae
1769 1224 1899 1291 vim
1945 1223 2110 1309 legis
2160 1224 2469 1307 obtinuit,
2520 1233 2719 1310 prout
2767 1225 2856 1292 ait
2912 1227 3119 1293 Bene-

528 1320 744 1391 dictus
792 1326 934 1395 xlv
981 1330 1029 1393 ².
1081 1331 1261 1396 Hanc
1311 1348 1464 1397 vero
1504 1330 1978 1398 confirmarunt
2026 1330 2353 1398 Concilia:
2403 1330 2575 1399 inter
2622 1339 2840 1399 cetera
2885 1331 3123 1402 Conci-

529 1429 692 1498 lium
736 1434 1105 1503 Romanum
1151 1436 1352 1520 (anno
1408 1439 1603 1522 1216)
1657 1437 1957 1524 praecipit
2007 1456 2327 1523 expresse
2378 1438 2680 1507 Praelatis
2725 1446 2789 1506 et
2847 1437 3124 1506 Clericis

529 1536 599 1604 in
621 1539 844 1631 virtute
890 1542 1257 1626 obedientiae,
1292 1557 1360 1610 at
1405 1545 1689 1612 divinum
1739 1546 2018 1633 Officium
2042 1558 2424 1612 nocturnam
2441 1531 2688 1633 pariter
2724 1557 2780 1613 et
2802 1546 3124 1623 diurnum,

528 1658 830 1729 quantum
898 1649 984 1714 eis
1029 1649 1257 1717 dederit
1306 1656 1490 1734 Deus,
1537 1651 1806 1719 studiose
1850 1653 2147 1719 celebrent
2186 1653 2435 1738 pariter
2477 1664 2534 1720 et
2580 1652 2786 1720 devote
2825 1648 2890 1719 ³:
2941 1651 3125 1738 quod

532 1750 798 1836 quidem
869 1754 1149 1822 firmavit
1217 1757 1586 1826 Concilium
1658 1757 1962 1843 generale
2034 1760 2475 1826 Lateranense
2521 1776 2693 1826 anno
2769 1760 2984 1843 1517.;
3025 1761 3123 1827 Ex

533 1874 664 1943 quo
738 1867 917 1944 patet
986 1862 1467 1947 obligationem
1543 1864 1710 1932 hanc
1782 1864 2235 1949 gravissimam
2306 1883 2475 1947 esse,
2534 1864 2622 1933 ita
2670 1874 2743 1933 ut
2794 1865 3130 1934 fateantur

532 1980 784 2050 omnes,
834 1970 1202 2037 mortaliter
1248 1989 1398 2038 eum
1450 1989 1723 2057 peccare
1773 1972 1885 2059 qui
1937 1975 2146 2040 Horas
2181 1970 2282 2039 vel
2318 1972 2678 2041 notabilem
2713 1991 2938 2042 earum
2976 1989 3129 2058 par-

535 2077 667 2139 tem
718 2075 994 2157 omittit;
1043 2076 1195 2163 quia
1243 2077 1440 2146 violat
1487 2087 1898 2166 praeceptum
1946 2079 2013 2146 in
2064 2097 2134 2146 re
2183 2079 2566 2164 gravissima
2617 2080 2992 2166 pertinente
3040 2079 3124 2148 ad

536 2179 841 2250 virtutem
890 2183 1248 2270 Religionis
1297 2185 1346 2254 ⁴.
2270 2244 2276 2252 .

622 2289 932 2357 Nonnulli
1007 2309 1156 2359 cum
1220 2292 1454 2360 Azorio
1505 2302 1569 2362 et
1616 2297 1903 2363 Navarro
1952 2292 2365 2362 contendunt
2412 2311 2561 2364 esse
2607 2312 2819 2379 grave,
2868 2300 2932 2362 et
2973 2293 3132 2363 ideo

537 2397 815 2465 mortale
864 2399 1170 2469 omittere
1217 2399 1571 2483 dimidiam,
1622 2402 1723 2471 vel
1757 2403 1955 2471 etiam
1990 2402 2249 2471 tertiam
2284 2409 2537 2489 partem
2574 2403 2851 2470 minoris
2887 2405 3130 2483 Horae3

539 2503 690 2588 quia
762 2505 905 2574 baec
976 2524 1126 2592 pars
1200 2516 1504 2594 respectu
1578 2510 1755 2578 illius
1829 2513 2024 2578 Horae
2097 2514 2198 2577 est
2249 2508 2583 2578 notabilis.
2630 2510 2762 2578 Sed
2815 2508 2922 2576 alii
2974 2526 3130 2577 cum

538 2612 1016 2685 continuatore
1064 2618 1410 2703 Tournely,
1445 2619 1696 2700 Lessi0,
1736 2621 1982 2686 Pontas
2021 2624 2085 2684 et
2122 2619 2378 2702 Vanroy
2410 2616 2818 2702 probabilius
2857 2624 3133 2701 negant:

540 2717 693 2804 quia
763 2738 913 2806 pars
984 2722 1091 2790 illa
1164 2734 1264 2794 est
1333 2744 1597 2813 semper
1658 2725 1816 2794 levis
1865 2725 1930 2792 in
1979 2744 2051 2793 se
2077 2725 2114 2806 ,¹1
2157 2732 2223 2792 et
2270 2730 2580 2810 respectu
2628 2725 2833 2792 totius
2885 2723 3134 2793 Officii:

542 2843 764 2910 porro,
799 2827 864 2895 in
899 2827 1314 2915 dijudicanda
1365 2831 1656 2901 materiae
1702 2830 2039 2917 gravitate,
2075 2829 2486 2916 respicienda
2533 2838 2634 2899 est
2668 2829 2999 2917 quantitas
3034 2838 3139 2898 to·

540 2933 672 3001 tius
723 2935 929 3003 Officii
979 2935 1046 3004 in
1094 2956 1187 3019 se,
1237 2958 1368 3006 non
1418 2946 1637 3007 autem
1687 2938 2042 3026 cujuslibet
2095 2939 2290 3005 Horae
2341 2936 2753 3024 diSJunctive.
2816 2940 3136 3006 Ceterum

542 3039 802 3110 videtur
846 3045 1116 3114 omnino
1167 3055 1420 3115 certum
1471 3064 1668 3115 unam
1718 3051 1961 3115 Horam
2009 3044 2132 3114 etsi
2167 3046 2456 3128 brevem,
2499 3045 2598 3115 vel
2632 3045 2839 3114 Officii
2877 3051 3142 3131 partem

544 3145 760 3217 eidem
829 3151 1365 3236 respondentem,
1440 3153 1531 3220 uti
1583 3169 1791 3220 unum
1838 3153 2170 3238 integrum
2216 3152 2646 3233 Nocturnum,
2695 3152 3001 3221 sufficere
3049 3150 3134 3218 ad

543 3273 806 3341 gravem
879 3258 1864 3342 materiam.constituendam,
1939 3260 1993 3326 si
2051 3256 2472 3343 excipiantur
2519 3262 2827 3345 Vesperae
2876 3259 3136 3327 sabbati

546 3362 753 3432 sancti
803 3364 887 3432 ob
936 3382 1124 3433 suam
1172 3367 1602 3453 parvitatem.⁸

624 3501 760 3565 31.
806 3504 872 3578 Q.
915 3506 969 3568 3.
1018 3505 1179 3581 Quid
1219 3509 1292 3570 de
1335 3508 1445 3571 illo
1487 3510 1597 3589 qai
1635 3506 1904 3582 dubitet,
1952 3524 2035 3570 an
2077 3506 2315 3568 Horam
2358 3507 2666 3585 integram
2709 3508 3033 3571 omiserit?

627 3584 697 3646 R.
741 3583 806 3646 Si
845 3589 1056 3665 agitur
1101 3586 1179 3650 de
1235 3588 1641 3668 scrupolosis,
1686 3590 2039 3667 generatim
2088 3603 2214 3649 non
2273 3595 2424 3649 sunt
2467 3588 2795 3667 obligandi
2841 3586 2918 3650 ad
2971 3586 3135 3649 reci·

550 3664 812 3727 tandum
830 3684 849 3740 3
893 3682 1034 3730 cum
1080 3669 1343 3732 istorum
1390 3669 1603 3745 dubia,
1672 3677 1742 3732 ut
1804 3670 2150 3750 plurimum
2206 3668 2515 3750 (maxime
2559 3670 2626 3730 in
2691 3670 2867 3732 bisce
2912 3667 3143 3747 rebus)

611 3888 633 3931 ¹
676 3891 731 3941 V.
766 3891 1071 3966 Maringola,
1116 3893 1493 3966 Antiquitatum
1525 3893 1932 3945 christianarum
1963 3893 2321 3953 institutiones,
2356 3891 2445 3944 lib.
2482 3903 2533 3942 v.
2570 3892 2632 3943 Et
2661 3891 2897 3942 maxime
2925 3889 3127 3941 Rosko·

547 3953 1005 4066 vaffihcoettbatus
1024 3958 1075 4006 et
1105 3956 1449 4015 Breotartam‚
1485 3958 1595 4006 toto
1631 3959 1775 4007 tomo
1807 3968 1860 4007 v.

760 4018 968 4069 Istruct.
1007 4017 1333 4079 caplatorum.

612 4079 635 4119 ⁸
669 4080 724 4130 C.
763 4093 835 4139 tx,
868 4081 1091 4131 dolentes
1119 4079 1406 4142 referimus,
1438 4081 1474 4130 t.
1509 4081 1578 4130 De
1615 4081 1805 4132 celebr.
1840 4079 2023 4131 Μίδεω.

612 4140 635 4180 ⁴
670 4141 933 4194 Sententia
967 4144 1141 4194 verior
1174 4141 1332 4194 tradit
1363 4153 1486 4193 cum
1520 4143 1772 4203 concina,
1801 4143 2008 4204 Lessi0,
2041 4142 2305 4206 Tournely
2335 4142 2393 4194 et
2436 4140 2670 4192 Sanchez
2721 4151 2830 4190 non
2882 4139 3142 4202 multipli-

551 4215 687 4264 cem,
724 4204 814 4255 sed
851 4216 1014 4255 unam
1047 4214 1161 4257 esse
1210 4204 1612 4267 obligationem,
1664 4205 1716 4255 et
1747 4216 1916 4256 unum
1949 4204 2272 4269 praeceptum
2320 4204 2571 4254 constans
2623 4201 2863 4266 partibus
2911 4202 3144 4264 septem.

549 4265 837 4318 Deducitur
868 4277 932 4316 ex
964 4278 1173 4318 canone
1203 4267 1422 4318 concilii
1444 4266 1705 4334 xRomani,
1743 4266 1831 4317 ubi
1862 4268 2128 4325 Horarum
2163 4267 2399 4318 recitatio
2432 4264 2533 4316 sub
2565 4276 2674 4316 uno
2699 4266 2962 4328 praecepto
2982 4263 3141 4326 jube·

554 4331 655 4379 tur.
695 4327 840 4378 Unde
873 4329 915 4378 si
949 4330 1069 4391 quis
1105 4330 1246 4392 petat
1275 4330 1406 4393 quot
1437 4331 1652 4390 peccata
1685 4330 1981 4380 committat
2013 4332 2102 4393 qui
2141 4329 2310 4380 totum
2346 4326 2590 4379 Officium
2625 4326 2882 4386 omiserit,
2920 4337 3146 4388 respon·

553 4389 799 4442 debimus
830 4401 951 4440 cum
985 4389 1036 4441 d.
1071 4391 1367 4442 Antonino:
1406 4391 1501 4452 Qui
1533 4392 1725 4442 omittit
1753 4403 1927 4441 omnes
1966 4393 2136 4441 Horas
2182 4392 2335 4441 unias
2366 4389 2484 4450 diet,
2518 4401 2621 4440 non
2667 4391 2942 4450 propterea
2996 4399 3139 4438 com·

553 4454 711 4504 mittit
740 4456 928 4515 septem
993 4458 1166 4504 eccata
1197 4455 1477 4514 mortalia,·
1510 4454 1596 4504 sed
1626 4465 1807 4514 unum,
1841 4457 1890 4505 et
1906 4458 2049 4505 tanto
2069 4452 2278 4515 pravius
2303 4454 2492 4514 quanto
2509 4453 2630 4515 ptus
2650 4453 2710 4503 de
2734 4450 2901 4514 Officio
2922 4451 3142 4503 omittit.

551 4516 676 4580 quia
707 4518 869 4566 totum
903 4515 941 4566 Ο
1022 4516 1128 4565 tum
1161 4518 1314 4566 unias
1345 4515 1448 4566 diei
1477 4518 1614 4567 cadit
1642 4516 1733 4568 sub
1769 4528 1871 4567 uno
1898 4518 2166 4579 praecepto.

679 4577 731 4628 Si
767 4588 893 4629 vero
925 4579 1101 4641 plures
1135 4579 1285 4629 Horae
1318 4578 1688 4630 omitterentur
1718 4588 1790 4629 ex
1825 4577 2204 4628 intentionibus
2236 4574 2505 4627 moraliter
2536 4575 2865 4639 interruptis,
2902 4574 3033 4626 tunc
3053 4574 3150 4625 ba—

550 4639 804 4691 berentur
836 4639 1078 4690 mortalia
1112 4639 1290 4703 plura3
1325 4651 1446 4692 cum
1481 4650 1670 4691 omnes
1705 4639 2022 4691 omissiones
2052 4651 2120 4690 ex
2147 4647 2206 4689 se
2237 4649 2424 4700 graves
2456 4637 2586 4690 flant
2616 4650 2736 4690 uuae
2770 4638 2836 4688 ab
2890 4637 3010 4688 aliis
3059 4638 3150 4688 in-

546 4702 926 4766 dependentes,
957 4701 1048 4752 illa
1079 4700 1434 4755 intentionum
1468 4703 1874 4766 interruptione.
1906 4726 1970 4739 —
2008 4701 2061 4751 V.
2095 4701 2327 4766 Liguori,
2348 4699 2483 4764 opus
2504 4700 2660 4754 Mor..
2694 4700 2728 4751 l.
2765 4711 2839 4761 tv,
2875 4710 2928 4750 n.
2967 4701 3076 4752 tas.
