3292 5167
1081 283 1159 330 nu
1205 284 1452 332 Aci-iaus
1500 282 1839 332 nnttctoms
2668 261 2754 330 43

192 362 481 453 putabitur
547 365 663 433 tibi
730 368 799 433 in
836 379 1177 453 peccatum.
1252 370 1318 438 Si
1362 370 1513 456 quid
1554 370 1779 438 vovisti
1825 373 1970 451 Deo,
2040 389 2117 438 ne
2161 370 2425 437 moreris
2484 369 2756 455 reddere,

197 469 440 557 displicet
488 471 659 538 enim
706 474 763 540 ei
830 474 1097 561 infidelis
1142 486 1197 541 et
1240 478 1433 543 stulta
1469 478 1806 564 promissio
1834 482 1905 557 ¹3
1955 477 2025 561 2)
2077 479 2333 557 Patres;
2405 475 2467 543 d.
2537 477 2757 562 Augu-

200 578 381 647 stinus
428 576 553 645 ait:
600 580 753 665 quia
796 581 1035 664 vovisti,
1073 583 1213 669 jam
1259 594 1316 649 te
1360 584 1754 651 obstrinxisti
1772 609 1798 664 ,·
1833 583 2011 652 aliud
2075 583 2187 650 tibi
2251 584 2457 669 facere
2500 605 2628 652 non
2674 585 2756 652 li-

200 698 287 754 ωε.
331 687 572 753 lterum
624 686 795 754 idem
845 688 1167 756 Sanctus:
1215 709 1433 757 vovere
1475 702 1565 757 est
1609 690 1971 773 voluntatis,
2033 692 2140 758 sed
2204 690 2457 758 reddere
2500 692 2760 760 necessi·

202 794 325 860 tatis
353 794 400 860 ².
449 795 530 861 Et
579 793 641 861 d.
692 795 1022 864 Thomas:
1070 797 1428 864 haereticum
1473 809 1560 864 est
1614 815 1890 864 asserere
1934 810 2145 865 votum
2188 818 2316 866 non
2360 796 2638 883 obligare
2683 798 2756 878 ὃς

207 900 262 986 3)
301 902 519 969 Ratio:
573 902 929 987 promissio
974 902 1147 971 enim
1200 902 1364 972 facta
1417 904 1668 972 homini
1720 911 1899 974 certe
1947 904 2237 989 Obligat,
2312 911 2559 990 quanto
2624 921 2761 973 ma·

207 1008 289 1094 gis
328 1008 485 1076 facta
534 1011 675 1078 Deo
708 1013 740 1077 ⁶?
786 1011 951 1079 Hinc
999 1011 1264 1096 vulgare
1310 1011 1506 1080 illud:
1554 1014 1742 1080 verba
1778 1013 1977 1099 liqant
2022 1014 2317 1080 homines.

282 1116 589 1200 Obligatio
643 1124 860 1185 autem
912 1119 1045 1186 voti
1097 1120 1310 1204 gravis
1359 1126 1460 1188 est
1509 1119 1574 1186 in
1624 1120 1897 1186 materia
1945 1118 2117 1204 gravi
2145 1145 2164 1200 3
2238 1119 2395 1188 levis
2443 1119 2508 1186 in
2556 1124 2761 1188 mate-

209 1224 286 1290 ria
329 1222 485 1290 levi:
535 1233 761 1292 votum
812 1227 985 1293 enim
1059 1226 1270 1310 legem
1322 1226 1631 1308 imitatur,
1706 1244 1855 1312 quae
1924 1225 2189 1312 quidem
2263 1225 2509 1312 obligat
2572 1226 2758 1313 juxta

207 1331 466 1399 materiae
517 1334 946 1418 capacitatem
981 1332 1035 1401 ⁴.
1083 1336 1311 1419 Neque
1360 1333 1557 1416 dicas,
1603 1333 2055 1420 juramentum
2102 1334 2536 1402 assertorium
2589 1333 2759 1403 obli-

206 1455 338 1525 gare
362 1440 499 1528 sub
549 1441 723 1524 gravi
777 1442 974 1510 etiam
1026 1442 1090 1508 in
1141 1441 1412 1509 materia
1462 1441 1618 1508 levi:
1670 1440 2019 1527 disparitas
2068 1449 2192 1524 est,
2242 1441 2419 1527 quod
2469 1441 2533 1509 in
2583 1441 2761 1528 jura-

206 1529 429 1612 mento*
546 1565 627 1614 us
678 1547 820 1633 ipse
875 1548 1211 1617 inducitur
1259 1548 1469 1630 testi8‚
1519 1549 1623 1615 cui
1684 1566 1948 1634 semper
1995 1548 2066 1614 fit
2114 1548 2324 1632 gravis
2394 1548 2652 1634 injuria,
2703 1547 2758 1616 si

204 1548 675 1736 νετίῑει3ξ3ἒὶις
726 1662 792 1721 at
839 1655 902 1721 in
954 1662 1105 1723 voto
1155 1655 1356 1723 homo
1407 1673 1478 1723 se
1521 1655 1727 1722 libere
1775 1672 1892 1721 sua
1941 1654 2084 1740 lege
2133 1654 2507 1739 obstringit.
2551 1657 2760 1726 Porro

203 1761 447 1828 materia
496 1743 650 1845 grav'
763 1762 1196 1846 existimatur,
1247 1763 1301 1831 si
1353 1763 1431 1830 ad
1483 1764 1806 1831 honorem
1855 1763 1994 1843 Dei,
2045 1760 2146 1830 vel
2197 1761 2278 1830 ad
2319 1762 2598 1847 proximi
2649 1768 2762 1832 aut

205 1867 385 1953 ipsius
431 1870 692 1936 voventi
768 1869 1125 1938 utilitatem
1154 1871 1537 1938 notabiliter
1582 1870 1813 1938 influat
1830 1896 1848 1952 ;
1897 1870 1996 1938 vel
2031 1870 2084 1936 si
2137 1870 2217 1938 ab
2266 1870 2556 1938 Ecclesia
2597 1887 2764 1956 prae-

202 1973 423 2060 ciperet
509 2029 524 2054 ,
674 1976 798 2061 liga
883 1983 903 2044 t
951 1978 1185 2063 utique
1233 1980 1357 2047 sub
1407 1977 1604 2063 gravi.
1656 1978 1723 2045 Si
1775 1976 1946 2062 quiS‚
1996 1996 2050 2042 v.
2102 1994 2182 2061 g.‚
2224 1976 2570 2063 Jejunium,
2604 1977 2760 2045 Mis-

202 2099 281 2148 sae
324 2080 655 2150 auditione
990 2084 1394 2153 nfessionem
1447 2085 1749 2165 vovisset,
1801 2083 1926 2150 hoc
1972 2089 2198 2150 votum
2233 2082 2566 2151 diceretur
2598 2081 2763 2152 ohli-

204 2190 501 2274 gatorium
552 2192 677 2259 sub
726 2200 936 2259 morta
973 2212 1038 2274 ¹3
1094 2194 1245 2278 quia
1296 2210 1519 2261 revera
1571 2193 1695 2260 sub
1735 2191 1991 2258 mortali
2066 2192 2312 2276 obligat
2362 2195 2493 2260 Lex
2557 2191 2765 2260 eccle-

204 2296 437 2364 siastica
490 2296 636 2364 illas
690 2298 865 2382 ipsas
913 2318 1019 2367 res
1050 2300 1322 2386 jubens,
1364 2307 1429 2367 et
1479 2300 1541 2366 in
1583 2318 1655 2367 se
1704 2298 1974 2366 materia
2024 2299 2234 2383 gravis
2283 2306 2403 2368 est.

276 2402 420 2465 ω·
466 2407 575 2474 Aa
624 2407 944 2493 (quaeres)
990 2409 1271 2475 materia»
1317 2409 1472 2475 leves
1520 2409 1587 2475 in
1634 2409 1790 2475 votis
1830 2406 2070 2494 possint
2136 2427 2342 2474 secum
2408 2408 2762 2491 coalescere,

204 2524 251 2578 et
284 2526 591 2598 peccatam
634 2514 898 2582 mortale
942 2517 1306 2581 constituere
1336 2522 1369 2582 ,⁹

278 2620 339 2685 R.
383 2619 829 2687 Affirmative:
879 2620 933 2687 si
982 2620 1257 2689 diversae
1307 2621 1599 2690 materiae
1679 2620 1853 2687 leves
1904 2626 2056 2686 voto
2102 2619 2449 2704 promissae
2522 2619 2765 2688 ruerint

209 2742 307 2810 per
348 2725 612 2794 modum
640 2726 880 2846 ‘⁰5⁰⁸’
929 2727 1016 2794 ita
1055 2735 1127 2796 ut
1177 2727 1317 2796 dies
1367 2728 1742 2813 assignetur
1789 2726 1883 2794 uti
1924 2726 2263 2808 termium,
2314 2726 2431 2798 sed
2465 2745 2549 2795 ne
2596 2727 2766 2796 ultra

211 2830 365 2899 illum
404 2833 749 2902 differatur
795 2836 1144 2903 executio:
1218 2843 1375 2902 tunc
1431 2851 1560 2902 una
1609 2835 1878 2902 materia
1951 2851 2101 2902 cum
2163 2835 2433 2900 materia
2496 2833 2766 2904 alterius

208 2937 315 3006 diei
359 2942 799 3009 continuatur.
847 2942 1053 3009 Aliter
1099 2941 1451 3010 dicendum
1499 2947 1697 3024 esset,
1733 2940 1787 3008 si
1823 2940 1931 3008 illa
1981 2958 2173 3026 parva
2225 2940 2494 3009 materia
2546 2942 2632 3008 sit
2668 2941 2762 3009 at·

215 3042 317 3112 fixa
355 3046 475 3114 diei
515 3073 529 3112 :
584 3056 743 3115 tunc
791 3055 1129 3116 transacto
1178 3047 1305 3129 die,
1346 3048 1577 3116 transit
1630 3047 1826 3115 etiam
1877 3046 2298 3133 promissum,
2353 3065 2567 3133 neque
2614 3063 2766 3118 cum

212 3151 319 3219 alio
362 3155 587 3222 unitur
634 3162 701 3223 et
749 3154 1082 3224 coalescit.

286 3264 358 3332 Ut
406 3271 625 3331 autem
676 3262 1120 3347 dignoscatur,
1193 3281 1272 3330 an
1322 3264 1619 3332 materiae
1667 3263 1798 3331 voti
1851 3262 1985 3329 sint
2034 3280 2153 3347 per
2214 3263 2483 3332 modum
2546 3279 2768 3332 rerum

214 3370 625 3455 complurium
676 3370 777 3439 vel
826 3373 1042 3454 unius,
1096 3369 1557 3456 interroganda
1606 3376 1709 3438 est
1759 3370 1897 3455 ipsa
1946 3370 2242 3438 voventis
2277 3369 2579 3451 intenti0‚
2616 3387 2766 3456 quae

216 3483 298 3542 est
337 3495 637 3563 suprema
688 3477 790 3545 lex
841 3478 993 3545 voti.
1044 3481 1206 3559 Quae
1257 3478 1310 3545 si
1360 3477 1556 3545 dubia
1606 3478 1711 3560 sit,
1762 3475 2080 3545 resolutio
2131 3477 2202 3545 fit
2231 3478 2416 3564 juxta
2466 3495 2766 3546 commu-

218 3598 342 3649 nem
384 3603 653 3653 sensum
694 3587 1078 3667 Doctorum,
1130 3585 1239 3670 qui
1293 3592 1518 3653 tenent
1567 3583 1858 3652 diversas
1907 3584 2213 3653 materias
2262 3604 2409 3654 esse
2451 3604 2570 3672 per
2632 3603 2771 3652 mo·

217 3687 346 3759 dnm
390 3694 581 3761 unius
633 3701 696 3761 et
748 3694 1119 3761 coalescere
1170 3693 1232 3759 in
1269 3693 1440 3760 votis
1490 3692 1801 3773 realibuS,
1849 3710 1980 3759 non
2022 3691 2084 3759 in
2122 3693 2624 3778 personalibus:
2674 3694 2771 3761 sic

216 3807 364 3866 esset
407 3807 631 3866 votum
681 3800 873 3880 reale,
945 3799 997 3867 si
1049 3800 1197 3885 quis
1269 3806 1497 3866 voveat
1545 3797 1700 3866 dare
1749 3815 1945 3866 unam
1996 3799 2400 3867 monetulam
2474 3797 2772 3884 quotidie

218 3924 312 3988 per
348 3926 585 3976 annum
613 3935 631 3989 3
681 3916 862 3976 esset
900 3908 1244 3994 personale,
1295 3907 1348 3973 si
1401 3914 1628 3975 voveat
1674 3907 1950 3975 recitare
2001 3925 2206 3974 unum
2255 3912 2443 3975 Pater
2490 3906 2769 3992 singulis

260 4180 276 4221 ¹
307 4181 428 4233 Dent
460 4190 625 4240 xxm3
662 4176 803 4228 Eccl.
838 4188 891 4225 v,
1512 4177 1536 4216 2
1570 4178 1666 4237 Ep.
1704 4186 1812 4225 xcv
1845 4179 1897 4227 et
1936 4187 2136 4226 cxxvii.
2499 4234 2511 4246 ·

257 4244 279 4284 ⁸
304 4242 481 4303 Quodl.
518 4245 568 4303 3,
606 4252 658 4291 a.
694 4244 743 4291 2.
781 4238 1041 4299 obligatio
1064 4240 1173 4290 voti
1197 4239 1453 4289 causatur
1485 4249 1516 4288 a
1549 4236 1794 4288 fidelitate
1827 4238 1879 4287 in
1913 4240 2108 4298 Deuin;
2145 4236 2265 4286 ideo
2298 4236 2377 4285 est
2409 4246 2578 4298 major
2610 4245 2772 4300 quam

209 4302 423 4368 obligatio
450 4303 769 4368 juramenti,
805 4312 924 4363 quae
956 4304 1035 4352 est
1066 4313 1133 4352 ex
1163 4303 1462 4352 reverentia
1496 4302 1605 4351 Dei.
1639 4299 1782 4350 Idem
1819 4300 2119 4361 Angelicus,
2154 4302 2204 4355 2,
2237 4300 2267 4348 2
2320 4309 2373 4360 q.
2407 4302 2487 4357 89,
2524 4309 2569 4349 a.
2603 4303 2651 4351 8.
2762 4359 2772 4370 ·

253 4368 272 4407 ⁴
304 4388 319 4409 ι
353 4370 481 4419 Hinc
514 4367 748 4417 intertur
779 4364 877 4417 (ait
909 4374 950 4413 3.
987 4363 1310 4424 Alphonsus‚
1349 4363 1439 4424 Op.
1477 4363 1633 4434 litor„
1670 4362 1702 4413 l.
1740 4374 1815 4423 ιιι,
1851 4372 1903 4411 n.
1954 4364 2089 4421 211),
2143 4332 2285 4424 quod
2338 4363 2520 4411 votum
2572 4357 2776 4411 vitandi

210 4431 442 4493 peecatum
476 4441 588 4480 non
624 4427 734 4478 obli
775 4429 847 4483 at,
883 4426 982 4475 nisi
1011 4425 1165 4487 juxta
1199 4426 1339 4476 illius
1372 4426 1710 4484 gravitatem:
1751 4423 1878 4485 puta
1911 4422 1955 4472 si
1994 4433 2158 4474 voves
2192 4422 2363 4473 vitare
2416 4423 2774 4483 mendacium,

208 4493 473 4546 mentiendo
507 4501 708 4555 peccas
765 4491 947 4540 autum
984 4486 1187 4548 leviter,
1222 4487 1313 4537 sed
1348 4487 1645 4548 dupliciter,
1673 4487 1860 4536 contra
1897 4485 2238 4535 veracitatem
2272 4486 2323 4535 et
2346 4488 2531 4557 contra
2555 4486 2772 4536 votum:

208 4554 624 4608 salmanticenses
659 4563 787 4602 cum
822 4551 1074 4610 Sancuez‚
1112 4550 1472 4608 TrullenchiO,
1510 4550 1767 4606 Navarra,
1802 4548 1898 4598 etc.
1935 4547 2046 4598 Nisi
2085 4549 2261 4598 tamen
2295 4548 2485 4598 vitatio
2505 4547 2645 4597 illius
2667 4555 2781 4608 pec-

203 4620 278 4670 ·ati
307 4619 370 4670 oh
401 4628 608 4669 causas
636 4615 713 4664 sit
745 4625 829 4665 res
862 4615 1037 4674 magni
1075 4611 1348 4671 momenti,
1387 4612 1544 4674 prout
1580 4609 1919 4661 mendacium
1963 4607 2114 4660 valde
2165 4609 2419 4661 indecens
2472 4610 2613 4660 esset
2663 4619 2778 4670 per·

201 4693 316 4733 soum
346 4685 397 4733 in
432 4679 704 4743 dignitate
740 4676 1067 4736 constitutae3
1101 4677 1182 4724 vel
1219 4675 1319 4724 nisi
1359 4685 1448 4735 per
1481 4671 1610 4724 illud
1645 4673 1925 4735 peccatum
1962 4672 2188 4723 multum
2224 4672 2344 4736 quis
2389 4671 2711 4734 impediatur
2744 4679 2778 4720 a

203 4745 396 4807 proiectu
433 4746 487 4795 in
526 4737 846 4793 virtutibus.
880 4737 1351 4788 salmanticenses.
1392 4754 1410 4778 ·
2245 4753 2258 4758 -
