3292 5167
450 177 580 242 456
1132 194 1247 242 mn.
1296 194 1359 243 ιι.
1407 198 1617 243 Tunc-12
1666 198 1768 244 vn.
1816 199 1967 245 niso.
2017 198 2057 244 ι.
2105 199 2236 246 car.
2286 200 2326 245 ι.

445 300 893 386 vituperatione
936 300 1133 367 alium
1179 301 1416 369 inducit
1459 303 1544 369 ad
1586 304 1889 371 damnum
1931 302 2227 391 proximo
2258 301 2687 388 inferendum:
2726 301 2843 379 sic,
2883 316 2941 366 v,
2984 315 3046 383 g.

447 405 799 491 palponem
864 407 1244 475 vocabimus
1312 409 1422 493 qui
1474 408 1769 477 duellum
1823 408 2170 492 laudando,
2222 408 2605 494 patientiam
2657 405 3037 478 irridendo,

453 512 770 597 ignaviam
821 512 1222 598 increpando
1272 515 1351 582 ad
1403 515 1564 583 illud
1605 517 1806 585 alium
1857 518 2225 584 incitat.·-·
2264 516 2491 601 Palpo,
2544 520 2778 600 utpote
2812 516 3049 583 efficax

448 636 642 686 causa
715 618 956 702 damni,
1005 621 1144 706 ipsa
1218 622 1368 706 lege
1427 623 1594 691 civili
1648 631 1915 692 tenetur
1985 621 2147 690 illud
2195 641 2501 709 reparare
2550 620 2614 703 ⁹;
2662 640 2811 689 nam
2860 638 3047 706 saepe

447 726 658 810 magis
719 726 1023 795 laudibus
1087 736 1153 797 et
1200 730 1800 815 vituperationibus
1849 731 2213 816 impellitur
2244 731 2407 816 -quis
2456 730 2535 797 ad
2585 729 2899 797 damnum
2950 730 3051 796 in-

448 833 814 916 ferendum,
873 853 1068 920 quam
1117 838 1292 905 malo
1343 839 1644 906 consilio.
1694 841 1980 906 Necesse
2027 846 2246 906 autem
2299 857 2427 906 non
2464 846 2585 920 est,
2623 845 2696 906 ut
2728 837 3047 904 damnum

455 940 780 1009 intendat:
831 944 1093 1025 sufficit,
1142 951 1213 1011 ut
1262 945 1426 1012 sciat
1474 964 1545 1013 se
1594 946 1659 1012 in
1710 944 2020 1012 damnum
2071 946 2429 1014 efficaciter
2475 946 2773 1013 influere.

538 1045 743 1109 8⁷8·
797 1053 867 1131 Q.
917 1054 977 1118 4.
1029 1053 1181 1132 Quis
1225 1052 1598 1138 intelliqitur
1638 1055 1889 1119 nomine
1930 1055 2377 1138 receptatoris?

539 1159 609 1223 R.
659 1158 1070 1241 Receptator,
1121 1177 1236 1227 seu
1290 1178 1630 1228 recursum
1683 1168 2030 1246 praestanS‚
2081 1167 2180 1228 est
2229 1160 2336 1245 qui
2376 1160 2609 1246 proebet
2650 1160 2835 1226 alteri
2864 1176 3043 1225 sccu-

449 1263 696 1330 ritatem
721 1319 737 1347 ,
794 1268 1323 1351 commoditatem,
1374 1281 1426 1334 et
1470 1269 1909 1354 protectionem
1955 1267 2039 1333 od
2084 1268 2383 1334 damnum
2422 1268 2721 1354 promimo
2766 1268 3047 1353 inferens

451 1371 616 1455 dum,
664 1375 760 1441 vel
801 1394 878 1441 nc
923 1374 1172 1440 illatum
1217 1388 1576 1461 compenset.
1629 1379 2026 1461 Receptator
2074 1383 2340 1443 tenetur
2382 1374 2461 1441 ad
2510 1374 3039 1456 restitutionem,

451 1480 700 1566 quando
746 1484 1075 1568 receptatio
1122 1493 1209 1548 est
1255 1502 1447 1548 causa
1490 1484 1689 1568 furti.-
1740 1490 1896 1550 tunc
1946 1483 2140 1564 enim,
2191 1490 2264 1549 ut
2313 1483 2402 1549 ait
2450 1483 2881 1568 AugustinuS‚
2936 1502 3045 1570 pa-

451 1590 544 1653 tet
593 1594 1071 1672 receptatorem
1116 1590 1351 1656 socium
1395 1610 1524 1656 esse
1567 1590 1817 1675 fraudis
1861 1603 1917 1657 et
1949 1591 2235 1657 criminis
2282 1590 2350 1672 ²3
2401 1596 2599 1674 atque
2664 1593 2759 1658 sic
2816 1591 2878 1658 in
2937 1591 3047 1659 da—

452 1710 679 1761 mnum
708 1695 986 1781 positive
1014 1696 1231 1764 influit
1265 1705 1330 1765 et
1364 1698 1737 1767 efficaciter.
1768 1698 1930 1767 Hinc
1980 1698 2316 1767 tenebitur
2363 1697 2438 1764 ad
2480 1697 2696 1765 damni
2734 1717 3041 1785 compen·

452 1802 819 1888 sationem,
886 1806 994 1890 qui
1068 1805 1242 1872 furta
1289 1814 1401 1873 aut
1450 1806 1888 1875 instrumenta
1938 1807 2361 1875 occultaverit
2410 1814 2524 1872 aut
2571 1808 2836 1887 emerit3
2890 1825 3042 1876 cum

456 1906 582 1975 hoc
632 1913 993 1993 generatim
1044 1910 1218 1979 idem
1266 1912 1351 1979 sit
1399 1929 1473 1980 ac
1522 1914 1785 1997 rapinas
1837 1913 2077 1980 fovere.
2127 1915 2291 1980 Item
2341 1913 2747 1980 tenebuntur
2805 1931 3043 1999 caupo·

455 2033 593 2098 nes,
644 2018 752 2102 qui
795 2036 828 2084 a
865 2018 1294 2087 filiisfamilias
1344 2027 1690 2111 acceptant
1741 2021 2054 2106 pecunias
2105 2020 2400 2104 aliasque
2448 2038 2555 2087 res
2591 2038 2623 2086 a
2661 2022 3041 2107 parentibus
3130 2068 3145 2087 .

457 2125 828 2211 subreptas,
888 2126 1010 2193 nisi
1064 2127 1543 2195 rationabiliter
1582 2128 1862 2214 judicari
1916 2127 2147 2213 possit,
2188 2127 2365 2212 quod
2401 2133 2708 2213 parentes
2745 2147 2875 2196 non
2912 2131 3041 2197 sint

456 2220 658 2300 iniiti.
714 2237 877 2302 ltem
929 2234 1219 2318 domini,
1272 2236 1626 2322 principeS‚
1680 2243 1986 2320 parentes
2037 2253 2166 2303 non
2219 2234 2658 2320 impedientes
2715 2236 3037 2331 famum,

455 2340 803 2423 subditos,
873 2338 1044 2409 filios
1108 2342 1160 2409 si
1220 2351 1520 2427 possunt,
1570 2341 1835 2427 quando
1886 2342 2116 2410 confisi
2169 2342 2231 2408 in
2285 2342 2547 2409 illorum
2601 2344 2892 2428 potentia
2932 2352 3041 2411 aut

456 2449 536 2518 de
582 2452 882 2535 ipsorum
932 2451 1327 2519 confidentia
1381 2452 1754 2537 proximum
1803 2451 2246 2519 damnificant.

545 2558 878 2626 Diximus:
949 2560 1195 2644 quando
1263 2560 1593 2645 receptatio
1655 2571 1742 2625 est
1787 2578 1979 2626 causa
2024 2559 2212 2644 furti:
2264 2557 2436 2625 unde
2511 2575 2639 2624 non
2692 2566 3043 2626 teneretur

458 2667 568 2750 qni
622 2673 772 2750 post
819 2666 1067 2733 furtum
1095 2672 1272 2747 juvat
1321 2665 1531 2734 furem
1572 2665 1652 2733 ad
1702 2666 1922 2751 fugam
1956 2665 2363 2751 capiendam,
2413 2665 2612 2733 modo
2651 2684 2780 2733 non
2818 2666 3047 2733 influat

457 2774 518 2840 in
572 2772 803 2841 damna
853 2774 1103 2841 futura:
1155 2773 1324 2842 sicut
1373 2792 1495 2842 nec
1545 2775 1656 2859 qui
1708 2775 1918 2843 furem
1970 2781 2034 2843 et
2072 2772 2560 2841 malefactorem
2596 2772 2773 2842 domi
2812 2774 3051 2857 recipit

457 2900 587 2948 non
662 2899 786 2966 qua
864 2881 1074 2948 furem
1148 2891 1211 2949 et
1261 2881 1781 2964 malefactorem3
1831 2880 1945 2950 sed
1998 2899 2124 2967 qua
2177 2881 2463 2949 amicum
2524 2888 2635 2948 aut
2687 2889 3049 2967 parentem.

457 2992 618 3057 Item
680 2989 1031 3058 dicendum
1113 2988 1194 3057 de
1263 2990 1396 3071 illo,
1454 2991 1566 3074 qui
1619 3008 1857 3074 nempe
1906 2990 2161 3056 ratione
2210 2987 2406 3056 officii
2458 2988 2670 3057 furem
2717 2989 2818 3056 vel
2868 2988 3046 3057 reci-

459 3096 554 3181 pit
602 3096 1097 3179 tantummode,
1149 3096 1243 3164 uti
1297 3096 1726 3182 caupo-apud
1778 3113 1975 3181 quem
2025 3096 2166 3182 ipse
2215 3095 2614 3175 diversatum
2669 3096 2765 3163 vel
2815 3094 3051 3163 defen-

458 3203 553 3270 dit
622 3204 714 3270 uti
787 3204 1140 3273 advocatus
1213 3205 1322 3289 qui
1382 3205 1525 3290 ejus
1575 3211 1795 3289 partes
1846 3206 1909 3271 in
1951 3203 2204 3289 judicio
2256 3205 2576 3271 sustinet:
2628 3204 2753 3271 sub
2804 3202 3043 3271 eadem

459 3319 673 3377 tamen
739 3309 1159 3392 conditione,
1210 3311 1381 3380 idest
1429 3310 1790 3379 dummodo
1839 3311 1904 3377 in
1955 3310 2122 3376 furta
2173 3309 2389 3378 futura
2442 3329 2573 3378 non
2626 3311 2896 3391 influat3
2946 3312 3041 3379 sic

459 3434 591 3484 non
643 3423 740 3483 esl
793 3415 875 3484 de
924 3417 1196 3486 crimine
1247 3417 1661 3503 participare,
1710 3417 1827 3485 sed
1876 3416 2303 3486 humanitatis
2354 3417 2643 3486 officium
2695 3419 3017 3503 praebere.

541 3571 608 3634 ln
643 3572 860 3636 Codice
903 3575 1136 3652 poenali
1179 3577 1461 3652 graviter
1494 3577 1559 3636 in
1595 3583 2028 3653 receptatores
2073 3573 2618 3637 animadvertitur
2648 3584 2714 3636 et
2743 3574 3041 3655 quaedam

458 3656 787 3733 sapienter
830 3652 906 3717 ad
955 3653 1121 3717 turta
1167 3655 1448 3717 cavenda
1497 3657 2043 3734 praescribuntur,
2095 3664 2225 3717 tum
2273 3654 2636 3717 artificibus
2701 3658 2870 3718 circa
2942 3673 3048 3721 res

457 3751 491 3796 a
540 3735 806 3814 privatis
847 3745 1111 3814 emptam,
1161 3744 1294 3797 tum
1338 3737 1735 3814 cauponibus
1777 3735 1982 3859 Quoad
2024 3752 2327 3814 personas
2362 3746 2690 3815 suspectas
2727 3735 2825 3798 vel
2871 3738 3048 3799 inco-

457 3818 687 3892 gnitas
730 3831 884 3894 quas
929 3818 1047 3895 ipsi
1095 3815 1371 3896 hospitio
1417 3818 1748 3894 excipiunt
1827 3863 1840 3876 .

547 3966 747 4033 ou.
801 3974 873 4052 Q.
918 3972 978 4039 ὅ.
1032 3970 1183 4051 Quis
1228 3970 1598 4057 intelliqitur
1640 3970 1890 4037 nomine
1929 3971 2373 4057 participantis
2418 3971 2504 4037 ad
2547 3971 2903 4039 damnum?

547 4078 616 4143 R.
666 4077 1111 4165 Participamis
1159 4078 1479 4145 vocabulo
1531 4078 1920 4163 intelligitur
1964 4077 2074 4163 qui
2118 4079 2213 4144 vel
2258 4078 2326 4145 in
2363 4079 2606 4165 proeda,
2656 4080 2753 4145 vel
2795 4080 2864 4146 in
2909 4080 3050 4165 ipsa

451 4182 691 4250 actione
735 4184 1199 4270 damnificativa
1244 4186 1312 4271 fit
1357 4186 1560 4251 socius
1604 4185 1809 4271 quoad
1854 4185 2154 4252 damnum
2182 4184 2477 4270 proximo
2514 4186 2894 4272 iri-opacum.
2935 4185 3049 4253 Fit

455 4289 682 4357 socius
727 4291 795 4357 in
835 4290 1073 4378 pra-da,
1124 4291 1201 4372 si,
1251 4308 1306 4358 v,
1358 4310 1437 4377 g.,
1490 4299 1640 4378 post
1689 4292 1937 4359 furtum
1984 4291 2302 4377 suscipiat
2355 4298 2607 4377 partem
2646 4291 2726 4361 de
2760 4312 2831 4362 re
2870 4294 3048 4363 furto

524 4507 541 4547 ¹
582 4506 700 4559 Cod.
727 4523 883 4574 μανι,
922 4514 1020 4565 art.
1058 4516 1166 4568 103.

520 4570 545 4610 ³
577 4571 671 4633 Ep.
708 4584 850 4636 οιιιι,
884 4576 1016 4626 alias
1051 4589 1152 4628 ιιν.
1186 4603 1251 4616 -
1291 4578 1348 4628 V.
1385 4577 1614 4642 Lignum,
1653 4579 1740 4642 op.
1776 4579 1932 4638 Mor„
1966 4578 2005 4630 l.
2037 4589 2117 4639 ιιι,
2154 4588 2207 4629 n.
2235 4579 2351 4630 568.

516 4635 541 4674 ⁸
576 4636 683 4686 Art.
713 4639 827 4696 283,
860 4640 971 4699 620,
1005 4641 1101 4691 ete.
1134 4664 1199 4677 —
1234 4642 1287 4691 C.
1325 4642 1384 4690 A.
1420 4652 1571 4703 μανι,
1607 4655 1657 4705 p.
1693 4643 1741 4701 3,
1775 4642 1800 4704 ς
1832 4643 1942 4692 2¹9.
