3292 5167
510 232 637 303 160
1532 255 1650 302 ue.
1698 255 1762 301 ιι.
1810 252 2022 302 mor.
2068 256 2126 302 v.

507 359 765 421 firmare
809 373 947 420 esse
993 356 1201 431 talem,
1247 355 1399 420 iicet
1442 372 1669 419 revera
1714 358 1799 419 sit
1836 355 2180 436 insipiens,
2224 354 2603 436 saxonigena
2640 358 2731 421 ad
2760 357 3111 439 morm-

508 440 736 501 tionem
775 442 838 500 et
871 438 1339 517 poenitentiam:
1382 447 1446 500 et
1489 437 1755 501 aliunde
1789 451 2013 499 omnes
2052 438 2266 500 sciunt
2299 437 2469 518 quod
2498 454 2577 500 ex
2608 438 2986 503 urbanitate
3018 453 3111 502 eo

509 521 572 581 in
617 535 767 581 casu
811 519 903 579 sic
948 518 1322 598 responderi
1371 517 1592 594 soleat,
1635 516 2116 597 quomodolibet
2155 518 2241 580 sit
2282 518 2613 582 confectus
2652 519 2865 583 cibus.

663 600 719 662 5.
765 598 882 672 Qui
926 607 1218 662 mutuum
1261 600 1506 679 accepit
1547 608 1614 661 et
1660 598 1992 672 satisfecit,
2055 599 2108 660 si
2175 607 2391 683 postea
2474 583 2709 662 iteru’m
2773 609 3119 680 urgeatur,

505 687 714 759 potest
757 695 995 758 negare
1037 680 1359 759 accepisse
1403 687 1714 755 mutuum,
1757 686 1834 742 ut
1871 694 2082 759 nempe
2122 679 2321 763 denuo
2357 677 2583 744 debeat
2608 680 2881 743 solvere.

661 760 722 822 6.
765 759 880 834 Qui
928 759 1121 822 habet
1165 775 1362 823 unum
1406 772 1634 839 panem
1682 760 1805 821 sibi
1850 761 2312 837 necessarium,
2349 760 3005 840 responderepotest
3032 776 3121 825 ee

506 838 759 903 nulium
806 840 1045 903 habere
1087 856 1203 920 pro
1246 857 1344 915 eo,
1392 842 1499 919 qui
1546 841 1708 921 petit
1750 839 2256 914 commodatum3
2299 842 2446 920 quia
2475 857 2624 904 ‚non
2674 840 2866 905 habet
2955 855 3111 905 uem

506 921 915 983 commodare
960 922 1180 1001 possit,
1227 920 1309 984 de
1354 938 1479 1000 quo
1523 921 1660 983 solo
1704 920 1816 983 ille
1860 922 2253 1000 interrogat:
2313 924 2400 985 ita
2444 921 2760 1000 De·Lugo.
2804 955 2881 968 —
2954 922 3111 986 den

419 1019 435 1036 ·
504 1002 661 1065 dicit
710 1001 1031 1064 Card'enas
1075 1001 1155 1062 de
1198 1004 1468 1081 pecunia
1515 1002 1737 1081 petita.
1788 1000 1839 1063 si
1887 1000 2150 1062 domino
2196 1003 2400 1083 ea-sit
2445 1004 2832 1065 necessaria.

666 1082 718 1145 7.
764 1080 1060 1144 Creditor
1102 1098 1180 1143 ex
1226 1084 1658 1144 instrumento
1703 1089 1913 1161 potest
1955 1097 2246 1144 asserere
2290 1097 2432 1144 cum
2495 1083 2885 1161 juramento¹
2932 1082 3108 1145 nihii

506 1161 625 1224 sibi
675 1162 975 1238 solutum,
1018 1164 1070 1223 si
1117 1177 1263 1241 pars
1308 1163 1392 1224 sit
1434 1162 1694 1241 quidem
1739 1161 1966 1237 sciata,
2010 1161 2123 1224 sed
2169 1179 2257 1241 ex,
2294 1161 2422 1225 aiio
2448 1164 2657 1242 capite
2696 1164 2834 1242 ipse
2868 1162 3111 1227 babeat

507 1241 845 1318 creditum,
888 1244 1058 1322 quod
1103 1242 1376 1322 probare
1423 1258 1548 1304 non
1598 1248 1836 1321 potes13
1886 1242 2073 1304 modo
2116 1242 2264 1305 aliis
2307 1242 2748 1306 creditoribus
2814 1245 3108 1307 anterio-

508 1322 683 1385 ribus
729 1338 854 1385 non
906 1322 1142 1385 inferat
1187 1322 1514 1397 damnum,
1564 1338 1684 1386 nec
1722 1324 1899 1400 iuret
1942 1323 2135 1385 talem
2181 1339 2493 1385 summam
2539 1324 2666 1386 sibi
2732 1323 2957 1386 deberi
3024 1336 3123 1386 ex

507 1402 621 1465 iilo
669 1405 1136 1467 instrumento:
1183 1420 1259 1466 ex
1304 1419 1427 1483 quo
1461 1411 1653 1482 patet,
1689 1403 1855 1481 quod
1894 1405 1957 1465 in
1997 1404 2175 1482 praxi
2207 1404 2317 1465 vix
2350 1403 2592 1467 babere
2624 1412 2834 1484 potest
2871 1403 3112 1467 locum.

664 1483 720 1547 8.
767 1483 882 1557 Qui
931 1484 1052 1547 fuit
1095 1493 1350 1547 coactus
1394 1483 1470 1545 ad
1519 1484 2030 1561 matrimonium,
2074 1494 2281 1562 potest
2324 1500 2622 1548 asserere
2669 1501 2802 1547 non
2847 1494 3109 1547 contra-

506 1565 697 1640 xisse,
742 1581 972 1645 nempe
1017 1563 1228 1628 libere.
1275 1563 1389 1641 Qui
1429 1579 1557 1625 non
1607 1572 1863 1627 tenetur
1907 1564 1984 1627 ad
2030 1564 2338 1644 gabeiiaS,
2388 1575 2599 1644 potest
2640 1566 2880 1643 dicere,
2909 1583 2975 1629 se
3011 1565 3107 1635 ω’·

507 1645 598 1707 hic
639 1643 829 1725 ferre,
874 1655 943 1709 ut
988 1646 1238 1708 solvere
1285 1654 1599 1707 teneatur.
1638 1644 1767 1707 Hoc
1810 1661 2005 1707 sensu
2051 1645 2227 1709 licite
2271 1646 2467 1708 etiam
2515 1645 2935 1726 proferuntur
2979 1662 3077 1708 cae

505 1727 840 1802 remoniae,
887 1726 1402 1806 protestationeS,
1446 1734 1515 1787 ut
1559 1727 1810 1788 osculor
1848 1742 2097 1800 manus,
2141 1726 2330 1807 offero
2372 1743 2465 1789 mc
2533 1726 2889 1807 famulnm;
2951 1728 3107 1807 quia

507 1823 585 1870 ex
628 1808 951 1868 communi
1001 1824 1117 1869 usu
1162 1809 1566 1886 accipiuntur
1611 1808 1705 1868 uti
1748 1807 1939 1869 verba
1985 1805 2344 1870 materialia
2392 1806 2644 1886 prolata
2723 1817 2974 1870 tantum
3020 1807 3106 1868 ad

508 1888 816 1949 honorem
864 1886 963 1949 vel
1009 1890 1085 1949 ad
1133 1886 1586 1950 urbanitatem.
1630 1886 1813 1961 Voit3
1858 1896 1922 1950 et
1964 1886 2249 1967 Liguori‚
2282 1886 2389 1968 Op.
2421 1886 2601 1965 Mor„
2636 1887 2676 1948 1.
2715 1905 2813 1963 111,
2845 1904 2954 1950 nn.
2986 1886 3125 1950 153

506 1977 571 2031 et
609 1983 807 2047 seqq„
855 1968 965 2031 ubi
1013 1968 1232 2048 plures
1275 1983 1475 2030 casus.
2078 2032 2086 2041 ‚

661 2047 721 2112 9.
763 2047 829 2110 Si
875 2049 1018 2127 quis
1065 2049 1500 2127 interrogetur
1548 2045 1629 2109 de
1675 2064 1766 2119 re,
1815 2062 2001 2126 quam
2063 2046 2272 2110 celare
2335 2047 2638 2125 expediat
2702 2046 2906 2125 (salvo
2973 2062 3111 2110 me-

505 2126 656 2188 liori
697 2129 1004 2209 consilio)
1048 2128 1446 2206 respondere
1489 2128 1747 2207 poterit,
1794 2128 1930 2189 dico
1971 2143 2116 2201 non,
2161 2128 2339 2206 quasi
2384 2128 2597 2191 dicat:
2637 2126 2892 2208 profero
2927 2126 3101 2191 hanc

501 2208 895 2350 ffirticulam
937 2210 1295 2289 neyativam
1341 2224 1488 2270 non.
1533 2206 1814 2270 Verbum
1859 2208 2033 2269 enim
2076 2208 2212 2271 dico
2256 2207 2578 2287 duplicem
2621 2222 2878 2271 sensum
2916 2210 3105 2272 exhi·

593 2298 636 2364 t,
681 2306 910 2369 nempe
955 2304 1363 2353 cummunem
1406 2304 1688 2351 asserere
1729 2287 2020 2368 aliquit&
2064 2297 2129 2351 et
2174 2289 2386 2361 miuus
2427 2303 2831 2352 communem
2871 2290 2936 2352 in
2968 2288 3111 2353 vul-

504 2371 641 2447 gari
692 2369 1012 2448 loquendo
1061 2387 1196 2445 usu,
1243 2384 1474 2447 nempe
1510 2366 1799 2447 proferre
1840 2369 2097 2448 aliquod
2136 2367 2528 2433 vocabulum.
2575 2368 2888 2433 Narrant:
2932 2395 2953 2425 ι
2999 2369 3105 2434 Un

506 2450 841 2512 vanai-elio
890 2449 1295 2530 predicatore
1341 2448 1660 2511 domando
1705 2464 1792 2511 un
1837 2449 1985 2525 tale,
2029 2450 2147 2511 che
2190 2449 2277 2527 gii
2325 2464 2558 2528 pareva
2624 2448 2728 2511 dei
2793 2467 2937 2531 suo,
2976 2466 3126 2514 ser--

504 2545 738 2593 mone:
783 2531 991 2610 questi
1041 2546 1155 2609 per
1198 2530 1521 2594 cavan-sela
1570 2531 1862 2608 rispose:
1917 2556 1942 2589 ι
1985 2529 2072 2591 Ha
2120 2532 2297 2593 detto
2338 2532 2783 2606 ottimamente,
2824 2532 3103 2612 eqreqia·

505 2634 527 2664 ι
571 2618 790 2688 mente,
833 2612 1270 2753 givinamente,
1314 2609 1715 2673 intendendo
1760 2610 1823 2671 di
1870 2609 2038 2673 dire:
2080 2609 2164 2672 Ιια
2203 2611 2372 2673 detto
2414 2616 2626 2691 ques-te
2665 2611 2882 2690 parole
2923 2611 3105 2675 nella

506 2716 527 2745 ι
572 2707 688 2754 sua
763 2709 831 2753 re
881 2706 999 2753 wa.
1030 2706 1098 2746 ·»·

666 2708 760 2835 iffi
805 2770 1211 2850 Regulariter
1256 2778 1521 2850 possunt
1563 2773 1655 2833 uti
1704 2772 2112 2832 restrictione
2159 2769 2285 2832 iate
2327 2769 2596 2834 mentali
2644 2783 2938 2850 personae
2984 2786 3100 2850 pu»

505 2849 688 2915 biicae
736 2854 1153 2931 interrogatae
1196 2850 1276 2914 de
1320 2850 1510 2914 rebus
1553 2867 1684 2913 snae
1731 2852 1877 2914 fidei
1926 2851 2305 2927 commissis
2349 2860 2420 2913 ut
2452 2853 2821 2926 secretarii,
2866 2851 3092 2927 legati,

505 2931 716 3008 duces,
763 2935 1194 3011 magistratus,
1236 2931 1548 3009 advocati,
1594 2931 1847 3004 medici,
1891 2931 2293 3007 obstetrices,
2357 2939 2476 2995 etc.
2540 2930 2608 2995 Si
2672 2935 2848 2995 enim
2916 2931 3100 3011 ejus·

461 3011 676 3073 “modi
718 3015 1008 3092 personis
1053 3013 1385 3075 commissa
1433 3012 1853 3087 violarentur,
1898 3012 2274 3090 gravissima
2320 3021 2497 3076 certe
2532 3019 2963 3093 sequerentur
3000 3013 3108 3075 in-

507 3094 852 3155 commoda.
898 3091 1192 3157 Ceterum
1237 3091 1392 3172 (non
1440 3092 1828 3172 diffitemur)
1864 3091 2063 3155 ardua
2099 3101 2197 3154 est
2227 3094 2517 3171 praesens
2544 3096 2839 3173 quaestio,
2873 3093 2938 3154 in
2973 3109 3101 3174 qua

506 3187 838 3251 possumus
883 3173 1090 3252 decipi
1142 3179 1274 3235 tum
1322 3176 1386 3235 in
1433 3173 1825 3251 assignanda
1873 3171 2156 3251 legitima
2204 3188 2417 3247 causa,
2468 3181 2602 3237 tum
2649 3174 2716 3236 in
2777 3189 3102 3253 usurpan-

507 3251 605 3314 dis
651 3252 956 3333 iegitimis
1002 3253 1304 3334 loquendi
1352 3251 1691 3327 formulis3
1732 3254 1813 3317 de
1856 3251 2027 3315 faciti
2076 3255 2249 3316 enim
2292 3256 2624 3317 restrictio
2671 3254 2796 3317 iate
2843 3262 3101 3317 menta·

507 3332 586 3394 lis
623 3349 769 3396 esse
818 3344 1026 3413 potest
1085 3349 1242 3413 pure
1284 3334 1603 3397 mentalis.
1651 3333 1858 3408 Quare
1890 3342 2083 3396 caute
2126 3333 2628 3413 procedendum,
2677 3349 2760 3396 ne
2805 3334 3121 3397 humanae

506 3414 792 3475 societati
844 3430 1201 3487 noceamuS,
1253 3429 1334 3476 ne
1378 3414 1825 3485 confusionem
1871 3413 2269 3490 inducamus,
2313 3431 2394 3478 ne
2439 3416 2814 3478 christianin
2859 3414 3110 3495 simpli·

506 3493 681 3555 citati
731 3495 1143 3575 derogemus;
1185 3493 1296 3557 sed
1341 3495 1804 3574 quoadpotest
1842 3496 1934 3558 sit
1973 3511 2171 3557 sermo
2210 3502 2447 3572 noster,
2472 3502 2596 3571 est,
2624 3501 2760 3582 est,-
2793 3511 2921 3558 non
2948 3511 3115 3559 nen.

504 3573 719 3637 Matth.
759 3592 810 3636 v.
855 3608 928 3620 -
983 3574 1043 3637 V.
1079 3574 1486 3652 Frassinetti,
1528 3575 1892 3657 Compendio
1931 3574 2099 3638 della
2150 3573 2333 3653 Psoi„
2372 3584 2420 3639 t.
2459 3594 2503 3653 t,
2546 3585 2693 3638 unta
2737 3574 2835 3639 85.
3005 3580 3012 3589 ’
3094 3582 3121 3595 “

1572 3814 1698 3895 (N)
1739 3816 1891 3898 Pap.
1936 3814 2033 3877 71.

580 4038 803 4101 24⁰.
848 4038 1097 4102 Adeunt
1140 4039 1311 4101 inter
1356 4036 1728 4103 incredulos
1768 4038 1981 4099 aetatis
2028 4044 2288 4112 nostrae,
2329 4037 2435 4115 qui
2485 4034 2794 4098 festorum
2844 4036 3103 4098 institn-

511 4121 746 4182 tionem
791 4120 1079 4183 dicteriis
1115 4121 1246 4182 suis
1293 4120 1715 4193 insectantur,
1757 4126 1821 4180 et
1861 4117 2169 4180 dixerunt
2212 4118 2287 4180 in
2339 4116 2522 4178 corde
2572 4132 2719 4178 suo:
2780 4116 3103 4196 quiesces-o

501 4199 816 4280 faciamus
856 4217 1061 4265 omnes
1094 4199 1224 4261 dies
1264 4197 1456 4277 &atos
1500 4197 1612 4259 Dei
1653 4215 1695 4259 a
1739 4204 1915 4260 terra
1948 4196 2141 4268 (Pml.
2188 4198 2438 4276 nxxm).
2487 4195 2776 4258 inaniter
2838 4205 3055 4258 tamen
3084 4215 3123 4271 ;,

504 4280 583 4343 ad
631 4281 786 4342 festa
832 4282 1002 4343 enim
1049 4278 1434 4342 celebranda
1483 4279 1581 4341 vei
1632 4281 1764 4357 ipsa
1810 4287 2040 4340 natura
2086 4280 2380 4340 homines
2444 4277 2746 4354 impetiit,
2815 4275 2981 4339 adeo
3022 4286 3103 4341 nt

504 4362 612 4439 qui
656 4359 838 4422 Festa
885 4370 1102 4422 nostra
1145 4359 1859 4437 abrogaretentarunt,
1902 4359 2024 4421 alia
2072 4358 2418 4420 debuerint
2460 4372 2494 4418 a
2542 4354 2716 4419 civili
2764 4356 2903 4434 ipsa
2935 4365 3107 4436 pote-

505 4448 669 4503 state
709 4440 1113 4502 substituere.
1156 4439 1326 4503 Sane
1368 4438 1540 4502 nulia
1575 4455 1747 4519 agens
1791 4438 2083 4513 barbara,
2120 4454 2267 4517 quae
2308 4452 2486 4499 suam
2556 4437 2963 4500 divinitatem
3010 4435 3105 4500 fe-

504 4521 621 4581 stis
666 4534 792 4580 non
835 4519 1123 4583 excotat:
1168 4522 1319 4582 hinc
1363 4521 1594 4582 merito
1640 4519 1786 4583 Pius
1828 4518 1912 4581 lx
1952 4518 2213 4597 Encyct.
2259 4515 2514 4591 Quanta
2552 4516 3105 4582 cuv-adamavit

505 4614 727 4662 eorum
768 4598 1148 4674 doctrinam,
1194 4602 1303 4679 qui
1348 4601 1534 4679 impie
1611 4600 2044 4662 renuntiant...
2092 4597 2242 4661 Esse
2272 4598 2355 4662 aa
2396 4598 2595 4661 modio
2637 4595 2979 4660 tollendam
3008 4595 3118 4659 lc·-

503 4695 638 4760 9m
679 4694 817 4759 qua·
842 4679 1035 4741 certis
1076 4678 1400 4759 aliquibus
1440 4680 1539 4742 die
1680 4696 1893 4759 ‚opera
1920 4678 2215 4754 semiue,
2229 4685 2500 4757 „propter
2538 4676 3116 4757 micanum-pro·-
