3292 5167
547 231 680 299 608
1265 248 1379 296 ue.
1422 250 1483 295 ιι.
1532 224 1746 297 rn'tcr.
1796 248 1921 297 vm.
1974 251 2125 296 mse.
2183 248 2222 295 ι.
2274 251 2404 296 cir.
2454 250 2517 296 ιι.

638 353 706 422 Si
758 354 844 422 ita
894 360 1020 435 est,
1072 357 1147 420 ut
1193 357 1394 439 patet,
1445 351 1738 421 medium
1786 351 1965 420 istud
2013 370 2147 420 non
2202 358 2422 437 potest
2471 352 2882 423 constituere
2930 368 3152 438 neque

547 480 734 529 sacra
780 463 1107 550 Scriptura
1154 477 1304 528 cum
1354 459 1560 527 multa
1607 458 1897 529 difficilia
1944 467 2010 528 et
2074 460 2357 529 obscura
2428 458 2787 541 contineat,
2865 466 2932 527 et
3008 459 3148 545 ipsa

550 568 614 635 in
668 570 979 638 omnibus
1028 566 1323 635 fidelium
1370 566 1683 635 manibus
1728 585 1857 634 non
1897 575 2219 636 versetur.
2268 570 2497 653 Neque
2542 568 2731 635 motio
2779 566 2981 661 dicim·
3020 568 3151 653 Spi-

550 676 728 757 ritus,
784 692 979 760 quam
1030 673 1225 742 nimis
1274 673 1463 743 facile
1512 673 1801 760 quisque
1849 674 2098 760 fingere
2155 680 2402 760 potest.
2449 676 2681 761 Neque
2747 694 2969 741 sens-us
3012 673 3155 761 pri-

548 794 749 865 vatus,
798 782 1091 882 alioqui-n
1144 790 1244 850 tot
1294 782 1695 851 haberemus
1744 782 2110 851 sententias
2176 790 2341 867 quot
2405 782 2637 867 capita.
2698 782 2931 867 Neque
3002 800 3153 847 exa-

549 890 741 957 minis
788 890 913 973 via,
963 897 1122 957 tunc
1169 888 1344 957 enim
1394 889 1776 974 paucissimi
1828 887 1978 956 fidei
2028 889 2339 958 veritates
2388 895 2950 975 assequerentur:
2998 904 3149 956 cum

554 997 659 1065 alii
713 997 956 1082 ingenii
1005 996 1334 1079 tarditate,
1384 997 1488 1063 alii
1536 1015 1761 1065 rerum
1810 997 2278 1082 temporalium
2344 1014 2502 1066 cura
2577 1006 2641 1065 et
2713 995 3153 1082 cupiditatum

561 1122 788 1173 amore
836 1103 917 1171 ad
964 1122 1074 1173 eas
1146 1103 1592 1190 assequendas
1664 1103 2169 1190 impedirentur.
2240 1107 2321 1172 Et
2395 1103 2494 1173 vel
2566 1104 2694 1190 ipsi
2767 1102 3153 1190 paucissimi

555 1212 828 1280 nonnisi
876 1229 1029 1279 cum
1078 1211 1366 1297 plurium
1415 1229 1718 1280 errorum
1766 1211 2192 1293 admixtione,
2244 1218 2309 1280 et
2360 1212 2470 1279 uni
2521 1210 2667 1279 aliis
2732 1211 2799 1279 in
2849 1210 3154 1297 pluribus

556 1319 1050 1401 dissentienteS,
1100 1319 1408 1399 veritates
1458 1319 1610 1388 fidei
1662 1319 1784 1388 sibi
1838 1325 2323 1405 compararent.
2375 1322 2514 1387 Hoc
2563 1327 2745 1405 patet
2795 1337 2876 1387 ex
2927 1326 3152 1405 prote-

555 1426 921 1495 stantibus:
972 1435 1135 1512 quot
1183 1427 1331 1495 lites
1381 1426 1553 1494 inter
1600 1426 1751 1495 illos
1802 1426 2022 1514 quoad
2073 1426 2211 1512 ipsa
2264 1427 2571 1513 primaria
2620 1426 2772 1495 fidei
2825 1427 3043 1512 capita
3092 1422 3151 1491 ¹!

554 1533 730 1602 unde
778 1534 996 1602 unitas
1045 1533 1198 1601 fidei
1251 1534 1424 1619 apud
1473 1534 1624 1602 illos
1676 1534 1940 1620 penitus
1989 1534 2271 1602 evanuit.
2323 1534 2690 1603 Dicendum
2764 1552 2929 1620 ergo
3004 1550 3149 1600 cum

554 1639 896 1708 catholicis
967 1640 1261 1708 medium
1312 1648 1548 1723 tutum,
1597 1640 1807 1722 facile,
1861 1640 2172 1709 omnibus
2222 1641 2490 1709 obvium
2541 1640 2621 1706 ad
2654 1639 3149 1725 cognoscendas

555 1746 864 1815 veritates
911 1747 1230 1816 revelatas
1282 1747 1344 1812 in
1381 1747 1777 1815 auctoritate
1814 1747 1949 1815 viva
1985 1764 2058 1815 ac
2093 1746 2418 1816 infallibili
2457 1746 2921 1832 reponendum
2972 1763 3155 1825 esse;

559 1862 624 1922 et
673 1873 829 1923 sane
878 1855 1090 1940 major
1135 1854 1480 1922 bominum
1532 1858 1681 1940 pa‘rs
1732 1855 1872 1923 sola
1922 1855 2175 1941 regitur
2221 1855 2616 1923 auctoritate
2651 1854 2903 1923 ².-Haec
2937 1859 3149 1921 autem

559 1963 919 2030 auctoritas
969 1964 1106 2029 viva
1157 1970 1221 2030 et
1269 1962 1627 2030 infallibilis
1680 1962 1743 2029 in
1795 1964 1977 2030 nullo
2048 1962 2174 2030 alio
2250 1962 2557 2048 reperiri·
2575 1970 2814 2048 potest.
2893 1963 3019 2029 nisi
3091 1962 3148 2029 in

558 2066 797 2136 visibili
871 2074 936 2135 et
1008 2073 1330 2154 perpetuo
1401 2067 1717 2136 Ecclesiae
1782 2068 2208 2153 magisterio;
2272 2068 2564 2137 Ecclesia
2631 2068 2806 2137 enim
2880 2067 3148 2136 dicitur:

567 2174 859 2241 columna
903 2186 959 2241 et
1003 2174 1462 2259 firmamentum
1508 2175 1807 2256 veritatis,
1857 2192 2053 2261 quam
2105 2175 2372 2261 quidem
2413 2174 2520 2259 qui
2565 2194 2692 2241 non
2738 2174 3034 2257 audierit,
3078 2172 3147 2239 sit

569 2280 681 2347 tibi
723 2284 888 2347 sicut
931 2281 1207 2348 ethnicus
1253 2291 1309 2346 et
1344 2281 1721 2367 publicanus
1768 2277 1817 2348 ⁸.
2085 2271 2092 2277 ⁴

655 2388 865 2454 893.
919 2391 991 2469 Q.
1041 2389 1101 2455 3.
1155 2386 1317 2468 Quid
1360 2399 1447 2453 est
1491 2386 1633 2474 fidei
1677 2389 2002 2476 analysis?

656 2495 727 2561 R.
775 2493 1078 2580 Analysis
1127 2512 1246 2562 seu
1294 2493 1616 2561 resolutio
1666 2494 1817 2563 fidei
1871 2501 1971 2563 est
2021 2495 2369 2580 inquisitio
2435 2494 2937 2580 principiorum,
3007 2512 3145 2579 quae

566 2619 916 2670 assensum
961 2600 1111 2670 fidei
1162 2600 1623 2670 determinant.
1663 2605 1800 2683 Qua
1837 2601 2105 2688 quidem
2154 2602 2221 2669 in
2257 2621 2326 2670 re
2361 2601 2841 2670 animadverte:
2894 2600 3144 2686 quando

525 2709 926 2792 ‚credimus,
974 2729 1030 2776 v.
1081 2727 1163 2794 g.,
1213 2716 1348 2778 tres
1397 2708 1460 2775 in
1511 2712 1652 2777 Deo
1703 2728 1852 2777 esse
1900 2712 2250 2791 Personas,
2301 2707 2450 2779 ideo
2502 2726 2624 2776 nos
2672 2707 2947 2777 credere
2994 2707 3148 2775 dici-

572 2835 723 2884 mus
773 2816 986 2885 divina
1036 2824 1269 2902 agente
1318 2817 1545 2903 gratia,
1596 2816 1749 2903 quia
1799 2817 1865 2885 id
1911 2821 2089 2887 Deus
2125 2817 2434 2886 revelavit
2470 2816 2534 2884 in
2571 2816 2975 2902 Scripturis3
3008 2814 3149 2885 ideo

568 2943 728 2993 vero
777 2943 900 2992 nos
949 2924 1218 2993 credere
1267 2925 1394 2993 boc
1442 2925 1804 2993 revelatum
1854 2925 1918 2992 in
1970 2924 2354 3011 ScripturiS,
2421 2923 2572 3010 quia
2646 2924 2808 2991 illud
2882 2930 3153 2992 testatur

567 3031 895 3113 Ecclesia;
948 3031 1096 3101 ideo
1146 3031 1411 3101 demum
1463 3051 1581 3101 nos
1630 3033 2018 3101 testimonio
2066 3033 2382 3101 Ecclesiae
2455 3038 2600 3100 tuto
2650 3033 2850 3101 fidem
2902 3033 3148 3113 babere,

567 3140 721 3225 quia
771 3139 1062 3208 Ecclesia
1110 3139 1252 3225 ipsa
1302 3157 1422 3225 pro
1513 3158 1585 3207 se
1635 3139 1833 3208 babet
1901 3141 2117 3209 omnia
2189 3140 2644 3209 credibilitatis
2714 3146 2914 3225 atque
2984 3140 3155 3208 infal-

569 3246 891 3316 libilitatis
940 3247 1181 3314 motiva
1231 3248 1281 3314 ⁴.
1330 3248 1532 3315 Actus
1582 3265 1742 3332 ergo
1774 3259 1778 3263 ·
1810 3248 1962 3317 fidei
2039 3265 2334 3334 quinque
2406 3248 2768 3334 importat:
2813 3248 3151 3316 veritatem

574 3354 948 3437 revelatam,
999 3354 1461 3430 auctoritatem
1507 3355 1625 3422 Dei
1663 3356 2034 3438 revelantiS,
2069 3354 2434 3425 Ecclesiam
2476 3363 2989 3441 proponentem,
3024 3373 3149 3423 mo·

573 3460 702 3528 tiva
751 3460 1210 3530 credibilitatis
1259 3460 1340 3529 de
1387 3462 1741 3531 veracitate
1789 3463 2105 3531 Ecclesiae
2156 3480 2279 3532 nos
2329 3469 2510 3531 tutos
2578 3461 2941 3545 reddentia,
3017 3470 3151 3531 tan-

635 3707 659 3746 1
699 3709 760 3757 V.
790 3706 1032 3767 Bossuet,
1065 3707 1236 3759 storia
1260 3708 1388 3758 delle
1419 3708 1707 3759 variazioni
1737 3708 1865 3759 delle
1901 3709 2069 3760 Chiese
2100 3709 2179 3760 αι’
2196 3710 2535 3771 protestatum
2567 3731 2631 3745 —·
2657 3707 2907 3768 Moebler,
2930 3708 3011 3759 La
3041 3707 3153 3758 Sin·

569 3769 751 3830 betica,
786 3769 931 3820 ossia
965 3770 1289 3831 Exposizione
1319 3769 1448 3821 delle
1479 3772 1684 3821 antitesi
1716 3772 2056 3823 dommattche
2089 3776 2176 3823 tra
2209 3774 2227 3822 i
2259 3772 2488 3822 caetotici
2538 3769 2599 3819 ed
2648 3771 2666 3820 ι’
2708 3772 3065 3833 protendam·
3100 3794 3157 3807 -

571 3831 753 3893 Nax-di,
789 3832 1039 3882 Etcnwnti
1070 3833 1121 3882 di
1153 3833 1331 3884 diruto
1363 3832 1718 3893 ecclesiastice,
1754 3833 1806 3905 §5
1837 3837 1930 3886 266
1965 3834 2017 3884 et
2048 3845 2234 3897 seqq.:
2274 3833 2478 3896 &rimae
2513 3833 2707 3884 storica
2753 3845 2779 3883 e
2832 3835 3154 3885 ωειὶεκπίοιιε

569 3896 698 3946 delle
729 3898 855 3945 secte
885 3895 1201 3954 eterodosse,·
1236 3919 1301 3932 -
1332 3896 1524 3946 Annali
1557 3896 1811 3958 Relicto-³1,
1847 3898 1951 3947 vol.
1984 3908 2022 3957 1,
2056 3907 2158 3947 ser.
2197 3897 2268 3957 1⁸,
2303 3898 2399 3947 art.
2432 3909 2445 3947 ε
2480 3896 2525 3945 Il
2554 3898 2814 3957 principio
2842 3899 3155 3958 protestante

570 3958 622 4009 di
654 3957 935 4019 appetem-si
966 3958 1075 4008 atla
1104 3968 1259 4007 sacra
1287 3957 1547 4008 Scrittura
1575 3960 1858 4008 sooner-sivo
1900 3958 2038 4009 della
2075 3958 2312 4010 doctrina
2360 3961 2699 4019 protestante,
2734 3971 2761 4008 e
2793 3970 2850 4008 co
2860 3956 3156 4020 nsermatioo

571 4020 707 4070 della
737 4019 846 4083 sede
874 4020 1131 4077 cannuca,
1166 4030 1272 4081 ecc.
1309 4044 1372 4056 —
1403 4021 1654 4081 Perrone,
1687 4020 1842 4071 Proet.
1885 4021 2073 4081 Theoi„
2109 4019 2174 4071 de
2208 4020 2338 4070 locis
2372 4019 2530 4072 theol.
2564 4046 2630 4058 —
2663 4021 2736 4070 La
2770 4020 2965 4072 Civictci
2999 4021 3153 4074 caun-

572 4084 693 4141 ιὲικι,
727 4094 829 4133 ser.
864 4082 938 4141 3²,
981 4082 1086 4131 vol.
1126 4093 1212 4133 ix:
1248 4081 1603 4132 L'Assemblea
1635 4085 1877 4133 canocice
1907 4095 1933 4132 e
1967 4084 2013 4133 te
2043 4082 2323 4133 Assemotee
2354 4081 2661 4143 etei-odom,
2693 4093 2824 4143 ecc„
2854 4095 2967 4134 ecc.
2989 4083 3154 4133 —Ve

572 4145 778 4203 roniuS,
815 4144 885 4194 De
917 4145 1097 4205 recula
1127 4143 1244 4207 fidei
1276 4145 1555 4194 catholicoe.
1588 4170 1653 4181 —
1685 4144 2044 4204 chrismam,
2080 4146 2270 4206 Rectam
2301 4145 2419 4207 fidei
2446 4144 2724 4196 catholicoe.

636 4205 660 4247 ²
695 4207 822 4267 Quoe
856 4206 1148 4263 auctoritas
1177 4204 1469 4257 libertatem
1497 4217 1608 4257 non
1638 4205 1895 4259 destruit:
1935 4207 2103 4268 Quem
2133 4218 2258 4258 sono
2305 4208 2789 4259 intellectuatmentc
2822 4205 2923 4270 piu
2955 4206 3159 4279 liba-in

678 4270 714 4319 li
745 4270 917 4319 hanno
952 4271 969 4321 i
1000 4270 1161 4319 mezzi
1186 4268 1281 4329 piu
1308 4267 1451 4330 [ασὶιί
1479 4280 1575 4329 per
1606 4272 1813 4320 trovare
1849 4271 1902 4319 ια
1934 4268 2095 4320 varied
2116 4283 2141 4329 ;
2166 4282 2275 4320 non
2307 4271 2480 4321 coloro
2512 4268 2604 4320 che
2635 4270 2809 4321 hanno
2850 4269 2907 4319 la
2941 4278 3159 4332 maceror
3270 4266 3271 4279 ¹

593 4329 756 4382 ibex-tc
784 4331 928 4381 mua
957 4332 1158 4381 ricerca
1189 4332 1320 4381 detta
1349 4330 1523 4387 ,verita
1553 4333 1630 4381 coi
1664 4331 1776 4381 toro
1803 4334 1990 4393 propri
2022 4334 2201 4382 mezzi.
2236 4330 2315 4383 Ad
2348 4342 2462 4383 rem
2512 4333 2703 4384 auctor
2749 4330 2893 4389 libri,
2947 4330 3158 4391 Quaem)

574 4395 702 4443 anni
732 4393 786 4442 di
814 4393 1109 4465 esperienza
1139 4394 1275 4443 della
1308 4394 1562 4456 Reliaione
1593 4394 1852 4452 cattolica,
1887 4404 1931 4444 c.
1968 4405 2052 4446 tv:
2092 4396 2167 4444 La
2194 4393 2445 4446 schiavitit
2474 4393 2555 4444 del
2622 4396 3028 4445 remeanti-emo.

639 4454 661 4494 ⁸
696 4468 730 4515 ι,
768 4455 903 4505 Tun.
942 4466 1033 4517 ιιι;
1068 4456 1121 4507 et
1152 4455 1332 4507 Mattb.
1369 4466 1522 4529 xviu.
1555 4456 1716 4527 —·V.
1753 4456 2012 4529 Martinet,
2046 4456 2216 4508 Fitoso
2256 4470 2292 4508 a
2321 4458 2403 4508 det
2435 4460 2547 4508 cate
2618 4460 2626 4468 ‘
2770 4457 3025 4514 cattouco,
3058 4454 3096 4507 l.
3124 4465 3156 4515 1,

576 4516 1490 4631 qulmlfficrffiffibodogffiunsescgsslgs
1505 4519 1952 4653 ‘gng‘fssffi‘gffss’
1976 4529 2157 4654 fcffigm
2190 4518 2700 4632 fldgitrffignabilem
2726 4578 2877 4631 iacile
2899 4575 3158 4630 deducun-

576 4642 678 4694 tur.
716 4638 843 4692 Vide
875 4641 1177 4713 exemplum
1211 4642 1355 4704 apud
1390 4642 1609 4701 Gaume,
1646 4641 1957 4694 Cauchtsmo
1988 4643 2043 4693 di
2068 4655 2464 4705 persever-anza,
2501 4644 2642 4706 93⁸,
2666 4644 2762 4693 lez.
2792 4653 2927 4692 xvn.
2959 4666 3024 4679 —
3045 4639 3160 4692 liol-

575 4703 767 4765 denuS,
801 4703 872 4753 De
903 4703 1021 4763 fidet
1054 4703 1348 4755 christiana:
1378 4706 1709 4755 resolutione.
