3292 5167
340 452 1205 596 LIBER
1291 366 2773 600 SEGUNDUS

846 789 1590 908 tutemus
1667 787 2244 907 οῦΤΑνυὸ

762 1019 900 1109 DE
954 1017 1602 1111 vffltrutrfflus
1664 1018 2354 1112 THEOLOGIGIS

342 1482 475 1545 Etsi
507 1482 795 1548 Virtutes
840 1480 1218 1562 theologicae
1263 1482 1466 1547 Deum
1511 1485 1882 1550 immediate
1925 1485 2308 1566 respiciant3
2350 1493 2631 1548 attamen
2678 1484 2853 1547 inter

262 1581 582 1661 principia
620 1587 875 1644 actuum
922 1580 1348 1643 humanorum
1393 1579 1748 1646 allicientia
1783 1585 1907 1647 rite
1944 1592 2329 1648 revocantur
2373 1581 2596 1664 (prout
2631 1580 2861 1645 Virtu-

265 1670 362 1725 tes
395 1660 720 1742 morales),
750 1678 894 1725 cum
924 1661 1258 1723 bominum
1301 1662 1590 1725 actiones
1620 1664 1700 1726 ad
1735 1664 1792 1727 le
1842 1666 1894 1727 is
1923 1679 2219 1727 normam
2249 1665 2404 1745 ipsae
2437 1678 2689 1745 quoque
2723 1661 2858 1725 alli·

265 1742 461 1818 ciant,
508 1757 860 1823 eorumque
904 1741 1302 1807 voluntatem
1345 1753 1704 1820 provocent
1744 1682 1836 1810 ac}
1879 1745 2138 1809 bonum.

1177 2113 1972 2233 PRAEAMBULA.

363 2455 572 2520 888.
627 2453 696 2532 Q.
748 2454 805 2519 l.
859 2451 1021 2533 Quid
1064 2463 1151 2520 est
1195 2452 1398 2520 virtus
1449 2453 1834 2537 moloqica,
1881 2463 1937 2517 et
1982 2470 2071 2518 an
2111 2452 2468 2519 necessaria
2483 2457 2516 2518 ?

351 2559 422 2626 R.
467 2557 566 2626 Ad
616 2561 686 2625 l:
734 2557 960 2629 Virtus
1031 2557 1407 2643 theologica
1455 2563 1558 2627 est
1605 2558 1814 2626 virtus
1882 2556 2122 2641 infusa,
2174 2575 2325 2643 quae
2401 2575 2524 2644 pro
2598 2557 2864 2643 objecto

263 2684 389 2735 suo
436 2664 819 2735 immediato
866 2664 1180 2753 primario
1214 2667 1415 2736 habet
1447 2669 1663 2735 Deum
1696 2667 1793 2735 uti
1827 2674 2170 2735 auctorem
2214 2667 2442 2751 gratiae
2493 2671 2559 2735 et
2609 2665 2864 2752 gloriae.

263 2772 522 2841 Dicitur
550 2774 784 2859 infusa,
836 2772 988 2858 quia
1037 2773 1216 2842 illam
1247 2777 1414 2842 Deus
1453 2775 1525 2841 in
1553 2775 1733 2842 nobi-s·
1763 2785 2083 2861 operatur,
2117 2792 2268 2842 cum
2302 2772 2586 2858 gratiam
2624 2772 2869 2842 sancti·

261 2879 572 2949 ficantem
619 2880 813 2949 nobis
863 2881 1099 2967 tribuit
1144 2891 1202 2963 ¹3
1262 2888 1328 2951 et
1384 2881 1511 2950 hoc
1559 2889 1755 2969 pacto
1805 2881 2242 2968 distinguitur
2288 2898 2324 2948 a
2377 2880 2618 2949 virtute
2680 2887 2868 2949 natu-

263 2987 411 3071 rali,
461 3005 613 3073 quae
662 2994 887 3074 potest
935 2988 1325 3056 naturaliter
1371 2988 1656 3074 acquiri.
1706 2989 1942 3057 Differt
1991 2990 2189 3058 etiam
2238 2995 2379 3057 tum
2422 3005 2459 3056 a
2503 2987 2866 3073 Religione,

268 3095 421 3181 quia
469 3096 614 3164 haec
661 3095 912 3165 directe
961 3114 1095 3164 non
1144 3096 1347 3165 habet
1396 3115 1517 3182 pro
1567 3114 1693 3165 suo
1743 3097 2008 3183 objecto
2085 3098 2317 3179 Deum,
2368 3095 2487 3164 sed
2533 3095 2677 3181 eJus
2723 3096 2868 3164 cul-

275 3207 461 3285 tum,·
523 3210 663 3271 tum
714 3220 750 3269 a
792 3202 1033 3272 ceteris
1080 3203 1458 3273 Virtutibus
1505 3203 1901 3287 moralibus,
1948 3222 2234 3290 quarum
2303 3203 2463 3272 item
2532 3203 2868 3288 objectum

281 3307 737 3378 immediatum
761 3308 1095 3377 diversum
1134 3314 1256 3393 est,
1290 3327 1442 3378 cum
1476 3310 1579 3378 bae
1610 3327 1832 3378 mores
1865 3309 2245 3396 respiciant,
2279 3310 2404 3378 etsi
2442 3308 2680 3377 ultimo
2716 3326 2868 3378 cum

267 3415 633 3484 moralibus
682 3414 1114 3499 concordent,
1158 3433 1240 3485 eo
1303 3415 1485 3502 quod
1529 3415 1820 3484 bominis
1868 3416 2165 3485 actiones
2216 3415 2298 3483 ad
2344 3432 2646 3485 normam
2701 3414 2869 3501 legis

268 3520 616 3606 aequaliter
660 3521 976 3591 alliciant.

325 3610 430 3696 'R.
478 3627 577 3696 Ad
624 3629 702 3695 2:
752 3629 920 3697 Cum
966 3627 1319 3712 Angelico;
1377 3627 1585 3697 virtus
1632 3627 2016 3714 theologica
2069 3635 2171 3697 est
2219 3628 2520 3717 profecto
2567 3645 2871 3697 necessa-

268 3736 384 3803 ria.
452 3738 619 3805 Nam
686 3754 836 3804 cum
886 3735 1090 3804 homo
1141 3735 1368 3804 tendat
1425 3753 1545 3823 per
1593 3737 1903 3805 virtutem
1976 3737 2042 3805 in
2107 3736 2590 3807 beatitudinem
2659 3753 2868 3819 suam,

133 3924 146 3939 „
267 3859 554 3929 cumque
601 3843 844 3929 duplex
915 3842 1002 3909 sit
1072 3841 1366 3911 hominis
1438 3842 1807 3927 beatitudo,
1870 3844 2074 3913 altera
2146 3845 2486 3927 naturalis,
2540 3841 2623 3909 ad
2671 3859 2868 3928 quam

265 3951 615 4038 pervenire
662 3950 808 4037 ipse
856 3955 1083 4037 potest
1131 3966 1254 4037 per
1301 3950 1614 4019 virtutem
1664 3958 1919 4020 naturae
1970 3969 2112 4021 suae
2138 3977 2157 4034 ;
2205 3952 2409 4021 altera
2453 3968 2610 4019 vero
2655 3969 2872 4037 super-

263 4061 600 4143 naturalis,
649 4057 732 4127 ad
778 4075 977 4145 quam
1025 4056 1296 4143 quidem
1343 4058 1885 4145 consequendam
1934 4078 2054 4129 sua
2105 4059 2392 4129 naturali
2443 4058 2687 4127 virtute
2735 4076 2867 4126 non

266 4167 547 4249 sufficit,
593 4165 743 4236 ideo
792 4182 1069 4235 necesse
1117 4170 1241 4247 est,
1292 4172 1367 4233 ut
1414 4166 1669 4234 homini
1720 4166 2034 4236 divinitus
2085 4165 2623 4252 superaddantur
2669 4166 2872 4234 virtu·

266 4283 371 4346 tes
417 4276 977 4364 supernaturales,
1027 4273 1257 4362 quales
1306 4280 1464 4344 sunt
1513 4274 1963 4361 Theologicae‚
2000 4275 2247 4363 quibus
2297 4275 2362 4342 in
2412 4273 2614 4342 finem
2650 4275 2872 4360 ipsum

269 4382 354 4452 ad
387 4381 866 4453 beatitudinem
904 4380 1503 4469 supernaturalem,
1537 4380 1620 4450 ad
1654 4399 1854 4468 quam
1888 4389 1990 4451 est
2022 4385 2232 4471 apDeo
2267 4379 2685 4466 sublimatus,
2728 4389 2873 4451 ten-

270 4489 429 4561 dere
474 4497 542 4559 et
589 4489 938 4577 pervenire
985 4488 1198 4559 valeat
1245 4484 1298 4558 ².

333 4719 354 4761 ¹
390 4716 781 4780 Tridentium
813 4729 949 4771 sess.
981 4728 1055 4781 vt,
1088 4728 1133 4770 c.
1169 4716 1200 4768 '7
1229 4717 1292 4770 de
1322 4719 1386 4770 R.
2009 4718 2034 4760 ²
2075 4720 2124 4780 i,
2156 4721 2205 4780 2,
2241 4730 2297 4783 q.
2333 4720 2501 4783 62,.a.
2538 4723 2587 4773 2.
