3292 5167
1234 337 1312 383 nn
1359 336 1603 383 simonia
2594 318 2719 385 147
2824 328 2835 341 ‘

179 445 280 508 sine
312 440 634 506 taxatione
670 439 873 524 gyratis
918 439 1191 506 oblatum
1244 438 1291 508 ¹.
1339 438 1585 524 Excipe
1632 455 1714 506 ex
1760 437 2081 507 canonico
2127 442 2283 507 Jure
2331 440 2507 525 qnod
2549 442 2721 510 reci-

183 548 313 635 pitur
351 545 706 614 occasione
755 544 1073 614 examinis
1122 545 1202 612 ad
1250 545 1659 627 parochiam,
1712 544 1811 612 vel
1864 543 2183 612 ordinum
2233 546 2627 615 collationis,

308 656 361 720 2.
406 653 684 734 Quando
735 661 886 738 post
933 660 1278 738 acceptum
1326 652 1670 738 spirituale
1706 652 1901 719 datur
1940 651 2189 738 aliquid
2225 654 2590 738 temporale
2641 673 2717 723 ex

175 761 282 841 sela
315 758 505 826 animi
559 759 964 844 gratitudine
1015 766 1327 846 tanquam
1376 777 1634 827 merum
1679 759 1949 841 donum,
1985 757 2163 844 quod
2204 761 2449 828 nullam
2487 770 2718 847 potne-

174 868 234 935 rit
270 867 386 933 vim
437 885 754 936 exercere
801 869 867 935 in
918 867 1210 935 animum
1260 866 1688 935 concedentis
1738 884 1876 934 rem
1910 864 2356 951 spiritualem
2397 869 2715 937 motivum

170 974 300 1042 euim
345 972 767 1058 gratitudinis
816 981 917 1042 est
966 973 1284 1041 motivum
1333 972 1617 1054 virtutis,
1670 972 1846 1040 unde
1890 971 2174 1039 simonia
2212 991 2345 1040 non
2380 982 2500 1042 est.
2552 975 2715 1043 Hinc

166 1080 477 1150 simoniaca
525 1099 660 1149 non
709 1089 864 1149 sunt
913 1098 1183 1149 munera
1233 1100 1266 1148 a
1315 1081 1704 1167 parentibus
1753 1079 2048 1166 praestita
2088 1081 2400 1149 Parochis
2449 1088 2559 1149 aut
2607 1099 2717 1151 eo·

166 1205 274 1254 rum
314 1187 608 1269 Vicat-iis,
660 1188 770 1273 qui
821 1187 1119 1273 ipsorum
1153 1186 1325 1256 filios
1359 1188 1425 1254 in
1461 1187 1588 1255 fide
1615 1185 2038 1269 erudierunt,
2073 1185 2155 1253 ad
2195 1187 2472 1272 primam
2525 1189 2717 1256 Com·

166 1295 504 1361 munionem
553 1293 839 1362 sollicite
890 1301 1222 1379 pararunt.
1271 1295 1520 1379 Excipe
1569 1312 1854 1379 semper,
1907 1294 1963 1361 si
1990 1293 2188 1361 etiam
2222 1301 2461 1380 sponte
2495 1294 2713 1362 oblata

165 1400 408 1467 Ecclesia
460 1400 808 1486 prohibeat
861 1402 1180 1485 accipere,
1233 1410 1305 1468 ut
1354 1401 1681 1484 contingit
1730 1419 1807 1469 ex
1850 1402 1986 1487 jam
2034 1399 2227 1468 dictis
2277 1401 2340 1468 in
2393 1401 2712 1469 ordinum

163 1506 492 1588 collatione,
547 1515 612 1574 et
661 1507 972 1575 Beneficii
1028 1507 1423 1594 parochialis
1473 1508 1799 1577 examine.
1872 1554 1881 1601 ;

302 1616 357 1681 3.
405 1614 680 1696 Quando
731 1614 976 1701 aliquid
1028 1615 1388 1700 temporale
1437 1614 1628 1681 datur
1676 1616 1991 1685 Ecclesiae
2041 1614 2362 1683 ministris
2413 1632 2530 1699 per
2579 1631 2712 1681 mo-

162 1721 284 1789 dum
325 1722 630 1805 stipendii
683 1720 764 1789 ad
812 1722 1156 1791 honestam
1206 1725 1761 1791 sustentationem
1806 1743 1925 1808 pro
1977 1725 2182 1793 sacris
2232 1721 2733 1803 functionibn3,·

161 1829 354 1909 liissis,
403 1830 768 1911 funeribuS,
812 1830 1406 1910 benedictionibus
1461 1838 1618 1900 etc.:
1672 1849 1821 1899 nam
1874 1832 2179 1900 Dominae
2231 1831 2546 1897 ordinavit
2607 1829 2707 1911 iis,

159 1938 242 2020 qui
283 1939 679 2023 Euangelium
727 1940 1126 2019 annuntiant,
1178 1939 1249 2003 de
1296 1940 1636 2024 Evangelio
1684 1940 1889 2006 vivere
1935 1945 1988 2006 ².
2035 1943 2117 2007 Et
2182 1939 2334 2009 licet
2397 1937 2707 2004 sacerdos

161 2042 440 2113 mediante
480 2045 839 2131 stipendio,
883 2064 955 2112 se
1004 2046 1250 2130 obliget
1298 2046 1378 2113 ad
1427 2046 1918 2128 ceiebrandum,
1968 2046 2050 2113 ad
2083 2044 2541 2125 funerandum,
2596 2047 2707 2113 be·

163 2151 571 2234 nedicendum,
621 2159 746 2220 etc.
797 2171 926 2220 non
977 2152 1125 2220 ideo
1176 2162 1538 2222 commutat
1591 2138 1955 2239 temporale
2028 2155 2093 2220 in
2159 2152 2539 2238 spirituale;
2588 2150 2707 2220 sed

164 2258 214 2325 in
253 2268 492 2345 pactum
540 2259 811 2328 deducit
857 2261 1315 2330 tantummodo
1359 2262 1614 2348 justum
1664 2262 2070 2347 stipendium
2119 2278 2153 2327 a
2204 2264 2341 2328 Deo
2381 2269 2447 2328 et
2482 2259 2705 2329 Eccle-

165 2364 238 2430 sia
275 2365 383 2434 sibi
430 2378 851 2435 concessum.
902 2368 1278 2453 Spiritualia
1331 2369 1505 2436 enim
1555 2368 1800 2437 debent
1848 2368 2292 2436 administrari
2344 2366 2566 2452 gratiS,
2616 2367 2704 2434 ita

169 2477 337 2540 tamen
383 2481 454 2541 ut
502 2493 634 2542 non
688 2474 1078 2542 excludatur
1120 2476 1230 2561 jus
1285 2476 1820 2544 sustentationis,

303 2584 356 2647 li.
403 2582 834 2649 Consuetudo
883 2582 1192 2666 legitima,
1245 2601 1394 2669 quae
1446 2583 1574 2651 vim
1625 2582 1788 2668 legis
1838 2583 2127 2651 obtinet:
2205 2580 2356 2648 hinc
2426 2579 2705 2648 Benedi-

167 2692 280 2754 ctus
317 2690 451 2758 xiv
486 2688 605 2773 ait,
656 2690 1142 2774 praestationes,
1194 2709 1357 2776 quas
1407 2691 1720 2759 Canonici
1773 2689 1853 2757 ad
1901 2689 2399 2776 possessionem
2434 2688 2700 2756 admissi

166 2793 400 2880 solvunt,
445 2796 501 2863 si
535 2796 861 2883 antiquas
896 2813 1027 2863 non
1062 2798 1249 2866 facile
1285 2798 1772 2883 improbandas,
1813 2796 1892 2864 ad
1932 2797 2180 2883 majora
2215 2795 2380 2864 mala
2422 2793 2700 2863 vitanda.

304 2904 357 2968 5.
402 2902 675 2984 Quando
727 2903 1092 2988 temporale
1138 2906 1332 2972 datur
1378 2925 1498 2992 pro
1546 2907 1775 2974 labore
1822 2906 2218 2988 extrinsec0,
2268 2903 2378 2989 qui
2432 2921 2550 2989 per
2600 2919 2704 2970 ac-

170 3005 347 3075 cidens
392 3017 642 3078 tantum
685 3012 1089 3098 conjugatur
1135 3031 1288 3080 cum
1337 3032 1408 3083 re
1455 3031 1661 3096 sacra,
1712 3012 1800 3079 ita
1852 3020 1923 3079 ut
1971 3012 2167 3081 etiam
2217 3012 2361 3079 sine
2434 3028 2512 3078 eo
2584 3008 2704 3077 mi-

173 3110 460 3182 nisterium
508 3129 775 3185 sacrum
812 3118 947 3186 sive
995 3118 1245 3186 functio
1282 3120 1642 3205 spiritualis
1679 3119 1891 3186 adhuc
1931 3119 1994 3185 in
2029 3136 2100 3186 se
2136 3117 2347 3203 possit
2380 3115 2702 3196 exerceri3

174 3218 300 3289 bene
341 3225 513 3291 enim
559 3230 785 3310 potest
833 3225 1142 3310 separari,
1192 3244 1348 3311 ergo
1399 3233 1464 3294 et
1500 3227 1835 3295 aestimari.
1885 3229 2078 3293 Esset
2104 3232 2334 3314 cantus
2384 3223 2449 3291 in
2485 3224 2702 3306 Missa,

181 3325 396 3416 longum
446 3334 571 3401 iter
614 3353 736 3419 pro
786 3335 986 3401 Sacro
1037 3335 1430 3403 celebrando
1481 3336 1545 3426 in
1596 3335 1749 3402 dato
1791 3333 2039 3420 templo
2091 3331 2141 3399 ³.

305 3442 359 3507 6.
401 3443 688 3509 Excusat
735 3441 1102 3527 redemptio
1147 3443 1233 3510 ab
1281 3443 1521 3528 injusta
1603 3442 1982 3510 vexatione:
2044 3441 2299 3509 vexatio
2357 3440 2528 3508 circa
2594 3439 2702 3525 jus

173 3553 420 3615 nostrum
464 3554 568 3614 est
615 3546 777 3633 quid
825 3548 1186 3633 temporale
1234 3548 1413 3634 quod
1463 3547 1921 3633 temporaliter
1970 3546 2204 3616 redimi
2256 3552 2498 3633 potest.

235 3654 386 3718 m.
434 3658 504 3737 Q.
558 3657 618 3723 7.
667 3658 768 3724 An
814 3668 1060 3723 excuset
1110 3677 1152 3723 a
1197 3658 1466 3723 simonia
1512 3657 1844 3743 redemptio
1891 3657 1969 3723 ab
2030 3657 2266 3742 injusta
2328 3654 2703 3721 vematione?

233 3758 288 3825 R.
330 3762 405 3829 Ut
448 3779 554 3829 res
618 3761 790 3829 bene
862 3761 1283 3847 percipiatur,
1353 3761 1501 3830 duae
1553 3763 1659 3830 hic
1725 3761 2209 3848 praemittendie
2274 3769 2429 3829 sunt
2500 3759 2701 3844 hypo-

181 3861 371 3934 theses.
416 3871 645 3938 Potest
687 3869 932 3955 injuste
981 3868 1218 3955 aliquis
1268 3870 1505 3952 vexari,
1554 3869 1653 3938 vel
1703 3871 1766 3937 iu
1818 3870 1964 3956 ipso
2003 3870 2154 3956 jure
2203 3867 2527 3955 spirituali
2563 3866 2700 3952 jam

216 4142 232 4183 ¹
258 4146 305 4198 C.
333 4161 439 4201 xxx
467 4151 527 4201 de
559 4152 677 4203 εἰηι.
717 4150 962 4202 Diximus
993 4152 1102 4203 sine
1133 4154 1243 4203 ulto
1274 4154 1375 4204 sive
1404 4154 1642 4217 explicito
1674 4155 1776 4204 sive
1806 4153 2050 4215 implicito
2080 4155 2274 4214 pacto‚·
2310 4147 2378 4199 ad
2412 4148 2699 4200 simoniam

175 4206 276 4258 nim
297 4211 537 4264 sufficeret
570 4216 787 4277 pactum
820 4215 978 4264 etiam
1011 4215 1275 4267 intentum
1308 4215 1376 4266 ab
1408 4228 1518 4267 una
1557 4218 1765 4267 tanturn
1802 4218 1968 4278 parte,
2003 4225 2175 4276 neque
2207 4212 2275 4262 ab
2328 4212 2494 4261 altera
2526 4212 2701 4284 cogni·

175 4266 276 4341 lum-z
301 4272 396 4324 irno
423 4277 581 4326 etiam
614 4276 859 4327 absolute
891 4277 1159 4338 rejectum,
1195 4281 1349 4340 prout
1381 4279 1595 4342 contigit
1624 4279 1679 4328 in
1714 4279 1850 4328 iacto
1886 4277 2117 4327 Simonis
2153 4276 2303 4337 Magi.
2339 4274 2400 4322 ln
2428 4272 2596 4324 dubio
2627 4284 2696 4324 an

179 4333 293 4437 {ntis
320 4335 588 4406 temporale
620 4339 691 4389 sit
725 4337 1000 4399 tributum,
1047 4340 1330 4403 pensandae
1379 4343 1506 4392 sunt
1554 4340 1970 4393 circumstantias
2017 4340 2285 4400 temporiS,
2348 4346 2587 4398 personae
2636 4347 2699 4386 ac

203 4394 297 4450 ⁰⁰¹:
321 4409 358 4447 si
387 4402 539 4459 enini,
574 4411 628 4450 v.
665 4411 738 4462 g.‚
774 4400 1040 4452 tribuatur
1073 4414 1154 4452 res
1187 4405 1389 4465 ingene,
1429 4413 1461 4452 a
1495 4413 1724 4465 persona
1759 4402 1948 4462 tenaci,
1985 4400 2163 4462 paullo
2186 4403 2310 4450 ante
2328 4396 2572 4449 Beneficii
2594 4399 2695 4450 coi·

178 4450 366 4509 lationem
396 4463 577 4514 merito
612 4461 834 4513 ‘udicari
905 4464 1043 4514 otest
1072 4463 1391 4515 intervenire
1424 4465 1731 4514 simoniam.

220 4514 240 4554 ²
260 4529 290 4578 ι,
314 4521 418 4573 cor.
448 4534 520 4574 rx.
562 4527 595 4574 v
621 4524 688 4576 de
726 4526 779 4576 ι..
810 4537 825 4575 ι
939 4527 1063 4590 jure
1092 4529 1253 4585 stoloe,
1287 4527 1438 4577 tract.
1474 4538 1509 4576 ιι
1540 4527 1596 4575 in
1630 4525 1752 4575 fine.

218 4577 718 4651 &liter-dicendum,
752 4587 797 4637 si
832 4591 1072 4648 ageretur
1101 4588 1168 4638 de
1199 4589 1381 4639 labore
1413 4587 1513 4649 ipsi
1548 4588 1622 4638 rei
1659 4597 1825 4637 sacrae
1861 4585 2169 4644 intrinseco,
2204 4586 2318 4636 sine
2376 4596 2485 4650 quo
2538 4584 2691 4634 mini·

179 4638 341 4695 sunum
366 4649 629 4710 spirituale
661 4650 894 4700 exerceri
931 4662 1037 4701 non
1073 4652 1267 4713 posset,
1304 4650 1380 4701 uti
1413 4651 1551 4701 esset
1583 4648 1971 4699 vocabulorum
2027 4649 2390 4710 pronuntiatio
2426 4648 2480 4697 in
2515 4646 2693 4697 Sacra·

180 4707 411 4758 mentorum
441 4712 774 4762 coniectione
805 4715 855 4763 et
887 4712 1195 4765 collatione:
1231 4713 1359 4775 quia
1391 4711 1542 4762 labor
1572 4711 1673 4761 iste
1709 4723 1815 4761 non
1850 4709 2193 4772 distinguitur
2242 4709 2309 4760 ab
2358 4711 2476 4771 ipsa
2526 4718 2602 4758 re.
2634 4730 2697 4743 —

187 4762 224 4809 V.
251 4769 472 4833 Ferraris;
507 4773 568 4823 V.
607 4774 857 4835 simonia,
893 4776 992 4825 art.
1028 4775 1058 4823 4
1070 4786 1083 4837 3
1117 4800 1183 4811 -
1213 4774 1526 4826 Benedictus
1559 4774 1696 4835 XIV,
1732 4774 1800 4824 De
1835 4773 1977 4835 syn„
2012 4773 2048 4822 l.
2081 4784 2157 4835 xi,
2191 4782 2236 4822 c.
2271 4775 2320 4823 6.

241 4846 464 4938 samm,
516 4856 858 4944 Theoioyioe
892 4863 1016 4925 eto.
1088 4859 1159 4925 T.
1208 4857 1287 4947 1¹·
2478 4854 2520 4917 8
