3292 5167
485 200 609 266 184
1503 217 1618 263 un.
1667 214 1732 262 n.
1781 215 1992 263 τηατ.
2040 217 2098 262 v.

483 337 704 400 campo
750 338 863 401 per
908 336 1030 382 una
1078 336 1264 382 cansa
1312 317 1367 381 si
1409 328 1611 396 santa,
1655 319 1781 399 egli
1828 320 1863 380 e
1908 316 2035 398 agli
2080 318 2261 380 occhi
2308 317 2373 380 di
2421 318 2541 381 Dio
2591 319 2918 397 partecipe
2949 316 3082 381 del-

482 400 785 466 l’anreola
825 400 927 462 del
973 400 1259 462 martire.
1303 399 1351 460 E
1394 402 1513 462 che
1556 415 1698 463 cosa
1746 397 1963 462 intatti
2008 399 2384 462 costituisce
2430 399 2477 460 il
2520 398 2856 463 Mai-tirio?
2929 398 3085 460 l’in-

484 492 744 545 contrat·
789 480 1173 543 tortemente
1217 479 1273 541 la
1322 487 1529 542 morte
1574 496 1689 558 per
1730 480 1974 543 motivo
2037 478 2101 540 di
2148 478 2514 559 Religione3
2556 496 2632 540 or
2677 495 2809 541 non
2856 481 2896 542 e
2960 494 3087 541 mo·

487 564 616 626 tivo
661 559 963 640 religioso
1008 560 1063 622 la
1112 559 1314 622 ditesa
1360 559 1997 640 dell'indipendenza
2045 558 2216 622 della
2260 558 2485 623 Chiesa
2543 559 2646 621 nel
2713 560 3084 639 principato

484 642 675 704 civile
718 640 821 704 de'
851 642 989 705 suoi
1036 639 1397 703 Pentelici?
1439 640 1492 703 E.
1532 640 1663 702 cosi
1712 641 1817 702 noi
1857 640 2211 719 veggiamo,
2257 642 2379 703 che
2411 639 2561 718 Papi
2595 640 2951 703 santissimi
2984 641 3087 703 eb·

485 724 640 787 bero
678 738 893 803 spesso
939 722 1007 784 in
1052 729 1335 784 costuma
1380 721 1444 784 di
1490 721 1860 800 capitanata
1904 721 2027 784 essi
2061 723 2254 784 stessi
2300 721 2391 801 gli
2439 722 2698 784 eser-citi
2745 721 2862 783 che
2899 720 3088 783 assol-

486 804 732 867 davano
777 818 890 881 per
934 818 1058 865 nna
1105 817 1290 865 causa
1335 801 1389 864 si
1433 811 1636 873 santa,
1689 816 1725 863 e
1775 801 1838 862 di
1885 817 2281 865 accumunar
2346 800 2487 863 loro
2533 803 2549 862 i
2600 800 2897 879 privilegi
2955 818 2994 865 e
3041 803 3084 864 il

485 887 719 947 merito
763 882 933 945 delle
975 881 1281 945 Crociate.
1326 906 1348 935 ι
1411 880 1538 944 Cio.
1589 882 1927 957 Cattolica,
1977 898 2101 943 ser.
2146 883 2234 958 4³,
2284 891 2326 945 t.
2371 898 2469 944 iv:
2508 881 2777 962 Rapioni
2804 883 3084 946 edirilti

488 965 589 1027 dei
631 964 790 1043 Papi
830 964 895 1026 al
932 963 1298 1042 principato
1316 983 1338 1032 ‚·
1387 972 1425 1023 t.
1474 979 1538 1023 ix
1583 974 1651 1024 et
1678 978 1869 1042 seqq.
1896 994 1978 1008 -—
2016 961 2305 1027 olderico
2334 978 2571 1025 ovvero
2602 963 2653 1023 il
2686 961 2894 1024 Zuavo
2926 979 3069 1042 pon·

492 1044 724 1126 tificio;
770 1055 1071 1107 racconto
1115 1043 1220 1106 del
1265 1042 1439 1105 1860.
1484 1076 1560 1087 -
1603 1042 1907 1119 Menaeni,
1947 1043 2036 1103 La-
2076 1060 2265 1107 mano
2304 1044 2372 1107 di
2411 1042 2529 1107 Dio
2571 1043 2961 1106 nell¹ultima
3003 1045 3097 1107 in·

489 1127 740 1189 vasione
781 1134 997 1188 contro
1039 1124 1252 1188 Roma.
1297 1122 1512 1199 Roma,
1558 1123 1734 1186 1868.

1549 1381 1675 1461 (a)
1720 1382 1872 1461 paq.
1910 1381 2012 1445 99.

572 1603 777 1665 272.
822 1603 885 1679 Q.
934 1606 984 1667 l.
1030 1603 1190 1680 Quid
1231 1606 1304 1666 de
1343 1603 1894 1669 maledictionibus
1940 1605 2094 1668 latis
2141 1606 2211 1667 in
2246 1607 2443 1668 malos
2489 1606 2738 1668 Psalmo
2783 1605 2952 1669 108?

576 1685 645 1746 R.
691 1684 758 1747 ln
807 1686 929 1748 hoc
971 1702 1097 1747 non
1145 1689 1434 1765 peccavit
1475 1686 1713 1761 David;
1760 1702 1905 1748 nam
1949 1684 2244 1765 pluribus
2281 1687 2351 1748 de
2388 1687 2602 1749 causis
2638 1687 2943 1749 adversus
2975 1686 3100 1748 ini·

495 1769 686 1829 micos
730 1783 873 1828 suos
916 1764 1167 1844 obloqui
1209 1767 1447 1843 potuit:
1494 1767 1553 1840 1)
1577 1785 1656 1828 ecc
1685 1767 1936 1829 sincera
1972 1768 2382 1831 correctionis
2415 1769 2673 1829 illorum
2701 1767 3099 1845 cupiditate:

501 1865 594 1910 eos
633 1855 911 1926 percute,
956 1846 1231 1921 Domine,
1280 1854 1351 1909 ut
1380 1848 1594 1926 inique
1635 1864 1821 1928 aqere
1862 1864 1940 1911 ac
1989 1849 2296 1911 lacessere
2339 1849 2589 1911 tandem
2631 1847 2974 1926 aliquando
3002 1846 3102 1911 de·

499 1929 782 1999 sistant,·
824 1927 891 2007 2)
935 1934 1008 1988 ut
1050 1928 1115 1989 in
1160 1928 1269 1988 hoc
1303 1930 1529 1989 mundo
1572 1929 1899 2008 eastiqati,
1944 1927 2298 1992 minoribus
2343 1930 2409 1991 in
2451 1928 2652 1991 altero
2679 1928 3102 2006 afficiantur,-

501 2008 566 2086 3)
611 2016 682 2070 ut
723 2023 934 2069 eorum
977 2008 1356 2087 supplicium
1425 2008 1648 2087 impios
1716 2010 2055 2085 deterreat,
2099 2010 2207 2089 qui
2275 2026 2354 2071 ecc
2400 2009 2655 2071 illorum
2722 2009 3104 2087 nequissimo

500 2088 778 2166 exemplo
818 2089 1006 2167 paria
1050 2094 1405 2164 conantur&
1450 2090 1516 2167 4>
1561 2097 1632 2150 ut
1673 2087 1848 2153 bonis
1892 2090 2266 2152 scandalum
2310 2091 2654 2163 adimatur,
2697 2091 2858 2169 quod
2920 2090 3105 2168 impii

493 2169 699 2246 justis
744 2166 1184 2231 vcaeationibus
1231 2170 1584 2250 ivzqerunt‚·
1625 2169 1693 2248 5)
1738 2179 1811 2233 ut
1857 2170 1965 2232 Dei
2004 2171 2279 2249 qloriam
2319 2187 2396 2233 ac
2437 2171 2900 2249 providentiam
2960 2173 3098 2233 vin·

503 2251 669 2312 dicet
708 2250 1006 2311 adversus
1050 2250 1292 2328 impios,
1340 2251 1451 2329 qui
1492 2258 1772 2312 renuunt
1814 2251 2184 2330 intelliqere,
2233 2251 2419 2313 Deum
2451 2252 2780 2328 Justorum
2809 2251 3104 2329 prcesidio

507 2329 874 2410 incipitur&
940 2329 1008 2409 6)
1051 2347 1127 2391 ne
1159 2332 1330 2407 justi
1372 2347 1566 2409 pravo
1608 2331 1967 2410 iniquorum
1995 2332 2275 2409 eoeemplo
2304 2339 2814 2409 corrumpantur.
2842 2331 2929 2393 lta
2962 2330 3100 2393 Cal·

505 2420 658 2484 met,
707 2408 932 2471 Gomm.
979 2411 1047 2470 in
1090 2410 1190 2472 Ps.
1236 2428 1447 2472 xxxiv.
1495 2443 1569 2456 -
1623 2411 1683 2471 V.
1729 2430 1774 2474 s.
1819 2412 2117 2488 Thomas,
2163 2414 2224 2488 2,
2265 2414 2325 2485 2,
2373 2430 2429 2492 q.
2480 2412 2577 2487 25,
2623 2430 2676 2474 a.
2719 2414 2781 2487 6,
2830 2411 2908 2474 ad
2938 2411 2996 2475 3.
3024 2444 3103 2458 -—

511 2490 802 2565 Lorium,
856 2490 1079 2553 Comm.
1113 2492 1179 2552 in
1226 2493 1323 2553 Ps.
1368 2508 1638 2552 xxxviii.

582 2568 790 2630 273.
835 2568 899 2643 Q.
944 2571 1000 2634 2.
1045 2569 1338 2644 Quaenam
1380 2572 1566 2650 culpa
1609 2579 1705 2634 est
1747 2574 2102 2651 tempestati
2142 2573 2237 2635 vel
2279 2573 2431 2635 aliis
2473 2570 2728 2635 casibus
2759 2589 2799 2635 a
2838 2571 2957 2633 Deo
2996 2572 3105 2633 im-

511 2650 725 2712 missis
769 2652 1186 2714 maledicere?
1625 2659 1633 2669 ‘

588 2729 656 2792 R.
702 2730 857 2793 Cum
903 2729 1114 2811 Stapf:
1175 2757 1197 2787 «
1228 2730 1380 2793 Cum
1427 2734 1596 2794 aeris
1642 2732 2058 2811 intemperies
2102 2742 2167 2794 et
2208 2732 2523 2810 ejusmodi
2590 2750 2772 2795 casus
2837 2750 2915 2796 ex
2959 2733 3097 2795 dis-

512 2814 828 2890 positione
885 2812 1103 2874 divina
1155 2811 1469 2885 accidant,
1506 2811 1655 2874 talia
1688 2812 2026 2876 maledicta
2065 2816 2353 2893 proxime
2389 2823 2613 2876 contra
2653 2814 2850 2876 Deum
2889 2816 3100 2893 ipsum

508 2893 783 2972 proferri
832 2893 1152 2955 videntur.
1197 2892 1490 2954 Attamen
1541 2892 1772 2955 miselli
1807 2893 2128 2968 ruriculae,
2159 2895 2392 2973 quibus
2421 2896 2537 2956 hoc
2570 2902 2897 2973 peccatum
2932 2891 3103 2957 nand

512 2971 895 3052 infrequens
939 2982 1056 3047 est,
1104 2982 1232 3036 tum
1280 2972 1359 3033 ob
1410 2973 1891 3052 simplicitatem
1941 2983 2072 3037 tum
2134 2975 2214 3036 ob
2279 2975 2840 3054 imperfectionem
2904 2983 3116 3047 actus,

514 3055 876 3131 praesertim
921 3054 972 3115 si
1020 3052 1179 3115 alias
1226 3053 1409 3114 bonae
1447 3053 1686 3116 indolis
1731 3055 1886 3125 sint,
1934 3072 1967 3116 a
2016 3063 2276 3133 peccato
2320 3055 2544 3118 lethali
2594 3054 2979 3134 plerumque
3010 3070 3112 3117 ex·

516 3135 728 3197 cusari
777 3143 1058 3213 possunt.
1105 3160 1125 3186 ·
1185 3133 1554 3195 Maledicere
1598 3131 1785 3217 rebus
1833 3133 2350 3211 irrationalibus,
2386 3137 2476 3198 ait
2518 3137 2579 3198 d.
2624 3136 2897 3198 Thomas
2943 3136 3035 3213 (2,
3055 3135 3114 3210 2,

517 3229 576 3292 q.
620 3213 719 3286 76,
766 3232 820 3277 a.
862 3214 951 3293 2),
995 3215 1062 3275 in
1108 3221 1413 3294 quantum
1454 3221 1609 3276 sunt
1647 3222 1960 3277 creaturoe
2006 3215 2135 3294 Dei,
2181 3223 2275 3279 est
2314 3225 2637 3295 peccatum
2673 3214 3113 3295 blasphemae,-

510 3294 879 3357 maledicere
922 3303 1132 3357 autem
1172 3295 1259 3356 eis
1290 3296 1629 3357 secundum
1671 3312 1735 3357 se
1763 3296 2200 3372 consideratis,
2241 3306 2340 3360 est
2377 3298 2645 3360 otiosum
2678 3305 2741 3358 et
2774 3313 3025 3371 vanum,
3054 3302 3117 3359 et

511 3391 620 3455 per
659 3388 1034 3526 eonseguens
1092 3375 1410 3450 illicitum,
1454 3392 1685 3455 nempe
1727 3377 1978 3438 veniale
2026 3387 2370 3457 peccatum.
2420 3378 2728 3440 Billuart.

592 3453 792 3514 271.
949 3455 1004 3516 3.
1036 3453 1196 3528 Quid
1224 3456 1294 3517 de
1333 3457 1433 3532 iis,
1464 3457 1571 3535 qui
1610 3458 2020 3519 sanctissima
2061 3457 2210 3520 Iesu
2240 3466 2302 3519 et
2334 3458 2558 3522 Marice
2592 3458 2861 3522 Nomina
2902 3455 3116 3537 appel·

526 3533 667 3597 lant
707 3538 1048 3597 continuo?

596 3615 666 3676 R.
711 3614 823 3676 Vel
850 3615 1116 3677 Nomina
1162 3615 1528 3694 hujusmodi
1566 3616 1976 3695 appellantur
2020 3633 2100 3679 ex
2145 3619 2509 3679 reverentia
2555 3626 2622 3681 et
2664 3618 2877 3679 cordis
2913 3617 3103 3680 devo-

520 3698 710 3768 tione,-
756 3711 812 3759 v.
854 3712 910 3775 g.
957 3696 1251 3758 laudetur
1290 3694 1470 3758 Jesus
1518 3693 1856 3758 Christus!
1905 3696 2017 3760 Vel
2077 3714 2158 3760 ex
2225 3698 2497 3777 quadam
2564 3709 2891 3761 contracta
2960 3712 3113 3759 oon·

515 3775 856 3839 suetudine
902 3786 965 3839 et
1008 3779 1205 3838 animi
1255 3776 1537 3853 levitate,
1582 3793 1635 3839 v.
1682 3794 1739 3855 g.
1775 3773 1956 3839 Jesus
1996 3777 2255 3842 Maria!
2284 3777 2401 3842 Vel
2426 3795 2507 3841 ex
2530 3779 2742 3842 subito
2772 3779 3119 3859 spirituum

517 3859 781 3936 impetu,
826 3872 879 3918 r.
925 3873 985 3936 g.
1027 3873 1138 3935 per
1186 3855 1393 3931 Deum,
1433 3872 1545 3935 per
1595 3856 1955 3918 Christum.

598 3937 659 3999 Si
711 3939 766 4011 1,
806 3953 878 4000 ea
922 3937 1190 3999 Nomina
1238 3940 1642 4013 proferentes
1690 3936 1925 4000 nedum
1970 3948 2259 4016 peccent,
2307 3941 2433 4002 imo
2480 3955 2631 4000 vero
2674 3939 2974 4002 Sanctam
3055 3947 3121 4001 et

523 4017 1076 4098 indulgentiarum
1126 4019 1432 4081 thesauro
1469 4017 1858 4093 decoratam,
1926 4018 2201 4098 ideoque
2245 4020 2364 4081 sibi
2408 4029 2474 4082 et
2518 4019 2647 4082 Deo
2692 4035 2831 4083 rem
2872 4019 3108 4098 gratis·

520 4102 746 4161 simam
793 4106 1121 4179 praestant.
1166 4097 1230 4160 Si
1276 4099 1336 4175 2,
1381 4096 1843 4177 blasphemiam
1889 4102 2109 4178 utique
2176 4115 2301 4162 non
2347 4100 2777 4174 committunt,
2819 4117 2964 4164 cum
3032 4112 3109 4162 ea

518 4178 783 4241 Nomina
833 4196 959 4240 non
1008 4178 1339 4258 proferant
1381 4178 1844 4241 contumeliose
1892 4178 1950 4240 id
1999 4188 2097 4240 est
2142 4182 2208 4241 in
2255 4179 2589 4242 formalem
2634 4190 3110 4260 contemptum3

521 4258 632 4320 sed
680 4275 793 4337 per
836 4274 906 4321 se
955 4258 1204 4338 culpam
1250 4259 1569 4321 venialem
1616 4259 1886 4321 minime
1928 4260 2263 4337 effugient,
2292 4261 2440 4339 qnia
2480 4261 2619 4324 haec
2648 4271 2748 4326 est
2775 4277 2939 4325 vana
2968 4259 3125 4323 San·

520 4346 769 4401 ntorum
813 4337 1155 4402 Nominum
1202 4341 1557 4418 usurpatio.
1602 4339 1766 4403 Hinc
1809 4337 2174 4419 Scriptura:
2218 4341 2563 4404 nominatio
2601 4343 2713 4405 Dei
2754 4358 2879 4406 non
2916 4342 3130 4404 sitas·

518 4418 705 4481 sidua
749 4418 815 4481 in
850 4434 954 4481 ore
987 4425 1116 4495 tuo,
1143 4426 1205 4482 et
1237 4417 1607 4483 Nominibus
1648 4418 2026 4483 Sanctorum
2054 4437 2178 4482 non
2206 4421 2638 4500 admiscearis,
2672 4424 2969 4503 quoniam
3000 4437 3127 4483 nou

519 4499 648 4563 eris
692 4498 992 4561 immunis
1034 4497 1115 4563 ab
1157 4501 1246 4562 eis
1289 4500 1484 4579 (Eccl.
1522 4505 1735 4579 xxiii).
1780 4497 1845 4563 Si
1872 4501 1948 4576 ·3,
1992 4509 2386 4566 excusantur
2429 4503 2782 4577 ordinarie,
2815 4500 3124 4566 scandalo

466 4596 470 4600 ·
522 4582 703 4659 gravi
747 4578 1021 4654 secluso,
1068 4594 1102 4642 a
1150 4588 1406 4657 peccato
1450 4583 1673 4660 gravi3
1720 4588 1865 4660 quia
1914 4598 1994 4643 ex
2033 4583 2398 4659 ignorantia
2427 4594 2540 4645 aut
2568 4581 3119 4646 indeliberatinno

524 4662 624 4738 (ut
669 4658 1050 4739 plurimum)
1098 4658 1158 4721 id
1203 4660 1522 4739 proficisci
1570 4671 1888 4736 censetur,
1931 4672 1996 4723 et
2058 4660 2339 4727 retertur
2397 4663 2608 4743 potius
2670 4665 2745 4727 iu
2804 4665 3128 4734 nomi-nes.
