<?xml version="1.0" encoding="UTF-8"?>
<!DOCTYPE html PUBLIC "-//W3C//DTD XHTML 1.0 Transitional//EN"
    "http://www.w3.org/TR/xhtml1/DTD/xhtml1-transitional.dtd">
<html xmlns="http://www.w3.org/1999/xhtml" xml:lang="en" lang="en">
 <head>
  <title>
</title>
<meta http-equiv="Content-Type" content="text/html;charset=utf-8" />
  <meta name='ocr-system' content='tesseract 3.04.00' />
  <meta name='ocr-capabilities' content='ocr_page ocr_carea ocr_par ocr_line ocrx_word'/>
</head>
<body>
  <div class='ocr_page' id='page_1' title='image "./theologiamorali04scavgoog_0717.png"; bbox 0 0 3292 5167; ppageno 0'>
   <div class='ocr_carea' id='block_1_1' title="bbox 1261 234 2798 302">
    <p class='ocr_par' dir='ltr' id='par_1_1' title="bbox 1261 234 2798 302">
     <span class='ocr_line' id='line_1_1' title="bbox 1261 234 2798 302; baseline 0.004 -7"><span class='ocrx_word' id='word_1_1' title='bbox 1261 248 1357 295; x_wconf 70' lang='lat' dir='ltr'>ns·</span> <span class='ocrx_word' id='word_1_2' title='bbox 1386 248 1730 298; x_wconf 63' lang='lat' dir='ltr'>cnxnt&#39;rx‘rt</span> <span class='ocrx_word' id='word_1_3' title='bbox 2670 234 2798 302; x_wconf 78' lang='lat'>705</span> 
     </span>
    </p>
   </div>
   <div class='ocr_carea' id='block_1_2' title="bbox 194 347 2860 1618">
    <p class='ocr_par' dir='ltr' id='par_1_2' title="bbox 194 347 2860 755">
     <span class='ocr_line' id='line_1_2' title="bbox 196 347 2860 439; baseline 0.004 -22"><span class='ocrx_word' id='word_1_4' title='bbox 196 347 601 436; x_wconf 87' lang='lat' dir='ltr'>acceptando</span> <span class='ocrx_word' id='word_1_5' title='bbox 636 348 836 418; x_wconf 79' lang='lat' dir='ltr'>cessit</span> <span class='ocrx_word' id='word_1_6' title='bbox 861 348 992 433; x_wconf 79' lang='lat' dir='ltr'>iuri</span> <span class='ocrx_word' id='word_1_7' title='bbox 1032 367 1180 419; x_wconf 90' lang='lat' dir='ltr'>suo.</span> <span class='ocrx_word' id='word_1_8' title='bbox 1214 350 1396 420; x_wconf 85' lang='lat' dir='ltr'><strong>Idem</strong></span> <span class='ocrx_word' id='word_1_9' title='bbox 1431 353 1841 439; x_wconf 76' lang='lat' dir='ltr'>probabilius</span> <span class='ocrx_word' id='word_1_10' title='bbox 1890 351 2247 425; x_wconf 88' lang='lat' dir='ltr'>dicendum</span> <span class='ocrx_word' id='word_1_11' title='bbox 2300 362 2411 425; x_wconf 90' lang='lat' dir='ltr'>est</span> <span class='ocrx_word' id='word_1_12' title='bbox 2459 374 2609 425; x_wconf 93' lang='lat' dir='ltr'>cum</span> <span class='ocrx_word' id='word_1_13' title='bbox 2652 357 2802 426; x_wconf 79' lang='lat' dir='ltr'>Ala·</span> <span class='ocrx_word' id='word_1_14' title='bbox 2851 423 2860 428; x_wconf 92' lang='lat'>.</span> 
     </span>
     <span class='ocr_line' id='line_1_3' title="bbox 195 455 2796 548; baseline 0.003 -23"><span class='ocrx_word' id='word_1_15' title='bbox 195 455 310 539; x_wconf 87' lang='lat' dir='ltr'>sia,</span> <span class='ocrx_word' id='word_1_16' title='bbox 360 455 415 523; x_wconf 87' lang='lat' dir='ltr'>si</span> <span class='ocrx_word' id='word_1_17' title='bbox 467 455 728 524; x_wconf 88' lang='lat' dir='ltr'>duobus</span> <span class='ocrx_word' id='word_1_18' title='bbox 801 455 1189 540; x_wconf 78' lang='lat' dir='ltr'>rixantibuS‚</span> <span class='ocrx_word' id='word_1_19' title='bbox 1239 458 1418 527; x_wconf 90' lang='lat' dir='ltr'>ultro</span> <span class='ocrx_word' id='word_1_20' title='bbox 1473 459 1622 545; x_wconf 90' lang='lat' dir='ltr'>quis</span> <span class='ocrx_word' id='word_1_21' title='bbox 1673 468 1987 530; x_wconf 87' lang='lat' dir='ltr'>occurrat</span> <span class='ocrx_word' id='word_1_22' title='bbox 2035 461 2116 530; x_wconf 90' lang='lat' dir='ltr'>ad</span> <span class='ocrx_word' id='word_1_23' title='bbox 2164 462 2372 531; x_wconf 84' lang='lat' dir='ltr'>rixam</span> <span class='ocrx_word' id='word_1_24' title='bbox 2431 463 2796 548; x_wconf 87' lang='lat' dir='ltr'>impedien-</span> 
     </span>
     <span class='ocr_line' id='line_1_4' title="bbox 194 561 2801 648; baseline 0.003 -16"><span class='ocrx_word' id='word_1_25' title='bbox 194 561 366 644; x_wconf 88' lang='lat' dir='ltr'>dam,</span> <span class='ocrx_word' id='word_1_26' title='bbox 411 562 465 630; x_wconf 89' lang='lat' dir='ltr'>si</span> <span class='ocrx_word' id='word_1_27' title='bbox 515 562 873 644; x_wconf 80' lang='lat' dir='ltr'>occidatur,</span> <span class='ocrx_word' id='word_1_28' title='bbox 923 562 1077 648; x_wconf 90' lang='lat' dir='ltr'>quia</span> <span class='ocrx_word' id='word_1_29' title='bbox 1132 563 1309 632; x_wconf 89' lang='lat' dir='ltr'>illius</span> <span class='ocrx_word' id='word_1_30' title='bbox 1362 564 1701 634; x_wconf 87' lang='lat' dir='ltr'>homicidii</span> <span class='ocrx_word' id='word_1_31' title='bbox 1751 567 2040 638; x_wconf 82' lang='lat' dir='ltr'>rixantes</span> <span class='ocrx_word' id='word_1_32' title='bbox 2091 586 2222 635; x_wconf 93' lang='lat' dir='ltr'>non</span> <span class='ocrx_word' id='word_1_33' title='bbox 2273 568 2538 637; x_wconf 83' lang='lat' dir='ltr'>fuerunt</span> <span class='ocrx_word' id='word_1_34' title='bbox 2567 570 2801 640; x_wconf 82' lang='lat' dir='ltr'>efficax</span> 
     </span>
     <span class='ocr_line' id='line_1_5' title="bbox 195 668 1305 755; baseline 0 -16"><span class='ocrx_word' id='word_1_35' title='bbox 195 687 410 752; x_wconf 88' lang='lat' dir='ltr'>causa,</span> <span class='ocrx_word' id='word_1_36' title='bbox 458 670 578 738; x_wconf 89' lang='lat' dir='ltr'>sed</span> <span class='ocrx_word' id='word_1_37' title='bbox 626 668 905 755; x_wconf 79' lang='lat' dir='ltr'>simplex</span> <span class='ocrx_word' id='word_1_38' title='bbox 955 671 1217 739; x_wconf 86' lang='lat' dir='ltr'>occasio</span> <span class='ocrx_word' id='word_1_39' title='bbox 1260 672 1305 739; x_wconf 88' lang='lat'>¹.</span> 
     </span>
    </p>

    <p class='ocr_par' dir='ltr' id='par_1_3' title="bbox 194 775 2828 1618">
     <span class='ocr_line' id='line_1_6' title="bbox 283 775 2828 868; baseline 0.005 -31"><span class='ocrx_word' id='word_1_40' title='bbox 283 775 840 839; x_wconf 67' lang='lat' dir='ltr'>§candal-unx</span> <span class='ocrx_word' id='word_1_41' title='bbox 888 777 1287 860; x_wconf 78' lang='lat' dir='ltr'>scandalum,</span> <span class='ocrx_word' id='word_1_42' title='bbox 1343 795 1652 863; x_wconf 63' lang='lat' dir='ltr'>graecum,</span> <span class='ocrx_word' id='word_1_43' title='bbox 1688 795 1955 860; x_wconf 90' lang='lat' dir='ltr'>nomen,</span> <span class='ocrx_word' id='word_1_44' title='bbox 2007 780 2194 865; x_wconf 85' lang='lat' dir='ltr'>quod</span> <span class='ocrx_word' id='word_1_45' title='bbox 2245 780 2444 849; x_wconf 90' lang='lat' dir='ltr'>latine</span> <span class='ocrx_word' id='word_1_46' title='bbox 2478 781 2828 868; x_wconf 86' lang='lat' dir='ltr'>significat·</span> 
     </span>
     <span class='ocr_line' id='line_1_7' title="bbox 196 879 2803 972; baseline 0.002 -20"><span class='ocrx_word' id='word_1_47' title='bbox 196 883 650 972; x_wconf 77' lang='lat' dir='ltr'>offendiculum,</span> <span class='ocrx_word' id='word_1_48' title='bbox 703 884 782 951; x_wconf 89' lang='lat' dir='ltr'>ab</span> <span class='ocrx_word' id='word_1_49' title='bbox 830 884 1145 970; x_wconf 83' lang='lat' dir='ltr'>Angelico</span> <span class='ocrx_word' id='word_1_50' title='bbox 1195 883 1551 954; x_wconf 87' lang='lat' dir='ltr'>definitur:</span> <span class='ocrx_word' id='word_1_51' title='bbox 1601 879 1836 952; x_wconf 70' lang='lat' dir='ltr'>dictum</span> <span class='ocrx_word' id='word_1_52' title='bbox 1868 888 1979 953; x_wconf 79' lang='lat' dir='ltr'>vel</span> <span class='ocrx_word' id='word_1_53' title='bbox 2021 888 2266 972; x_wconf 79' lang='lat' dir='ltr'>sactum</span> <span class='ocrx_word' id='word_1_54' title='bbox 2312 888 2524 956; x_wconf 78' lang='lat' dir='ltr'>minus</span> <span class='ocrx_word' id='word_1_55' title='bbox 2570 903 2803 957; x_wconf 81' lang='lat' dir='ltr'>rectum</span> 
     </span>
     <span class='ocr_line' id='line_1_8' title="bbox 194 992 2805 1082; baseline 0.003 -25"><span class='ocrx_word' id='word_1_56' title='bbox 194 992 474 1078; x_wconf 78' lang='lat' dir='ltr'>proebens</span> <span class='ocrx_word' id='word_1_57' title='bbox 517 992 703 1058; x_wconf 63' lang='lat' dir='ltr'>altem?</span> <span class='ocrx_word' id='word_1_58' title='bbox 747 993 1131 1060; x_wconf 78' lang='lat' dir='ltr'>occasionem</span> <span class='ocrx_word' id='word_1_59' title='bbox 1175 994 1384 1060; x_wconf 79' lang='lat' dir='ltr'>ruinoe</span> <span class='ocrx_word' id='word_1_60' title='bbox 1433 992 1786 1080; x_wconf 78' lang='lat' dir='ltr'>spiritualis</span> <span class='ocrx_word' id='word_1_61' title='bbox 1833 998 1884 1060; x_wconf 74' lang='lat'>³.</span> <span class='ocrx_word' id='word_1_62' title='bbox 1934 995 2274 1064; x_wconf 88' lang='lat' dir='ltr'>Vocabulo</span> <span class='ocrx_word' id='word_1_63' title='bbox 2323 995 2486 1062; x_wconf 61' lang='lat' dir='ltr'>dicct</span> <span class='ocrx_word' id='word_1_64' title='bbox 2518 997 2614 1066; x_wconf 88' lang='lat' dir='ltr'>vel</span> <span class='ocrx_word' id='word_1_65' title='bbox 2645 999 2805 1082; x_wconf 84' lang='lat' dir='ltr'>facti</span> 
     </span>
     <span class='ocr_line' id='line_1_9' title="bbox 198 1099 2802 1191; baseline 0.002 -25"><span class='ocrx_word' id='word_1_66' title='bbox 198 1100 373 1168; x_wconf 89' lang='lat' dir='ltr'>venit</span> <span class='ocrx_word' id='word_1_67' title='bbox 424 1099 622 1168; x_wconf 90' lang='lat' dir='ltr'>etiam</span> <span class='ocrx_word' id='word_1_68' title='bbox 671 1100 968 1183; x_wconf 91' lang='lat' dir='ltr'>omissio,</span> <span class='ocrx_word' id='word_1_69' title='bbox 1019 1100 1171 1187; x_wconf 85' lang='lat' dir='ltr'>quia</span> <span class='ocrx_word' id='word_1_70' title='bbox 1218 1103 1551 1189; x_wconf 74' lang='lat' dir='ltr'>affirmatio</span> <span class='ocrx_word' id='word_1_71' title='bbox 1599 1113 1654 1166; x_wconf 82' lang='lat' dir='ltr'>et</span> <span class='ocrx_word' id='word_1_72' title='bbox 1695 1102 1943 1187; x_wconf 75' lang='lat' dir='ltr'>neyatio</span> <span class='ocrx_word' id='word_1_73' title='bbox 1987 1103 2073 1170; x_wconf 81' lang='lat' dir='ltr'>ad</span> <span class='ocrx_word' id='word_1_74' title='bbox 2138 1103 2300 1170; x_wconf 76' lang='lat' dir='ltr'>idem</span> <span class='ocrx_word' id='word_1_75' title='bbox 2344 1123 2540 1189; x_wconf 66' lang='lat' dir='ltr'>penus</span> <span class='ocrx_word' id='word_1_76' title='bbox 2607 1107 2802 1191; x_wconf 74' lang='lat' dir='ltr'>raefe-</span> 
     </span>
     <span class='ocr_line' id='line_1_10' title="bbox 195 1207 2802 1296; baseline 0.003 -23"><span class='ocrx_word' id='word_1_77' title='bbox 195 1219 448 1274; x_wconf 70' lang='lat' dir='ltr'>rantur.</span> <span class='ocrx_word' id='word_1_78' title='bbox 500 1207 757 1276; x_wconf 85' lang='lat' dir='ltr'>Dicitur</span> <span class='ocrx_word' id='word_1_79' title='bbox 801 1207 968 1290; x_wconf 80' lang='lat' dir='ltr'>dicti,</span> <span class='ocrx_word' id='word_1_80' title='bbox 1020 1215 1091 1276; x_wconf 92' lang='lat' dir='ltr'>ut</span> <span class='ocrx_word' id='word_1_81' title='bbox 1140 1214 1296 1276; x_wconf 88' lang='lat' dir='ltr'>sunt</span> <span class='ocrx_word' id='word_1_82' title='bbox 1345 1207 1678 1293; x_wconf 90' lang='lat' dir='ltr'>impudica</span> <span class='ocrx_word' id='word_1_83' title='bbox 1731 1210 1948 1292; x_wconf 88' lang='lat' dir='ltr'>verba,</span> <span class='ocrx_word' id='word_1_84' title='bbox 2020 1209 2334 1296; x_wconf 87' lang='lat' dir='ltr'>impudici</span> <span class='ocrx_word' id='word_1_85' title='bbox 2409 1210 2603 1293; x_wconf 86' lang='lat' dir='ltr'>libri,</span> <span class='ocrx_word' id='word_1_86' title='bbox 2678 1218 2802 1281; x_wconf 92' lang='lat' dir='ltr'>etc.</span> 
     </span>
     <span class='ocr_line' id='line_1_11' title="bbox 196 1313 2807 1400; baseline 0.001 -19"><span class='ocrx_word' id='word_1_87' title='bbox 196 1314 397 1394; x_wconf 80' lang='lat' dir='ltr'>Facti,</span> <span class='ocrx_word' id='word_1_88' title='bbox 447 1314 542 1382; x_wconf 88' lang='lat' dir='ltr'>uti</span> <span class='ocrx_word' id='word_1_89' title='bbox 595 1320 818 1400; x_wconf 82' lang='lat' dir='ltr'>gestus</span> <span class='ocrx_word' id='word_1_90' title='bbox 869 1313 1193 1390; x_wconf 70' lang='lat' dir='ltr'>obscoeni,</span> <span class='ocrx_word' id='word_1_91' title='bbox 1245 1313 1507 1383; x_wconf 81' lang='lat' dir='ltr'>nuditas</span> <span class='ocrx_word' id='word_1_92' title='bbox 1559 1314 1923 1397; x_wconf 82' lang='lat' dir='ltr'>licentiosa,</span> <span class='ocrx_word' id='word_1_93' title='bbox 1976 1321 2098 1384; x_wconf 91' lang='lat' dir='ltr'>etc.</span> <span class='ocrx_word' id='word_1_94' title='bbox 2155 1319 2375 1387; x_wconf 89' lang='lat' dir='ltr'>Verbo</span> <span class='ocrx_word' id='word_1_95' title='bbox 2438 1323 2655 1386; x_wconf 90' lang='lat' dir='ltr'>autem</span> <span class='ocrx_word' id='word_1_96' title='bbox 2689 1318 2807 1384; x_wconf 83' lang='lat' dir='ltr'>mi·</span> 
     </span>
     <span class='ocr_line' id='line_1_12' title="bbox 194 1420 2802 1516; baseline 0.003 -29"><span class='ocrx_word' id='word_1_97' title='bbox 194 1440 322 1489; x_wconf 75' lang='lat' dir='ltr'>nus</span> <span class='ocrx_word' id='word_1_98' title='bbox 368 1434 604 1516; x_wconf 59' lang='lat' dir='ltr'>rectum</span> <span class='ocrx_word' id='word_1_99' title='bbox 652 1420 1045 1507; x_wconf 84' lang='lat' dir='ltr'>intelligitur</span> <span class='ocrx_word' id='word_1_100' title='bbox 1093 1421 1273 1505; x_wconf 85' lang='lat' dir='ltr'>quod</span> <span class='ocrx_word' id='word_1_101' title='bbox 1324 1422 1420 1489; x_wconf 89' lang='lat' dir='ltr'>vel</span> <span class='ocrx_word' id='word_1_102' title='bbox 1474 1421 1537 1489; x_wconf 88' lang='lat' dir='ltr'>in</span> <span class='ocrx_word' id='word_1_103' title='bbox 1588 1441 1663 1491; x_wconf 90' lang='lat' dir='ltr'>se</span> <span class='ocrx_word' id='word_1_104' title='bbox 1722 1423 1967 1491; x_wconf 91' lang='lat' dir='ltr'>malum</span> <span class='ocrx_word' id='word_1_105' title='bbox 2039 1431 2159 1506; x_wconf 90' lang='lat' dir='ltr'>est,</span> <span class='ocrx_word' id='word_1_106' title='bbox 2232 1432 2303 1492; x_wconf 90' lang='lat' dir='ltr'>ut</span> <span class='ocrx_word' id='word_1_107' title='bbox 2374 1424 2427 1494; x_wconf 90' lang='lat' dir='ltr'>si</span> <span class='ocrx_word' id='word_1_108' title='bbox 2508 1425 2802 1511; x_wconf 86' lang='lat' dir='ltr'>loquaris</span> 
     </span>
     <span class='ocr_line' id='line_1_13' title="bbox 200 1527 2801 1618; baseline 0.002 -23"><span class='ocrx_word' id='word_1_109' title='bbox 200 1528 415 1614; x_wconf 88' lang='lat' dir='ltr'>turpia</span> <span class='ocrx_word' id='word_1_110' title='bbox 466 1548 618 1597; x_wconf 85' lang='lat' dir='ltr'>eum</span> <span class='ocrx_word' id='word_1_111' title='bbox 664 1527 1086 1597; x_wconf 84' lang='lat' dir='ltr'>adolescente</span> <span class='ocrx_word' id='word_1_112' title='bbox 1109 1554 1137 1610; x_wconf 83' lang='lat'>3·</span> <span class='ocrx_word' id='word_1_113' title='bbox 1178 1529 1279 1597; x_wconf 90' lang='lat' dir='ltr'>vel</span> <span class='ocrx_word' id='word_1_114' title='bbox 1328 1528 1381 1596; x_wconf 88' lang='lat' dir='ltr'>si</span> <span class='ocrx_word' id='word_1_115' title='bbox 1418 1530 1567 1596; x_wconf 91' lang='lat' dir='ltr'>mali</span> <span class='ocrx_word' id='word_1_116' title='bbox 1606 1532 1899 1615; x_wconf 89' lang='lat' dir='ltr'>speciem</span> <span class='ocrx_word' id='word_1_117' title='bbox 1935 1531 2151 1614; x_wconf 89' lang='lat' dir='ltr'>habet,</span> <span class='ocrx_word' id='word_1_118' title='bbox 2191 1538 2260 1599; x_wconf 88' lang='lat' dir='ltr'>nt</span> <span class='ocrx_word' id='word_1_119' title='bbox 2297 1532 2374 1600; x_wconf 91' lang='lat' dir='ltr'>si.</span> <span class='ocrx_word' id='word_1_120' title='bbox 2411 1552 2465 1599; x_wconf 91' lang='lat' dir='ltr'>v.</span> <span class='ocrx_word' id='word_1_121' title='bbox 2512 1550 2592 1616; x_wconf 69' lang='lat' dir='ltr'>g„</span> <span class='ocrx_word' id='word_1_122' title='bbox 2624 1533 2801 1618; x_wconf 89' lang='lat' dir='ltr'>justa</span> 
     </span>
    </p>
   </div>
   <div class='ocr_carea' id='block_1_3' title="bbox 90 1625 2801 1722">
    <p class='ocr_par' dir='ltr' id='par_1_4' title="bbox 90 1625 2801 1722">
     <span class='ocr_line' id='line_1_14' title="bbox 90 1625 2801 1722; baseline 0.002 -20"><span class='ocrx_word' id='word_1_123' title='bbox 90 1639 105 1656; x_wconf 78' lang='grc'><em>“</em></span> <span class='ocrx_word' id='word_1_124' title='bbox 200 1634 282 1703; x_wconf 91' lang='lat' dir='ltr'>de</span> <span class='ocrx_word' id='word_1_125' title='bbox 330 1653 549 1718; x_wconf 88' lang='lat' dir='ltr'>causa,</span> <span class='ocrx_word' id='word_1_126' title='bbox 596 1635 715 1704; x_wconf 91' lang='lat' dir='ltr'>sed</span> <span class='ocrx_word' id='word_1_127' title='bbox 765 1653 992 1703; x_wconf 89' lang='lat' dir='ltr'>coram</span> <span class='ocrx_word' id='word_1_128' title='bbox 1042 1653 1187 1704; x_wconf 91' lang='lat' dir='ltr'>eam</span> <span class='ocrx_word' id='word_1_129' title='bbox 1241 1625 1721 1722; x_wconf 78' lang='lat' dir='ltr'>ignorantibuS,</span> <span class='ocrx_word' id='word_1_130' title='bbox 1773 1655 2003 1706; x_wconf 90' lang='lat' dir='ltr'>carnes</span> <span class='ocrx_word' id='word_1_131' title='bbox 2075 1638 2383 1707; x_wconf 90' lang='lat' dir='ltr'>comedas</span> <span class='ocrx_word' id='word_1_132' title='bbox 2422 1638 2530 1707; x_wconf 90' lang='lat' dir='ltr'>die</span> <span class='ocrx_word' id='word_1_133' title='bbox 2575 1635 2801 1708; x_wconf 88' lang='lat' dir='ltr'>vetito.</span> 
     </span>
    </p>
   </div>
   <div class='ocr_carea' id='block_1_4' title="bbox 197 1733 2803 2256">
    <p class='ocr_par' dir='ltr' id='par_1_5' title="bbox 197 1733 2803 2041">
     <span class='ocr_line' id='line_1_15' title="bbox 197 1733 2802 1831; baseline 0.002 -23"><span class='ocrx_word' id='word_1_134' title='bbox 197 1740 480 1809; x_wconf 88' lang='lat' dir='ltr'>Additur</span> <span class='ocrx_word' id='word_1_135' title='bbox 516 1743 802 1829; x_wconf 77' lang='lat' dir='ltr'>proebens</span> <span class='ocrx_word' id='word_1_136' title='bbox 846 1743 1032 1808; x_wconf 77' lang='lat' dir='ltr'>alteri</span> <span class='ocrx_word' id='word_1_137' title='bbox 1079 1744 1481 1825; x_wconf 71' lang='lat' dir='ltr'>occasionem,</span> <span class='ocrx_word' id='word_1_138' title='bbox 1532 1733 1968 1814; x_wconf 82' lang='lat' dir='ltr'>non&#39;causam</span> <span class='ocrx_word' id='word_1_139' title='bbox 2004 1746 2376 1826; x_wconf 82' lang='lat' dir='ltr'>efficacem3</span> <span class='ocrx_word' id='word_1_140' title='bbox 2425 1745 2578 1831; x_wconf 85' lang='lat' dir='ltr'>quia</span> <span class='ocrx_word' id='word_1_141' title='bbox 2614 1763 2802 1814; x_wconf 86' lang='lat' dir='ltr'>scan-</span> 
     </span>
     <span class='ocr_line' id='line_1_16' title="bbox 198 1847 2803 1939; baseline 0.002 -24"><span class='ocrx_word' id='word_1_142' title='bbox 198 1847 421 1917; x_wconf 87' lang='lat' dir='ltr'>dalum</span> <span class='ocrx_word' id='word_1_143' title='bbox 472 1868 600 1918; x_wconf 90' lang='lat' dir='ltr'>non</span> <span class='ocrx_word' id='word_1_144' title='bbox 655 1856 757 1920; x_wconf 81' lang='lat' dir='ltr'>est</span> <span class='ocrx_word' id='word_1_145' title='bbox 806 1850 1076 1936; x_wconf 86' lang='lat' dir='ltr'>proprie</span> <span class='ocrx_word' id='word_1_146' title='bbox 1124 1849 1295 1919; x_wconf 84' lang='lat' dir='ltr'>dicta</span> <span class='ocrx_word' id='word_1_147' title='bbox 1343 1868 1537 1919; x_wconf 89' lang='lat' dir='ltr'>causa</span> <span class='ocrx_word' id='word_1_148' title='bbox 1589 1852 1862 1939; x_wconf 89' lang='lat' dir='ltr'>peccati,</span> <span class='ocrx_word' id='word_1_149' title='bbox 1909 1852 2026 1921; x_wconf 92' lang='lat' dir='ltr'>sed</span> <span class='ocrx_word' id='word_1_150' title='bbox 2072 1853 2249 1922; x_wconf 90' lang='lat' dir='ltr'>illius</span> <span class='ocrx_word' id='word_1_151' title='bbox 2281 1870 2431 1920; x_wconf 85' lang='lat' dir='ltr'>vera</span> <span class='ocrx_word' id='word_1_152' title='bbox 2465 1870 2659 1921; x_wconf 90' lang='lat' dir='ltr'>causa</span> <span class='ocrx_word' id='word_1_153' title='bbox 2700 1860 2803 1921; x_wconf 88' lang='lat' dir='ltr'>est</span> 
     </span>
     <span class='ocr_line' id='line_1_17' title="bbox 201 1953 1102 2041; baseline 0 -18"><span class='ocrx_word' id='word_1_154' title='bbox 201 1953 342 2041; x_wconf 88' lang='lat' dir='ltr'>ipsa</span> <span class='ocrx_word' id='word_1_155' title='bbox 394 1956 693 2025; x_wconf 84' lang='lat' dir='ltr'>voluntas</span> <span class='ocrx_word' id='word_1_156' title='bbox 745 1957 1102 2041; x_wconf 88' lang='lat' dir='ltr'>peccantis.</span> 
     </span>
    </p>

    <p class='ocr_par' dir='ltr' id='par_1_6' title="bbox 200 2062 2796 2256">
     <span class='ocr_line' id='line_1_18' title="bbox 290 2062 2796 2152; baseline 0.002 -23"><span class='ocrx_word' id='word_1_157' title='bbox 290 2062 683 2130; x_wconf 89' lang='lat' dir='ltr'>Scandalum</span> <span class='ocrx_word' id='word_1_158' title='bbox 712 2069 812 2132; x_wconf 88' lang='lat' dir='ltr'>est</span> <span class='ocrx_word' id='word_1_159' title='bbox 839 2063 1117 2149; x_wconf 87' lang='lat' dir='ltr'>duplex:</span> <span class='ocrx_word' id='word_1_160' title='bbox 1150 2066 1424 2130; x_wconf 79' lang='lat' dir='ltr'>activum</span> <span class='ocrx_word' id='word_1_161' title='bbox 1457 2082 1576 2133; x_wconf 89' lang='lat' dir='ltr'>seu</span> <span class='ocrx_word' id='word_1_162' title='bbox 1609 2064 1877 2147; x_wconf 87' lang='lat' dir='ltr'>datum;</span> <span class='ocrx_word' id='word_1_163' title='bbox 1908 2065 2238 2152; x_wconf 73' lang='lat' dir='ltr'>passivum</span> <span class='ocrx_word' id='word_1_164' title='bbox 2271 2084 2389 2135; x_wconf 92' lang='lat' dir='ltr'>seu</span> <span class='ocrx_word' id='word_1_165' title='bbox 2431 2072 2796 2151; x_wconf 90' lang='lat' dir='ltr'>acceptum,</span> 
     </span>
     <span class='ocr_line' id='line_1_19' title="bbox 200 2171 2120 2256; baseline 0.003 -20"><span class='ocrx_word' id='word_1_166' title='bbox 200 2171 380 2254; x_wconf 85' lang='lat' dir='ltr'>quod</span> <span class='ocrx_word' id='word_1_167' title='bbox 431 2171 767 2241; x_wconf 88' lang='lat' dir='ltr'>diceretur</span> <span class='ocrx_word' id='word_1_168' title='bbox 816 2171 1038 2256; x_wconf 85' lang='lat' dir='ltr'>potius</span> <span class='ocrx_word' id='word_1_169' title='bbox 1087 2172 1362 2241; x_wconf 80' lang='lat' dir='ltr'>effectus</span> <span class='ocrx_word' id='word_1_170' title='bbox 1410 2171 1723 2241; x_wconf 87' lang='lat' dir='ltr'>scandali.</span> <span class='ocrx_word' id='word_1_171' title='bbox 2117 2175 2120 2180; x_wconf 85' lang='lat'>&#39;</span> 
     </span>
    </p>
   </div>
   <div class='ocr_carea' id='block_1_5' title="bbox 835 2493 2164 2562">
    <p class='ocr_par' dir='ltr' id='par_1_7' title="bbox 835 2493 2164 2562">
     <span class='ocr_line' id='line_1_20' title="bbox 835 2493 2164 2562; baseline -0.002 -1"><span class='ocrx_word' id='word_1_172' title='bbox 835 2495 1176 2562; x_wconf 67' lang='lat' dir='ltr'>Amemus</span> <span class='ocrx_word' id='word_1_173' title='bbox 1224 2493 1271 2561; x_wconf 89' lang='grc' dir='ltr'>Ι.</span> <span class='ocrx_word' id='word_1_174' title='bbox 1316 2530 1410 2541; x_wconf 89' lang='lat'>—-</span> <span class='ocrx_word' id='word_1_175' title='bbox 1461 2497 1544 2561; x_wconf 86' lang='lat' dir='ltr'>De</span> <span class='ocrx_word' id='word_1_176' title='bbox 1588 2493 1884 2561; x_wconf 79' lang='lat' dir='ltr'>scandalo</span> <span class='ocrx_word' id='word_1_177' title='bbox 1944 2495 2164 2560; x_wconf 77' lang='lat' dir='ltr'>activo.</span> 
     </span>
    </p>
   </div>
   <div class='ocr_carea' id='block_1_6' title="bbox 176 2743 2878 4588">
    <p class='ocr_par' dir='ltr' id='par_1_8' title="bbox 290 2743 2359 2845">
     <span class='ocr_line' id='line_1_21' title="bbox 290 2743 2359 2845; baseline -0.002 -36"><span class='ocrx_word' id='word_1_178' title='bbox 290 2744 521 2809; x_wconf 64' lang='lat' dir='ltr'>91)ss-</span> <span class='ocrx_word' id='word_1_179' title='bbox 573 2744 646 2823; x_wconf 88' lang='lat' dir='ltr'>Q.</span> <span class='ocrx_word' id='word_1_180' title='bbox 701 2746 757 2810; x_wconf 83' lang='lat' dir='ltr'>l.</span> <span class='ocrx_word' id='word_1_181' title='bbox 812 2743 975 2825; x_wconf 73' lang='lat' dir='ltr'>Quid</span> <span class='ocrx_word' id='word_1_182' title='bbox 1021 2757 1108 2812; x_wconf 84' lang='lat' dir='ltr'>est</span> <span class='ocrx_word' id='word_1_183' title='bbox 1152 2756 1209 2810; x_wconf 76' lang='lat' dir='ltr'>et</span> <span class='ocrx_word' id='word_1_184' title='bbox 1253 2743 1593 2831; x_wconf 76' lang='lat' dir='ltr'>quotupleoe</span> <span class='ocrx_word' id='word_1_185' title='bbox 1629 2744 1997 2811; x_wconf 78' lang='lat' dir='ltr'>scandalum</span> <span class='ocrx_word' id='word_1_186' title='bbox 2039 2743 2359 2845; x_wconf 57' lang='lat' dir='ltr'>activum?</span> 
     </span>
    </p>

    <p class='ocr_par' dir='ltr' id='par_1_9' title="bbox 208 2847 2800 3132">
     <span class='ocr_line' id='line_1_22' title="bbox 291 2847 2800 2935; baseline 0.001 -20"><span class='ocrx_word' id='word_1_187' title='bbox 291 2849 363 2915; x_wconf 90' lang='lat' dir='ltr'>R.</span> <span class='ocrx_word' id='word_1_188' title='bbox 415 2847 807 2917; x_wconf 87' lang='lat' dir='ltr'>Scandalum</span> <span class='ocrx_word' id='word_1_189' title='bbox 856 2851 1145 2918; x_wconf 90' lang='lat' dir='ltr'>activum</span> <span class='ocrx_word' id='word_1_190' title='bbox 1196 2855 1296 2917; x_wconf 87' lang='lat' dir='ltr'>est</span> <span class='ocrx_word' id='word_1_191' title='bbox 1344 2849 1562 2935; x_wconf 90' lang='lat' dir='ltr'>ipsum</span> <span class='ocrx_word' id='word_1_192' title='bbox 1638 2850 1888 2918; x_wconf 92' lang='lat' dir='ltr'>dictum</span> <span class='ocrx_word' id='word_1_193' title='bbox 1937 2850 2038 2917; x_wconf 87' lang='lat' dir='ltr'>vel</span> <span class='ocrx_word' id='word_1_194' title='bbox 2087 2850 2329 2918; x_wconf 82' lang='lat' dir='ltr'>factum</span> <span class='ocrx_word' id='word_1_195' title='bbox 2401 2849 2620 2918; x_wconf 86' lang='lat' dir='ltr'>minus</span> <span class='ocrx_word' id='word_1_196' title='bbox 2696 2868 2800 2918; x_wconf 84' lang='lat' dir='ltr'>re-</span> 
     </span>
     <span class='ocr_line' id='line_1_23' title="bbox 208 2955 2800 3043; baseline -0 -19"><span class='ocrx_word' id='word_1_197' title='bbox 208 2963 390 3024; x_wconf 89' lang='lat' dir='ltr'>ctum</span> <span class='ocrx_word' id='word_1_198' title='bbox 472 2957 776 3041; x_wconf 85' lang='lat' dir='ltr'>praebens</span> <span class='ocrx_word' id='word_1_199' title='bbox 826 2956 1010 3025; x_wconf 79' lang='lat' dir='ltr'>alteri</span> <span class='ocrx_word' id='word_1_200' title='bbox 1077 2956 1494 3025; x_wconf 86' lang='lat' dir='ltr'>occasionem</span> <span class='ocrx_word' id='word_1_201' title='bbox 1559 2956 1918 3043; x_wconf 88' lang='lat' dir='ltr'>spiritualis</span> <span class='ocrx_word' id='word_1_202' title='bbox 1964 2957 2197 3025; x_wconf 86' lang='lat' dir='ltr'>ruinae.</span> <span class='ocrx_word' id='word_1_203' title='bbox 2252 2960 2334 3025; x_wconf 90' lang='lat' dir='ltr'>Et</span> <span class='ocrx_word' id='word_1_204' title='bbox 2389 2955 2630 3043; x_wconf 82' lang='lat' dir='ltr'>duplex</span> <span class='ocrx_word' id='word_1_205' title='bbox 2679 2964 2800 3039; x_wconf 91' lang='lat' dir='ltr'>est,</span> 
     </span>
     <span class='ocr_line' id='line_1_24' title="bbox 208 3061 2238 3132; baseline 0.001 -4"><span class='ocrx_word' id='word_1_206' title='bbox 208 3061 534 3130; x_wconf 88' lang='lat' dir='ltr'>directum</span> <span class='ocrx_word' id='word_1_207' title='bbox 583 3071 647 3131; x_wconf 90' lang='lat' dir='ltr'>et</span> <span class='ocrx_word' id='word_1_208' title='bbox 689 3063 1106 3132; x_wconf 87' lang='lat' dir='ltr'>indirectum.</span> <span class='ocrx_word' id='word_1_209' title='bbox 2069 3090 2080 3100; x_wconf 91' lang='lat'><strong>·</strong></span> <span class='ocrx_word' id='word_1_210' title='bbox 2231 3093 2238 3100; x_wconf 90' lang='lat'><strong>·</strong></span> 
     </span>
    </p>

    <p class='ocr_par' dir='ltr' id='par_1_10' title="bbox 201 3167 2878 3897">
     <span class='ocr_line' id='line_1_25' title="bbox 292 3167 2878 3257; baseline 0 -20"><span class='ocrx_word' id='word_1_211' title='bbox 292 3171 613 3237; x_wconf 80' lang='lat' dir='ltr'>Directum</span> <span class='ocrx_word' id='word_1_212' title='bbox 660 3177 760 3239; x_wconf 88' lang='lat' dir='ltr'>est</span> <span class='ocrx_word' id='word_1_213' title='bbox 810 3172 1072 3257; x_wconf 88' lang='lat' dir='ltr'>quando</span> <span class='ocrx_word' id='word_1_214' title='bbox 1122 3172 1274 3257; x_wconf 75' lang='lat' dir='ltr'>quis</span> <span class='ocrx_word' id='word_1_215' title='bbox 1326 3170 1503 3239; x_wconf 88' lang='lat' dir='ltr'>dicto</span> <span class='ocrx_word' id='word_1_216' title='bbox 1552 3189 1677 3239; x_wconf 90' lang='lat' dir='ltr'>suo</span> <span class='ocrx_word' id='word_1_217' title='bbox 1725 3171 1825 3238; x_wconf 88' lang='lat' dir='ltr'>vel</span> <span class='ocrx_word' id='word_1_218' title='bbox 1877 3171 2047 3239; x_wconf 82' lang='lat' dir='ltr'>facto</span> <span class='ocrx_word' id='word_1_219' title='bbox 2097 3171 2317 3238; x_wconf 89' lang='lat' dir='ltr'>minus</span> <span class='ocrx_word' id='word_1_220' title='bbox 2369 3178 2552 3238; x_wconf 88' lang='lat' dir='ltr'>recto</span> <span class='ocrx_word' id='word_1_221' title='bbox 2612 3167 2805 3256; x_wconf 89' lang='lat' dir='ltr'>spiri·</span> <span class='ocrx_word' id='word_1_222' title='bbox 2873 3217 2878 3224; x_wconf 81' lang='lat'><strong>.</strong></span> 
     </span>
     <span class='ocr_line' id='line_1_26' title="bbox 207 3276 2802 3363; baseline 0.001 -21"><span class='ocrx_word' id='word_1_223' title='bbox 207 3276 450 3344; x_wconf 90' lang='lat' dir='ltr'>tualem</span> <span class='ocrx_word' id='word_1_224' title='bbox 500 3277 770 3345; x_wconf 90' lang='lat' dir='ltr'>alterius</span> <span class='ocrx_word' id='word_1_225' title='bbox 819 3279 1075 3346; x_wconf 91' lang='lat' dir='ltr'>ruinam</span> <span class='ocrx_word' id='word_1_226' title='bbox 1119 3277 1433 3360; x_wconf 87' lang='lat' dir='ltr'>intendit,</span> <span class='ocrx_word' id='word_1_227' title='bbox 1480 3277 1615 3345; x_wconf 83' lang='lat' dir='ltr'>sive</span> <span class='ocrx_word' id='word_1_228' title='bbox 1665 3277 1963 3344; x_wconf 88' lang='lat' dir='ltr'>intendat</span> <span class='ocrx_word' id='word_1_229' title='bbox 2038 3276 2406 3345; x_wconf 84' lang='lat' dir='ltr'>formaliter</span> <span class='ocrx_word' id='word_1_230' title='bbox 2452 3285 2516 3344; x_wconf 93' lang='lat' dir='ltr'>et</span> <span class='ocrx_word' id='word_1_231' title='bbox 2564 3295 2684 3363; x_wconf 90' lang='lat' dir='ltr'>per</span> <span class='ocrx_word' id='word_1_232' title='bbox 2729 3295 2802 3345; x_wconf 90' lang='lat' dir='ltr'>se</span> 
     </span>
     <span class='ocr_line' id='line_1_27' title="bbox 207 3382 2800 3471; baseline 0.001 -22"><span class='ocrx_word' id='word_1_233' title='bbox 207 3382 419 3468; x_wconf 85' lang='lat' dir='ltr'>(quod</span> <span class='ocrx_word' id='word_1_234' title='bbox 466 3385 662 3451; x_wconf 88' lang='lat' dir='ltr'>etiam</span> <span class='ocrx_word' id='word_1_235' title='bbox 710 3396 944 3454; x_wconf 88' lang='lat' dir='ltr'>vocant</span> <span class='ocrx_word' id='word_1_236' title='bbox 993 3384 1375 3454; x_wconf 90' lang='lat' dir='ltr'>scandalum</span> <span class='ocrx_word' id='word_1_237' title='bbox 1409 3384 1837 3469; x_wconf 74' lang='lat' dir='ltr'>diabolicum),</span> <span class='ocrx_word' id='word_1_238' title='bbox 1892 3391 1966 3451; x_wconf 88' lang='lat' dir='ltr'>ut</span> <span class='ocrx_word' id='word_1_239' title='bbox 2014 3384 2069 3451; x_wconf 90' lang='lat' dir='ltr'>si</span> <span class='ocrx_word' id='word_1_240' title='bbox 2121 3384 2292 3451; x_wconf 88' lang='lat' dir='ltr'>male</span> <span class='ocrx_word' id='word_1_241' title='bbox 2328 3383 2563 3453; x_wconf 88' lang='lat' dir='ltr'>habeat</span> <span class='ocrx_word' id='word_1_242' title='bbox 2600 3382 2800 3471; x_wconf 86' lang='lat' dir='ltr'>quod,</span> 
     </span>
     <span class='ocr_line' id='line_1_28' title="bbox 205 3490 2802 3578; baseline 0 -22"><span class='ocrx_word' id='word_1_243' title='bbox 205 3507 264 3558; x_wconf 90' lang='lat' dir='ltr'>v.</span> <span class='ocrx_word' id='word_1_244' title='bbox 313 3508 393 3576; x_wconf 84' lang='lat' dir='ltr'>g.,</span> <span class='ocrx_word' id='word_1_245' title='bbox 454 3490 664 3559; x_wconf 87' lang='lat' dir='ltr'>Titius</span> <span class='ocrx_word' id='word_1_246' title='bbox 714 3493 799 3559; x_wconf 87' lang='lat' dir='ltr'>sit</span> <span class='ocrx_word' id='word_1_247' title='bbox 847 3492 911 3560; x_wconf 89' lang='lat' dir='ltr'>in</span> <span class='ocrx_word' id='word_1_248' title='bbox 963 3492 1168 3578; x_wconf 85' lang='lat' dir='ltr'>gratia</span> <span class='ocrx_word' id='word_1_249' title='bbox 1216 3498 1280 3560; x_wconf 91' lang='lat' dir='ltr'>et</span> <span class='ocrx_word' id='word_1_250' title='bbox 1328 3490 1478 3559; x_wconf 88' lang='lat' dir='ltr'>ideo</span> <span class='ocrx_word' id='word_1_251' title='bbox 1528 3509 1682 3559; x_wconf 90' lang='lat' dir='ltr'>eum</span> <span class='ocrx_word' id='word_1_252' title='bbox 1732 3490 2067 3574; x_wconf 88' lang='lat' dir='ltr'>sollicitet,</span> <span class='ocrx_word' id='word_1_253' title='bbox 2121 3499 2190 3558; x_wconf 90' lang='lat' dir='ltr'>ut</span> <span class='ocrx_word' id='word_1_254' title='bbox 2246 3491 2428 3558; x_wconf 90' lang='lat' dir='ltr'>illam</span> <span class='ocrx_word' id='word_1_255' title='bbox 2499 3491 2802 3569; x_wconf 89' lang='lat' dir='ltr'>amittat;</span> 
     </span>
     <span class='ocr_line' id='line_1_29' title="bbox 202 3594 2803 3685; baseline -0 -21"><span class='ocrx_word' id='word_1_256' title='bbox 202 3594 345 3664; x_wconf 90' lang='lat' dir='ltr'>sive</span> <span class='ocrx_word' id='word_1_257' title='bbox 401 3597 828 3666; x_wconf 86' lang='lat' dir='ltr'>materialiter</span> <span class='ocrx_word' id='word_1_258' title='bbox 875 3606 939 3669; x_wconf 92' lang='lat' dir='ltr'>et</span> <span class='ocrx_word' id='word_1_259' title='bbox 976 3617 1094 3684; x_wconf 91' lang='lat' dir='ltr'>per</span> <span class='ocrx_word' id='word_1_260' title='bbox 1127 3597 1454 3680; x_wconf 82' lang='lat' dir='ltr'>accidenS‚</span> <span class='ocrx_word' id='word_1_261' title='bbox 1490 3616 1638 3666; x_wconf 90' lang='lat' dir='ltr'>cum</span> <span class='ocrx_word' id='word_1_262' title='bbox 1674 3613 1912 3682; x_wconf 90' lang='lat' dir='ltr'>nempe</span> <span class='ocrx_word' id='word_1_263' title='bbox 1947 3597 2262 3683; x_wconf 90' lang='lat' dir='ltr'>primario</span> <span class='ocrx_word' id='word_1_264' title='bbox 2298 3616 2428 3666; x_wconf 90' lang='lat' dir='ltr'>non</span> <span class='ocrx_word' id='word_1_265' title='bbox 2479 3597 2803 3685; x_wconf 84' lang='lat' dir='ltr'>quaeritur</span> 
     </span>
     <span class='ocr_line' id='line_1_30' title="bbox 201 3703 2798 3791; baseline 0 -20"><span class='ocrx_word' id='word_1_266' title='bbox 201 3703 327 3771; x_wconf 88' lang='lat' dir='ltr'>nisi</span> <span class='ocrx_word' id='word_1_267' title='bbox 378 3705 746 3788; x_wconf 84' lang='lat' dir='ltr'>delectatio,</span> <span class='ocrx_word' id='word_1_268' title='bbox 792 3706 888 3774; x_wconf 91' lang='lat' dir='ltr'>vel</span> <span class='ocrx_word' id='word_1_269' title='bbox 927 3705 1172 3773; x_wconf 88' lang='lat' dir='ltr'>utilitas</span> <span class='ocrx_word' id='word_1_270' title='bbox 1221 3724 1255 3772; x_wconf 90' lang='lat' dir='ltr'>a</span> <span class='ocrx_word' id='word_1_271' title='bbox 1307 3710 1577 3791; x_wconf 89' lang='lat' dir='ltr'>peccato</span> <span class='ocrx_word' id='word_1_272' title='bbox 1626 3712 1907 3791; x_wconf 87' lang='lat' dir='ltr'>sperata,</span> <span class='ocrx_word' id='word_1_273' title='bbox 1960 3711 2030 3771; x_wconf 90' lang='lat' dir='ltr'>ut</span> <span class='ocrx_word' id='word_1_274' title='bbox 2079 3704 2131 3772; x_wconf 89' lang='lat' dir='ltr'>si</span> <span class='ocrx_word' id='word_1_275' title='bbox 2169 3705 2396 3774; x_wconf 86' lang='lat' dir='ltr'>volens</span> <span class='ocrx_word' id='word_1_276' title='bbox 2430 3723 2570 3773; x_wconf 83' lang='lat' dir='ltr'>suae</span> <span class='ocrx_word' id='word_1_277' title='bbox 2607 3705 2798 3772; x_wconf 81' lang='lat' dir='ltr'>malae</span> 
     </span>
     <span class='ocr_line' id='line_1_31' title="bbox 202 3811 2167 3897; baseline -0.001 -17"><span class='ocrx_word' id='word_1_278' title='bbox 202 3811 495 3897; x_wconf 87' lang='lat' dir='ltr'>cupidini</span> <span class='ocrx_word' id='word_1_279' title='bbox 547 3811 945 3896; x_wconf 78' lang='lat' dir='ltr'>satisfacere,</span> <span class='ocrx_word' id='word_1_280' title='bbox 997 3813 1197 3879; x_wconf 91' lang='lat' dir='ltr'>alium</span> <span class='ocrx_word' id='word_1_281' title='bbox 1248 3813 1327 3879; x_wconf 88' lang='lat' dir='ltr'>ad</span> <span class='ocrx_word' id='word_1_282' title='bbox 1376 3811 1832 3881; x_wconf 80' lang='lat' dir='ltr'>fornicandum</span> <span class='ocrx_word' id='word_1_283' title='bbox 1881 3812 2167 3880; x_wconf 89' lang='lat' dir='ltr'>inducat.</span> 
     </span>
    </p>

    <p class='ocr_par' dir='ltr' id='par_1_11' title="bbox 176 3918 2802 4588">
     <span class='ocr_line' id='line_1_32' title="bbox 293 3918 2801 4008; baseline 0 -21"><span class='ocrx_word' id='word_1_284' title='bbox 293 3920 676 3988; x_wconf 79' lang='lat' dir='ltr'>Indirectum</span> <span class='ocrx_word' id='word_1_285' title='bbox 724 3930 826 3989; x_wconf 88' lang='lat' dir='ltr'>est</span> <span class='ocrx_word' id='word_1_286' title='bbox 874 3918 1139 4008; x_wconf 88' lang='lat' dir='ltr'>quando</span> <span class='ocrx_word' id='word_1_287' title='bbox 1190 3920 1338 4006; x_wconf 90' lang='lat' dir='ltr'>quis</span> <span class='ocrx_word' id='word_1_288' title='bbox 1376 3939 1505 3989; x_wconf 94' lang='lat' dir='ltr'>non</span> <span class='ocrx_word' id='word_1_289' title='bbox 1540 3920 1891 3989; x_wconf 87' lang='lat' dir='ltr'>intendens</span> <span class='ocrx_word' id='word_1_290' title='bbox 1929 3921 2188 3988; x_wconf 90' lang='lat' dir='ltr'>ruinam</span> <span class='ocrx_word' id='word_1_291' title='bbox 2228 3919 2517 4005; x_wconf 87' lang='lat' dir='ltr'>proximi</span> <span class='ocrx_word' id='word_1_292' title='bbox 2552 3918 2801 4005; x_wconf 88' lang='lat' dir='ltr'>aliquid</span> 
     </span>
     <span class='ocr_line' id='line_1_33' title="bbox 201 4027 2801 4115; baseline 0 -19"><span class='ocrx_word' id='word_1_293' title='bbox 201 4028 383 4110; x_wconf 89' lang='lat' dir='ltr'>dicit,</span> <span class='ocrx_word' id='word_1_294' title='bbox 432 4029 530 4096; x_wconf 83' lang='lat' dir='ltr'>vel</span> <span class='ocrx_word' id='word_1_295' title='bbox 580 4028 732 4097; x_wconf 78' lang='lat' dir='ltr'>facit</span> <span class='ocrx_word' id='word_1_296' title='bbox 784 4029 846 4096; x_wconf 91' lang='lat' dir='ltr'>in</span> <span class='ocrx_word' id='word_1_297' title='bbox 898 4029 1244 4115; x_wconf 86' lang='lat' dir='ltr'>proprium</span> <span class='ocrx_word' id='word_1_298' title='bbox 1294 4027 1740 4111; x_wconf 88' lang='lat' dir='ltr'>commodum,</span> <span class='ocrx_word' id='word_1_299' title='bbox 1777 4028 1958 4115; x_wconf 85' lang='lat' dir='ltr'>quod</span> <span class='ocrx_word' id='word_1_300' title='bbox 1991 4036 2095 4096; x_wconf 89' lang='lat' dir='ltr'>est</span> <span class='ocrx_word' id='word_1_301' title='bbox 2131 4027 2318 4109; x_wconf 84' lang='lat' dir='ltr'>alteri</span> <span class='ocrx_word' id='word_1_302' title='bbox 2355 4027 2619 4096; x_wconf 89' lang='lat' dir='ltr'>occasio</span> <span class='ocrx_word' id='word_1_303' title='bbox 2648 4045 2801 4114; x_wconf 90' lang='lat' dir='ltr'>pec-</span> 
     </span>
     <span class='ocr_line' id='line_1_34' title="bbox 202 4134 2802 4232; baseline -0.001 -28"><span class='ocrx_word' id='word_1_304' title='bbox 202 4137 355 4204; x_wconf 83' lang='lat' dir='ltr'>cati,</span> <span class='ocrx_word' id='word_1_305' title='bbox 421 4135 497 4204; x_wconf 92' lang='lat' dir='ltr'>Id</span> <span class='ocrx_word' id='word_1_306' title='bbox 545 4144 646 4204; x_wconf 89' lang='lat' dir='ltr'>est</span> <span class='ocrx_word' id='word_1_307' title='bbox 690 4134 952 4224; x_wconf 88' lang='lat' dir='ltr'>quando</span> <span class='ocrx_word' id='word_1_308' title='bbox 1004 4136 1267 4206; x_wconf 89' lang='lat' dir='ltr'>nonnisi</span> <span class='ocrx_word' id='word_1_309' title='bbox 1319 4135 1643 4205; x_wconf 88' lang='lat' dir='ltr'>indirecte</span> <span class='ocrx_word' id='word_1_310' title='bbox 1692 4143 1757 4205; x_wconf 89' lang='lat' dir='ltr'>et</span> <span class='ocrx_word' id='word_1_311' title='bbox 1805 4134 2300 4232; x_wconf 78' lang='lat' dir='ltr'>interpretative</span> <span class='ocrx_word' id='word_1_312' title='bbox 2358 4141 2669 4212; x_wconf 82' lang='lat' dir='ltr'>causatur</span> <span class='ocrx_word' id='word_1_313' title='bbox 2712 4135 2802 4202; x_wconf 89' lang='lat' dir='ltr'>al-</span> 
     </span>
     <span class='ocr_line' id='line_1_35' title="bbox 208 4242 2802 4338; baseline -0 -25"><span class='ocrx_word' id='word_1_314' title='bbox 208 4246 414 4313; x_wconf 84' lang='lat' dir='ltr'>terius</span> <span class='ocrx_word' id='word_1_315' title='bbox 464 4251 829 4331; x_wconf 88' lang='lat' dir='ltr'>peccatum,</span> <span class='ocrx_word' id='word_1_316' title='bbox 880 4251 1208 4332; x_wconf 90' lang='lat' dir='ltr'>quatenus</span> <span class='ocrx_word' id='word_1_317' title='bbox 1261 4262 1499 4330; x_wconf 89' lang='lat' dir='ltr'>nempe</span> <span class='ocrx_word' id='word_1_318' title='bbox 1550 4243 1970 4330; x_wconf 84' lang='lat' dir='ltr'>praevidetur,</span> <span class='ocrx_word' id='word_1_319' title='bbox 2026 4244 2121 4311; x_wconf 88' lang='lat' dir='ltr'>vel</span> <span class='ocrx_word' id='word_1_320' title='bbox 2177 4242 2562 4338; x_wconf 15' lang='lat' dir='ltr'>praevideri*</span> <span class='ocrx_word' id='word_1_321' title='bbox 2579 4251 2802 4329; x_wconf 88' lang='lat' dir='ltr'>potest</span> 
     </span>
     <span class='ocr_line' id='line_1_36' title="bbox 206 4348 2797 4437; baseline 0.001 -19"><span class='ocrx_word' id='word_1_322' title='bbox 206 4367 282 4419; x_wconf 89' lang='lat' dir='ltr'>ac</span> <span class='ocrx_word' id='word_1_323' title='bbox 332 4350 530 4419; x_wconf 86' lang='lat' dir='ltr'>debet</span> <span class='ocrx_word' id='word_1_324' title='bbox 579 4370 659 4421; x_wconf 89' lang='lat' dir='ltr'>ex</span> <span class='ocrx_word' id='word_1_325' title='bbox 708 4351 812 4419; x_wconf 91' lang='lat' dir='ltr'>illa</span> <span class='ocrx_word' id='word_1_326' title='bbox 864 4352 1125 4420; x_wconf 86' lang='lat' dir='ltr'>actione</span> <span class='ocrx_word' id='word_1_327' title='bbox 1174 4350 1555 4419; x_wconf 90' lang='lat' dir='ltr'>scandalum</span> <span class='ocrx_word' id='word_1_328' title='bbox 1603 4350 1672 4417; x_wconf 91' lang='lat' dir='ltr'>in</span> <span class='ocrx_word' id='word_1_329' title='bbox 1730 4348 2032 4437; x_wconf 88' lang='lat' dir='ltr'>proximo</span> <span class='ocrx_word' id='word_1_330' title='bbox 2106 4356 2538 4418; x_wconf 86' lang='lat' dir='ltr'>secuturum:</span> <span class='ocrx_word' id='word_1_331' title='bbox 2614 4358 2684 4418; x_wconf 90' lang='lat' dir='ltr'>ut</span> <span class='ocrx_word' id='word_1_332' title='bbox 2739 4351 2797 4420; x_wconf 91' lang='lat' dir='ltr'>si</span> 
     </span>
     <span class='ocr_line' id='line_1_37' title="bbox 204 4453 2800 4546; baseline 0 -19"><span class='ocrx_word' id='word_1_333' title='bbox 204 4457 313 4527; x_wconf 89' lang='lat' dir='ltr'>die</span> <span class='ocrx_word' id='word_1_334' title='bbox 346 4453 562 4527; x_wconf 74' lang='lat' dir='ltr'>&#39;vetito</span> <span class='ocrx_word' id='word_1_335' title='bbox 612 4459 1199 4544; x_wconf 66' lang='lat' dir='ltr'>carnescomedas</span> <span class='ocrx_word' id='word_1_336' title='bbox 1252 4476 1473 4528; x_wconf 92' lang='lat' dir='ltr'>coram</span> <span class='ocrx_word' id='word_1_337' title='bbox 1522 4459 1690 4543; x_wconf 85' lang='lat' dir='ltr'>aliis,</span> <span class='ocrx_word' id='word_1_338' title='bbox 1749 4475 1881 4527; x_wconf 91' lang='lat' dir='ltr'>non</span> <span class='ocrx_word' id='word_1_339' title='bbox 1941 4456 2221 4528; x_wconf 91' lang='lat' dir='ltr'>dicendo</span> <span class='ocrx_word' id='word_1_340' title='bbox 2303 4457 2484 4546; x_wconf 87' lang='lat' dir='ltr'>quod</span> <span class='ocrx_word' id='word_1_341' title='bbox 2559 4455 2800 4529; x_wconf 88' lang='lat' dir='ltr'>babeas</span> 
     </span>
     <span class='ocr_line' id='line_1_38' title="bbox 176 4555 2442 4588; baseline 0 0"><span class='ocrx_word' id='word_1_342' title='bbox 176 4555 199 4568; x_wconf 66' lang='lat'><em>⁶</em></span> <span class='ocrx_word' id='word_1_343' title='bbox 2411 4555 2442 4588; x_wconf 71' lang='lat'><em>0</em></span> 
     </span>
    </p>
   </div>
   <div class='ocr_carea' id='block_1_7' title="bbox 266 4681 2557 4754">
    <p class='ocr_par' dir='ltr' id='par_1_12' title="bbox 266 4681 2557 4754">
     <span class='ocr_line' id='line_1_39' title="bbox 266 4681 2557 4754; baseline 0.002 -16"><span class='ocrx_word' id='word_1_344' title='bbox 266 4686 289 4727; x_wconf 90' lang='lat'><strong>¹</strong></span> <span class='ocrx_word' id='word_1_345' title='bbox 332 4681 390 4739; x_wconf 77' lang='lat' dir='ltr'>V.</span> <span class='ocrx_word' id='word_1_346' title='bbox 428 4688 657 4751; x_wconf 66' lang='lat' dir='ltr'>menori,</span> <span class='ocrx_word' id='word_1_347' title='bbox 694 4689 849 4753; x_wconf 75' lang='lat' dir='ltr'>Opus.</span> <span class='ocrx_word' id='word_1_348' title='bbox 884 4690 1043 4753; x_wconf 58' lang='lat' dir='ltr'>Mor„</span> <span class='ocrx_word' id='word_1_349' title='bbox 1076 4688 1114 4740; x_wconf 91' lang='lat' dir='ltr'>l.</span> <span class='ocrx_word' id='word_1_350' title='bbox 1148 4701 1226 4752; x_wconf 86' lang='lat' dir='ltr'>m,</span> <span class='ocrx_word' id='word_1_351' title='bbox 1260 4699 1316 4740; x_wconf 90' lang='lat' dir='ltr'>n.</span> <span class='ocrx_word' id='word_1_352' title='bbox 1350 4689 1446 4741; x_wconf 84' lang='grc'>630</span> <span class='ocrx_word' id='word_1_353' title='bbox 2006 4687 2034 4730; x_wconf 76' lang='lat'>²</span> <span class='ocrx_word' id='word_1_354' title='bbox 2064 4692 2113 4753; x_wconf 79' lang='lat'>2,</span> <span class='ocrx_word' id='word_1_355' title='bbox 2145 4693 2197 4750; x_wconf 72' lang='grc' dir='ltr'>Ξ,</span> <span class='ocrx_word' id='word_1_356' title='bbox 2228 4701 2280 4754; x_wconf 82' lang='lat' dir='ltr'>q.</span> <span class='ocrx_word' id='word_1_357' title='bbox 2314 4688 2394 4753; x_wconf 76' lang='lat'>43,</span> <span class='ocrx_word' id='word_1_358' title='bbox 2427 4700 2475 4742; x_wconf 78' lang='lat' dir='ltr'>a.</span> <span class='ocrx_word' id='word_1_359' title='bbox 2509 4692 2557 4742; x_wconf 76' lang='grc' dir='ltr'>ι.</span> 
     </span>
    </p>
   </div>
  </div>
 </body>
</html>
