3292 5167
495 205 631 271 534·
1158 221 1273 270 mn.
1322 221 1388 269 ιι.
1435 225 1648 271 τιμον.
1698 223 1804 272 νιι.
1846 222 2002 270 nist.
2055 222 2119 272 ιι.
2164 226 2297 272 σιν.
2354 222 2451 270 ιιι.

501 334 751 414 peccat,
801 325 1037 395 saitem
1071 326 1393 411 graviter,
1429 326 1645 395 incola
1696 326 1763 395 in
1810 326 2044 410 eadem
2092 328 2583 398 Communitate
2625 333 2853 396 contra
2891 327 3127 414 prohi-

500 435 824 504 hitionem
874 433 1056 502 iiiam
1107 434 1281 518 ligna
1328 434 1631 504 caedens:
1695 452 1912 520 neque
1971 443 2237 505 tenetur
2287 434 2371 506 ad
2420 435 2934 518 restitutionem,
2988 437 3119 507 nisi

501 533 804 627 magnam
853 541 1083 608 fecerit
1133 541 1460 626 tignorum
1516 542 1994 632 stragem„sed
2048 550 2315 612 tenetur
2385 550 2644 610 tantum
2715 541 2799 612 ad
2846 561 3119 629 poenam

501 658 655 736 post
695 648 935 734 judicis
983 649 1381 717 sententiam
1432 645 1478 715 ¹.
1529 649 1704 718 Talis
1753 649 1932 719 enim
1981 649 2342 736 prohibitio
2420 649 2704 719 habetur
2777 652 2872 719 uti
2948 671 3125 738 pure

504 755 807 841 poenalis,
857 754 1053 824 sicuti
1097 755 1227 823 fert
1275 756 1651 825 communis
1699 764 1900 842 atque
1951 765 2214 842 recepta
2265 757 2684 826 consuetudo
2742 762 2795 824 ².

591 861 924 932 Diximus:
977 861 1100 930 nisi
1152 881 1455 948 nmquam
1495 862 1695 948 faciat
1768 863 2086 949 liquorum
2135 875 2454 949 straqem;
2504 871 2661 931 tunc
2712 863 2892 932 enim
2924 881 3125 933 exce·

505 968 692 1037 deret
741 969 804 1036 in
846 969 996 1054 jnre
1029 988 1153 1038 suo
1190 968 1569 1054 particulari
1603 978 1672 1037 et
1710 969 2062 1039 restituere
2096 969 2370 1040 deberet
2420 970 2894 1040 communitati
2930 971 3120 1042 laesae

504 1077 774 1160 (nempe
824 1075 1223 1159 pauperibus
1275 1075 1377 1143 vel
1426 1076 1535 1160 pio
1584 1076 1892 1146 instituto
1941 1077 2071 1145 ioci
2120 1076 2351 1161 ipsius,
2402 1095 2553 1146 cum
2603 1077 2938 1146 restitutio
3009 1097 3121 1146 or-

504 1181 756 1251 dinarie
801 1182 928 1250 aiio
977 1181 1176 1252 modo
1224 1190 1508 1268 nequeat
1555 1182 1748 1268 fieri).
1799 1187 1957 1252 Haec
2002 1195 2247 1265 tamen,
2285 1192 2361 1252 ut
2388 1204 2629 1271 mayna
2660 1183 2941 1266 dicatur,
2979 1204 3125 1254 non

505 1297 609 1358 est
653 1289 1048 1357 attendenda
1097 1290 1377 1375 gravitas
1426 1291 1720 1366 materiae
1771 1290 1837 1358 in
1887 1310 1979 1372 se,
2040 1291 2161 1360 sed
2207 1290 2523 1359 damnum
2594 1290 2774 1376 quod
2829 1290 2961 1376 ipsi
3010 1293 3120 1360 iu-

506 1394 715 1463 fertur
762 1396 1254 1466 Communitati.
1305 1396 1471 1464 Hinc
1521 1395 1780 1464 videtur
1816 1414 1946 1465 non
1996 1415 2272 1483 peccare
2325 1398 2561 1466 saltem
2596 1398 2971 1466 mortaliter
3001 1398 3127 1483 qui

505 1503 631 1571 sihi
683 1512 1021 1588 comparat
1071 1520 1270 1571 unam
1317 1503 1646 1572 sarcinam
1696 1505 1974 1590 singuiis
2023 1504 2258 1575 diebus
2311 1524 2428 1591 pro
2480 1522 2602 1573 uso
2656 1505 2964 1590 proprie,
3020 1506 3125 1573 vei

506 1611 669 1678 duas
715 1611 995 1696 singulis
1045 1610 1577 1684 hebdomadibus
1627 1614 1827 1682 etiam
1876 1612 1956 1682 ad
2008 1612 2422 1681 vendendum
2438 1639 2456 1694 3
2510 1613 2662 1698 quia
2696 1612 2878 1698 quod
2933 1612 3129 1683 dives

507 1719 748 1803 accipit
775 1717 856 1786 ad
893 1737 1087 1786 usum
1123 1720 1487 1804 proprium,
1523 1738 1776 1804 pauper
1806 1720 2045 1805 accipit
2098 1719 2179 1787 ad
2217 1720 2634 1790 vendendum
2668 1728 2741 1788 ut
2777 1720 2945 1787 vivat
2981 1722 3125 1804 (R).

596 1829 803 1896 265.
854 1830 926 1907 Q.
977 1830 1037 1895 7.
1090 1827 1254 1908 Quid
1296 1826 1683 1894 sentiendum
1728 1827 1802 1894 de
1844 1829 2012 1914 furto
2061 1828 2335 1896 umoris?

597 1937 666 2004 R.
719 1937 896 2004 Uxor
936 1934 1092 2001 furti
1143 1953 1252 2004 rea
1296 1952 1429 2004 non
1478 1942 1579 2002 est
1628 1934 2063 2004 subducendo
2116 1936 2336 2022 aliqua
2374 1935 2456 2004 de
2490 1935 2963 2005 communibus
2997 1935 3123 2003 ho-

508 2042 613 2110 nis
663 2042 816 2126 (etsi
866 2042 1102 2110 habeat
1148 2042 1323 2110 bona
1373 2041 1670 2126 propria)
1722 2061 1841 2127 pro
1892 2041 2088 2124 victu,
2124 2043 2390 2126 vestitu,
2424 2041 2802 2128 ceterisque
2838 2035 3123 2110 familias

514 2149 927 2230 necessariis,
979 2149 1076 2217 vei
1128 2167 1247 2234 pro
1297 2148 1655 2218 ordinariis
1706 2147 2149 2235 eleemosynis
2185 2167 2339 2235 quae
2374 2165 2559 2234 saepe
2591 2148 2809 2216 mariti
2848 2167 2984 2217 non
3018 2149 3125 2216 in-

508 2256 856 2342 telligunt,
910 2255 1008 2325 vel
1057 2256 1295 2326 nolunt
1339 2256 1747 2342 intelligere;
1796 2264 1862 2324 et
1908 2257 2057 2325 ideo
2107 2257 2352 2325 frustra
2398 2258 2479 2325 ab
2529 2256 2657 2325 iliis
2706 2263 3123 2342 peterentur,

508 2363 609 2431 vel
661 2362 921 2431 nonnisi
974 2380 1126 2431 cum
1167 2361 1455 2430 rixarum
1508 2363 1835 2449 periculo:
1894 2364 2090 2432 etiam
2124 2362 2542 2432 consuetudo
2583 2366 2713 2431 tale
2745 2361 2856 2448 jus
2901 2361 3120 2431 eidem

510 2470 816 2539 concedit
852 2472 901 2538 ⁴.
938 2472 1109 2538 Sane
1140 2488 1312 2537 uxor
1361 2487 1491 2538 non
1542 2478 1645 2538 est
1692 2470 2124 2555 mancipium,
2160 2469 2280 2539 sed
2307 2470 2489 2539 socia
2525 2469 2678 2550 viri3
2712 2487 2873 2555 ergo
2923 2469 3121 2555 plane

511 2595 751 2663 expers
787 2597 934 2647 esse
971 2597 1102 2646 non
1143 2577 1340 2647 debet
1388 2578 1978 2647 administrationis
2027 2576 2447 2657 domesticae3
2521 2577 2776 2645 etiamsi
2830 2577 2971 2645 viro
3020 2576 3122 2646 uti

513 2687 711 2771 capiti
759 2687 1056 2772 subjecta
1106 2686 1210 2755 sit.
1261 2689 1401 2755 Hoc
1444 2694 1660 2756 tamen
1696 2704 1845 2756 esse
1880 2685 2079 2754 debet
2116 2687 2183 2754 in
2223 2704 2297 2754 ea
2333 2703 2669 2767 mensura,
2708 2703 2909 2770 quam
2958 2703 3120 2771 pro·

513 2796 703 2882 prius
762 2804 976 2864 status
1043 2795 1371 2880 concedit,
1419 2805 1485 2864 et
1545 2813 1745 2882 quam
1792 2795 2233 2865 communiter
2280 2802 2506 2864 tenere
2552 2793 2770 2862 solent
2814 2792 3123 2879 ejusdem

511 2903 909 2973 conditionis
943 2905 1270 2972 timoratae
1320 2922 1593 2985 uxores;
1650 2922 1801 2973 nam
1848 2905 1904 2972 si
1954 2921 2142 2984 uxor,
2194 2904 2432 2971 marito
2484 2900 2967 2970 rationabiliter
3019 2906 3122 2969 iu-

510 3011 665 3092 vito‚
719 3011 815 3078 vel
864 3010 1008 3098 ejus
1057 3011 1393 3080 voluntate
1443 3029 1573 3079 non
1623 3011 1785 3079 satis
1849 3009 2211 3096 prudenter
2281 3017 2710 3095 praesumpta,
2766 3008 3123 3092 frumenta,

513 3119 828 3203 pecunias
876 3127 941 3186 et
991 3118 1367 3205 huJ‘usmodi
1417 3118 1482 3186 in
1533 3117 1805 3187 notabili
1842 3118 2211 3204 quantitate
2258 3115 2671 3202 impenderet
2705 3116 2772 3183 in
2821 3116 3119 3186 eleemo-

513 3242 731 3309 synas,
764 3224 1175 3308 donationeS,
1225 3226 1482 3309 itinera,
1531 3240 1614 3294 ex
1660 3225 1855 3294 bonis
1904 3242 2165 3310 nempe,
2217 3242 2367 3308 quae
2418 3224 2765 3310 subjacent
2831 3221 3120 3292 admini-

514 3333 815 3401 strationi
852 3334 1088 3417 mariti,
1126 3342 1427 3418 peccaret
1459 3335 1777 3419 graviter-3
1827 3351 1978 3401 cum
2028 3340 2275 3418 praeter
2312 3332 2640 3417 injuriam,
2689 3347 2840 3416 quaa
2876 3330 3123 3399 marito

445 3487 466 3510 .
515 3441 645 3527 ipsi
693 3441 1117 3527 irrogaretur,
1166 3442 1430 3511 familiae
1480 3442 1680 3511 etiam
1750 3439 2209 3530 praejudicium
2258 3459 2392 3509 non
2443 3439 2582 3508 leve
2628 3456 2709 3507 ex
2757 3437 2958 3506 nimia
3006 3439 3119 3506 ilia

513 3547 908 3617 liberalitate
947 3557 1131 3618 certo
1179 3549 1620 3637 impenderet.

595 3672 759 3749 Quid
797 3675 855 3736 si
893 3677 1118 3738 umoris
1170 3683 1374 3756 pater,
1441 3682 1663 3750 mater,
1724 3675 1820 3737 vel
1881 3674 2088 3753 proles
2151 3673 2280 3736 alio
2346 3672 2748 3735 matrimonio
2809 3678 3111 3748 suscepta·

512 3759 745 3836 eqeat?
788 3755 905 3819 Ubi
950 3758 1219 3820 maritus
1265 3758 1430 3819 nolit
1474 3758 1629 3836 ipsis
1672 3755 1998 3835 opitulari,
2066 3757 2297 3833 poterit
2367 3767 2526 3817 uxor
2586 3751 2765 3816 aiere
2820 3766 2900 3818 ex
2944 3764 3113 3816 com·

575 3921 597 3963 ¹
635 3924 693 3974 V.
731 3926 850 3977 cod.
881 3939 1042 3989 poen„
1079 3927 1179 3977 art.
1210 3925 1306 3978 624
1338 3924 1393 3975 et
1420 3924 1542 3985 6743
1579 3923 1689 3974 ΗΒ.
1722 3924 1925 3982 Patent.
1958 3925 2017 3975 16
2050 3923 2198 3986 sept,
2234 3922 2392 3984 1845;
2425 3921 2619 3994 ettex
2648 3923 2683 3972 8
2710 3918 2851 3993 julii,
2888 3917 3030 3971 1851.
3058 3985 3064 3990 .

577 3986 602 4026 ²
635 3987 692 4037 ld
727 3990 869 4041 tenet
898 3990 1108 4043 etiamsi
1141 3988 1263 4052 quis
1298 3988 1440 4050 tigna.
1469 3985 1638 4038 caedat
1669 3987 1737 4037 de
1767 3987 1924 4044 sylva
1954 3987 2185 4039 atterius
2216 3984 2632 4037 communitatis
2670 3993 2883 4041 vicinae,
2920 3983 2984 4053 ut
3017 3982 3123 4053 13*ss-

514 4047 729 4113 liuciuS,
769 4052 910 4115 Lugo
943 4054 995 4104 et
1024 4052 1215 4102 Motina
1248 4048 1467 4112 docent3
1516 4049 1648 4113 quia.
1696 4048 1785 4099 itia
1817 4048 2186 4102 communitas
2240 4046 2450 4097 videtur
2492 4057 2608 4097 esse
2663 4045 2919 4095 contenta
2968 4041 3125 4117 illius

516 4121 705 4174 poenae,
739 4125 902 4177 quam
937 4127 969 4165 a
1001 4110 1328 4166 caedentibus
1361 4111 1550 4173 exigit:
1586 4113 1639 4163 et
1672 4113 1774 4162 hoc
1806 4112 2147 4174 praesurnitur
2177 4121 2301 4161 cum
2334 4108 2463 4160 laesa
2505 4109 2643 4168 silet,
2700 4117 2875 4169 neque
2929 4104 3117 4180 damni

517 4185 615 4237 per
639 4178 902 4237 lignorum
937 4187 1197 4229 caesuram
1254 4173 1466 4227 sibimet
1498 4173 1734 4237 irrogati,
1770 4185 1893 4225 com
1960 4173 2262 4226 nsationem
2296 4173 2466 4223 curat.
2503 4169 2655 4231 Quod
2692 4172 2877 4219 autem
2910 4167 3123 4221 dictum

522 4239 605 4290 est
641 4238 705 4288 de
738 4239 920 4302 sylvis,
956 4237 1133 4304 quoad
1166 4236 1482 4289 scissionem
1517 4234 1791 4300 arborum,
1820 4235 2012 4288 dictur
2042 4236 2201 4287 etiarn
2234 4233 2301 4285 de
2331 4233 2471 4296 agris
2501 4245 2565 4306 ac
2599 4230 2763 4295 pratis
2794 4228 2977 4294 quoad
3024 4239 3120 4293 pa·

519 4302 717 4355 scande
749 4302 1021 4362 animati-a.
1055 4327 1118 4339 —
1161 4301 1214 4353 V.
1249 4300 1479 4361 Lignori,
1520 4297 1614 4359 Op.
1645 4299 1801 4358 Mor„
1844 4299 1876 4349 l.
1911 4310 1947 4349 ιι
2000 4310 2052 4349 ιι.
2084 4300 2195 4349 529.
2223 4319 2289 4334 --
2322 4299 2581 4357 Ferrar183
2620 4294 2679 4346 V.
2707 4295 2927 4344 Pascua.

584 4367 607 4407 ⁸
641 4364 792 4416 Recte
826 4365 1063 4424 monent,
1093 4374 1159 4415 ne
1190 4363 1549 4414 confessarius
1582 4362 1634 4411 in
1670 4336 2025 4412 concedendis
2057 4358 2332 4431 ejusmodi·
2374 4357 2642 4421 expensiS,
2686 4366 2808 4420 quae
2851 4355 2974 4406 wito
3022 4365 3121 4405 ne·

519 4427 720 4480 sciente
755 4425 910 4486 flunt,
944 4426 1111 4477 tacitis
1144 4426 1229 4486 sit,
1262 4436 1327 4476 eo
1360 4424 1503 4488 quod
1539 4434 1734 4473 uxores
1770 4434 2047 4486 propensas
2080 4422 2188 4473 sint
2219 4420 2287 4472 ad
2315 4432 2439 4483 jura
2470 4430 2571 4471 sua
2604 4420 2723 4483 plus
2745 4429 2903 4480 aequo
2924 4420 3117 4470 exten·

521 4490 710 4548 denda.
741 4487 904 4551 Stapf,
940 4490 965 4552 ς
997 4490 1107 4541 445.
1140 4512 1206 4527 --
1245 4489 1299 4538 V.
1332 4487 1590 4544 Carriere,
1627 4486 1699 4535 De
1729 4486 1943 4537 lustitia
1977 4486 2103 4546 etc,
2132 4496 2186 4536 n.
2221 4486 2335 4536 272.

509 4551 520 4568 ²
646 4550 817 4603 Etiam
851 4552 1024 4613 potest
1072 4562 1193 4603 cum
1245 4548 1448 4611 Abigatl
1484 4547 1785 4600 moderatas
1819 4548 2191 4610 eleemosynas
2238 4545 2367 4596 dare
2398 4546 2458 4597 ut
2490 4541 2664 4594 martti
2699 4541 3123 4613 conversionem

513 4615 784 4732 {ymp'ffet'
820 4614 904 4725 xie!
941 4623 1006 4663 ne
1036 4611 1360 4725 ⁰⁶3Z0¹¹¹²²¹¹¹
1395 4610 1601 4674 puniat.
1634 4609 1895 4676 vasquez,
1930 4608 2202 4661 Bonacina
2233 4608 2424 4659 contra
2455 4603 2713 4658 coninck.
2764 4627 2827 4641 -
2878 4603 3123 4667 Lignum,

558 4691 615 4745 p.
702 4687 805 4736 or„
859 4714 871 4726 .
909 4683 987 4735 m,
1022 4686 1076 4724 n.
1208 4711 1220 4724 .
