3292 5167
1092 251 1173 298 οε,
1220 251 1665 299 οοΝτι-ιιᾼοτωεε
2553 232 2681 300 287

140 357 437 437 habeatur,
483 351 725 420 frustra
764 353 1049 439 quaestio
1100 354 1488 424 instituitur.
1542 354 1709 424 Hinc
1778 353 1831 422 si
1898 362 1972 422 tu
2036 354 2366 443 scriptura
2429 363 2687 425 contra-

138 472 290 535 ctum
334 458 617 544 legitime
663 458 892 541 iniisti,
944 460 1067 528 etsi
1119 478 1424 549 compars
1472 468 1762 549 nequeat
1810 455 2116 551 probare,
2158 464 2311 549 quia
2356 463 2683 550 scriptura

138 573 194 639 in
223 564 503 637 incendio
555 566 787 652 periit,
835 565 1047 636 adhuc
1097 566 1162 636 in
1213 568 1618 637 conscientia
1668 568 1914 654 ligaris.
2399 552 2402 559 ¹

207 674 388 741 895.
438 677 512 756 Q.
563 675 623 742 2.
676 674 946 755 Quinam
989 688 1134 743 sunt
1179 678 1422 764 effectus
1469 678 1955 762 obligationum?

208 787 265 853 R.
304 781 437 850 Etsi
486 782 768 869 quilibet
814 788 1193 851 contractus
1244 801 1403 852 suos
1467 783 1704 852 babeat
1774 782 2094 870 speciales
2175 783 2447 852 effectus
2493 785 2683 870 juxta

82 888 89 897 '
140 892 546 978 cujuscunque
593 896 913 973 naturam,
962 908 1195 959 omnes
1229 897 1447 960 tamen
1493 897 1814 977 reguntur
1860 890 2281 977 generalibus
2328 891 2503 959 Juris
2573 909 2680 960 re-

153 997 315 1084 gulis,
360 1014 644 1082 quarum
688 997 1022 1083 praecipua
1070 1004 1215 1079 est,
1263 1004 1339 1064 ut
1385 997 1499 1084 qui
1547 998 1766 1084 aliqua
1815 997 2223 1083 obligatione
2293 997 2679 1079 devincitur,
2779 1006 2786 1019 ⁴

157 1112 405 1175 teneatur
430 1104 614 1172 illam
648 1105 981 1191 complere
1013 1112 1314 1191 tempore
1346 1105 1621 1175 definito
1657 1107 1783 1175 sub
1824 1106 2238 1189 conditione,
2279 1105 2337 1173 si
2370 1122 2513 1174 eam
2546 1123 2681 1173 non

142 1211 440 1297 adimpleat
488 1210 887 1279 resarciendi
934 1210 1192 1295 damna,
1240 1218 1306 1280 et
1352 1212 1535 1280 lucra
1588 1213 1829 1281 amissa
1882 1210 2351 1298 compensandi
2367 1237 2387 1294 3
2426 1211 2550 1280 nisi
2583 1211 2680 1280 in—

150 1317 448 1388 tervenerit
497 1318 592 1384 vis
643 1324 756 1384 aut
803 1334 995 1385 casus
1043 1316 1380 1387 fortuitus,

213 1427 492 1494 Ceterum
540 1423 945 1493 notandum:
997 1425 1109 1510 qui
1158 1423 1380 1494 deficit
1426 1443 1566 1493 suae
1616 1425 2025 1510 obligationi,
2062 1426 2117 1492 si
2155 1426 2303 1494 sine
2335 1425 2511 1508 dolo,
2546 1443 2676 1494 non

140 1540 359 1600 tenetur
400 1531 527 1599 nisi
578 1530 657 1598 ad
707 1530 944 1597 damna
993 1548 1143 1616 quae
1193 1539 1494 1617 tempore
1544 1532 2002 1600 conventionis
2068 1531 2415 1618 praevideri
2450 1538 2678 1618 potue·

140 1637 349 1721 runt¹3
398 1638 455 1707 si
502 1657 665 1707 vero
711 1654 861 1706 cum
911 1638 1086 1721 dolo,
1138 1644 1402 1706 tenetur
1446 1639 1721 1726 insuper
1767 1639 1848 1706 ad
1896 1640 2095 1722 lucra,
2148 1657 2303 1726 quae
2341 1639 2489 1708 ideo
2529 1658 2678 1708 cre-

136 1747 279 1816 ditor
315 1745 554 1829 amisit,
599 1746 980 1815 immediate
1030 1754 1248 1814 tamen
1282 1753 1349 1816 et
1381 1745 1630 1816 directe
1667 1748 2117 1833 provenientia
2153 1747 2234 1815 ab
2277 1746 2679 1831 obligatione

139 1874 245 1924 non
282 1855 544 1940 impleta
582 1856 635 1923 ².
679 1857 878 1923 Notat
926 1861 1148 1922 autem
1196 1853 1420 1923 Codex
1452 1853 1704 1922 civilis:
1752 1858 1833 1922 In
1867 1874 2220 1922 mancanza
2252 1855 2318 1921 di
2341 1865 2516 1941 patto
2545 1874 2678 1942 spe-

130 1963 263 2030 ciale
297 1963 449 2030 nelle
493 1960 910 2046 obbliyazioni
954 1961 1061 2027 che
1106 1961 1315 2027 hanno
1355 1980 1469 2047 per
1514 1972 1750 2048 oqqetto
1796 1982 1928 2028 una
1971 1981 2210 2028 somma
2247 1962 2311 2028 di
2355 1962 2618 2045 donaro,
2655 1962 2680 2028 i

132 2069 293 2136 donni
330 2069 640 2135 derivanti
683 2067 791 2134 dal
832 2067 1075 2134 ritardo
1120 2068 1266 2135 nell'
1291 2069 1588 2154 esequirle
1651 2070 1998 2135 consistono
2044 2088 2282 2156 sempre
2331 2070 2434 2136 nel
2470 2089 2680 2156 paya—

132 2190 295 2244 mento
335 2177 494 2263 deqli
540 2175 822 2242 interessi
870 2174 1056 2261 leyali
1078 2228 1098 2258 ‚
1145 2177 1318 2242 salvo
1367 2175 1420 2242 le
1463 2177 1663 2262 reqole
1702 2176 2078 2263 particolari
2142 2177 2210 2243 al
2274 2177 2634 2244 commercio
2656 2230 2676 2259 ,

130 2285 238 2351 aila
271 2283 647 2371 fidejussione
691 2282 765 2348 ed
805 2282 940 2349 alla
982 2282 1230 2349 sociate.
1283 2283 1491 2364 Questi
1536 2282 1734 2350 donni
1791 2302 1941 2350 sono
2010 2282 2218 2350 dovuti
2284 2283 2392 2350 dal
2457 2284 2678 2369 giorno

133 2391 261 2459 detta
298 2410 470 2458 mora
513 2409 707 2457 senza
750 2391 858 2457 che
901 2391 950 2456 il
995 2389 1292 2456 creditore
1336 2391 1438 2456 sia
1477 2400 1684 2457 tenuto
1729 2409 1768 2456 a
1815 2391 2194 2477 giustificare
2256 2391 2488 2457 alcuna
2535 2408 2681 2476 per-

130 2496 236 2564 dita
274 2497 409 2582 (art.
461 2496 685 2583 1231).
730 2531 822 2543 --
865 2498 950 2562 Le
992 2494 1229 2563 rendite
1287 2494 1579 2579 scadute,
1625 2514 1792 2563 come
1835 2496 1859 2562 i
1902 2496 2062 2582 ficti,
2137 2496 2189 2560 le
2246 2494 2495 2581 pipioni
2539 2495 2613 2561 ed
2655 2492 2679 2557 i

128 2607 278 2689 [rimi
317 2607 617 2672 maturati
660 2604 812 2672 delle
855 2604 1092 2670 rendite
1129 2614 1416 2691 perpetue
1463 2623 1498 2671 o
1542 2605 1819 2671 vitalizie
1855 2603 2213 2690 produc-Amo
2259 2603 2539 2670 interesse
2568 2602 2676 2670 dal

126 2713 312 2798 giorno
354 2712 517 2779 della
559 2710 873 2779 domanda
917 2711 1258 2798 qiudiziale
1302 2729 1337 2777 o
1381 2711 1545 2785 della
1592 2711 2002 2778 convenzione
2047 2710 2195 2798 (art.
2246 2711 2464 2796 1233).

194 2816 388 2881 8⁹0.
436 2821 511 2899 Q.
551 2819 613 2885 3.
667 2818 981 2900 Quomodo
1020 2829 1339 2886 contracta
1383 2816 1675 2905 obliyatio
1720 2818 2027 2885 solvitur?

191 2926 249 2992 R.
299 2927 639 2994 Contracta
689 2924 1000 3009 obligatio
1051 2922 1327 2992 solvitur
1361 2921 1431 2989 ³:

266 3035 323 3099 l.
367 3033 677 3100 solutione
722 3032 932 3118 ipsius
979 3030 1204 3114 debiti,
1251 3031 1348 3099 uti
1398 3036 1612 3117 patet3
1663 3036 1953 3098 attamen
2002 3048 2135 3098 non
2183 3030 2353 3098 valet
2400 3027 2667 3111 soluti0‚

126 3139 169 3206 si
203 3140 474 3208 creditor
530 3148 633 3208 est
682 3139 955 3225 incapax
1004 3138 1085 3207 ad
1134 3138 1609 3225 accipiendum,
1659 3138 1787 3206 nisi
1829 3138 2153 3224 probetur
2199 3137 2264 3205 in
2301 3137 2444 3223 ejus
2493 3137 2669 3204 utili-

132 3254 295 3315 tatem
334 3248 568 3316 factam
614 3246 1018 3317 solutionem
1067 3247 1371 3316 cessisse.
1422 3246 1489 3315 Si
1541 3252 1764 3315 autem
1813 3246 2105 3315 creditor
2136 3244 2400 3332 iniuste.
2435 3253 2666 3314 renuat

132 3352 491 3423 solutionem
539 3354 883 3442 accipere,
931 3351 1196 3423 debitor
1234 3359 1455 3440 potest
1506 3352 1684 3420 illam
1727 3351 2131 3442 judicialiter
2184 3351 2558 3439 deponere,
2601 3360 2669 3418 et

134 3470 375 3533 extunc
421 3464 640 3532 omnis
690 3464 833 3550 ejus
882 3462 1197 3548 obligatio
1269 3461 1678 3547 extinguitur
1716 3463 1765 3529 ⁸.
1818 3464 1959 3530 Huc
2010 3460 2298 3531 refertur
2343 3460 2667 3549 imputatio

132 3570 479 3654 sannionum,
528 3578 595 3640 et
641 3577 744 3638 est
793 3571 903 3656 jus
952 3567 1281 3637 indicandi
1345 3567 1643 3637 debitum
1691 3585 1812 3654 pro
1862 3586 1994 3654 quo
2044 3567 2317 3651 satisfit,
2375 3566 2428 3635 si
2480 3566 2665 3652 plura

130 3673 230 3742 sint
268 3676 479 3746 debita
507 3731 526 3762 ,
577 3695 698 3745 nec
747 3663 967 3745 o'mnia
1014 3675 1273 3764 possint
1321 3674 1637 3761 extingui.
1685 3673 1783 3743 Ad
1846 3674 2250 3744 solutionem
2322 3680 2668 3742 revocatur

130 3781 285 3852 etiam
325 3785 512 3852 cessio
559 3785 877 3869 bonorum,
926 3791 993 3853 et
1041 3790 1141 3853 est
1189 3800 1340 3852 cum
1389 3783 1537 3887 quis
1586 3782 1908 3853 solvendo
1961 3783 2193 3871 impar,
2242 3781 2453 3850 omnia
2490 3782 2664 3849 bona

128 3904 216 3956 sua
254 3889 417 3959 cedit
462 3891 908 3962 creditoribus
958 3893 1111 3977 (art.
1162 3893 1334 3959 1238
1382 3898 1446 3958 et
1487 3892 1730 3978 seqq.).

154 4050 190 4122 ,ί
217 4070 233 4095 ι
262 4054 355 4105 Per
382 4052 633 4125 exempto:
669 4051 855 4107 vendo
885 4063 919 4101 a
951 4050 1097 4102 Tizlo
1128 4060 1239 4101 una
1270 4048 1414 4101 botte
1445 4017 1812 4101 cue'riteneva
1842 4048 2041 4111 buona,
2079 4058 2170 4099 ma
2213 4049 2244 4099 e
2290 4047 2479 4109 guasta
2532 4043 2598 4095 ed
2630 4044 2668 4095 il

126 4122 221 4181 ymo
244 4116 439 4178 postovl
474 4114 691 4167 diventa
721 4114 910 4177 guasto
928 4125 943 4176 ;
992 4114 1045 4163 lo
1078 4123 1187 4163 non
1221 4112 1349 4163 saro
1380 4112 1563 4163 tenuto
1589 4112 1688 4162 cbe
1719 4112 1805 4175 pel
1837 4111 2020 4162 valore
2071 4109 2210 4161 della
2255 4107 2415 4169 hotto,
2450 4082 2666 4170 giacche

128 4178 369 4234 morando
400 4177 499 4229 ebe
529 4176 674 4228 Iesse
704 4177 908 4240 guasta,
944 4186 1051 4226 non
1085 4173 1139 4224 vi
1170 4173 1227 4225 fu
1261 4173 1400 4224 dolo.
1437 4192 1457 4214 ι

170 4235 191 4277 ²
216 4257 235 4283 ι
258 4239 368 4291 Coei
399 4239 484 4291 nel
514 4238 814 4290 surriserito
846 4238 1100 4300 esempio‚
1133 4247 1190 4286 se
1221 4235 1275 4287 io
1306 4247 1367 4286 sa
1403 4247 1468 4286 ea
1503 4233 1642 4288 della
1674 4232 1818 4286 botte
1850 4234 2055 4296 guasta,
2112 4231 2236 4283 saro
2281 4229 2464 4282 tenuto
2496 4229 2666 4283 anche

129 4297 188 4359 pel
211 4302 371 4352 valore
401 4299 485 4352 del
518 4300 686 4362 vin03
720 4311 809 4350 ma
839 4310 951 4352 non
984 4309 1077 4362 per
1103 4298 1226 4361 quel
1256 4308 1360 4360 gua
1399 4307 1536 4359 agno
1570 4297 1674 4348 ebe
1707 4295 1937 4347 avrebbe
1969 4295 2209 4346 ricavato
2240 4295 2280 4346 ll
2328 4293 2664 4356 compratore

122 4360 498 4488 vepdgpdfflodicg,
533 4423 636 4475 art.
677 4424 816 4485 1230,
848 4421 1171 4488 obligatione
1204 4420 1429 4473 solvitur
1457 4420 1623 4472 etiam
1656 4416 1815 4471 debiti
1844 4418 2140 4471 remissione
2161 4424 2214 4470 et
2239 4418 2661 4481 compensatione,

123 4496 175 4550 de
196 4501 364 4563 quibus
392 4503 495 4555 erit
530 4502 588 4555 in
620 4501 875 4566 sequendi
906 4514 958 4555 n.
979 4503 1105 4564 090;
1135 4502 1260 4553 item
1274 4500 1663 4563 praescriptione
1695 4499 1749 4549 et
1776 4497 2058 4550 conditione
2079 4498 2376 4560 resolution,
2387 4494 2453 4548 de
2467 4494 2664 4560 qulbus

121 4570 250 4622 supra
277 4575 356 4619 nn.
385 4567 478 4619 372
508 4565 563 4617 et
593 4565 709 4616 392.
748 4589 811 4605 -
844 4565 898 4617 G.
932 4564 992 4616 A.
1029 4564 1184 4628 14123
1217 4588 1283 4600 —
1313 4560 1369 4614 G.
1406 4560 1468 4613 G.
1504 4563 1653 4625 123!ss
1685 4585 1749 4598 -
1782 4561 1837 4613 C.
1872 4560 1924 4611 S.
1959 4562 2109 4624 11183
2140 4585 2204 4599 —
2237 4559 2294 4613 G.
2326 4561 2385 4611 Ρ.
2422 4560 2570 4624 1212;
2609 4586 2662 4599 --

122 4620 169 4670 c.
195 4624 252 4674 u.
281 4628 424 4690 nem
457 4651 521 4665 -
556 4628 611 4678 c.
648 4626 703 4676 T.
736 4629 846 4679 6¹7.

170 4682 191 4723 ὅ
216 4687 326 4740 Vide
354 4691 493 4741 circa
525 4686 752 4741 modum
785 4687 1128 4751 depositionis
1181 4685 1299 4739 cod.
1324 4694 1469 4749 proc.
1499 4685 1611 4746 civ„
1650 4686 1750 4746 art,
1784 4686 1880 4736 902
1912 4685 1966 4736 et
1996 4695 2146 4749 seqq.
