3292 5167
1104 241 1183 289 ns
1229 245 1477 292 acrinus
1524 247 1861 296 mancionis
2227 239 2233 244 ’
2692 235 2766 300 Η

196 357 450 411 cessum
498 341 964 432 obtinendum.
1011 344 1195 416 Adde
1244 357 1495 418 naturae
1545 350 1927 437 impulsum,
1966 353 2076 438 qui
2117 371 2237 422 nos
2272 355 2458 439 quasi
2495 374 2615 442 per
2646 359 2777 429 vim

197 447 383 516 trahit
455 449 538 518 ad
606 450 1104 538 efflagitandum
1175 456 1489 525 auxilium
1552 457 1620 525 in
1692 458 2088 528 necessitate
2152 458 2200 526 ¹.
2283 461 2490 547 Hujus
2564 471 2784 534 autem

195 556 405 642 gravis
458 561 781 645 praecepti
834 561 1074 649 duplex
1125 571 1227 633 est
1273 566 1476 634 ratio:

370 666 435 732 1·
504 669 600 735 Ex
649 678 839 754 parte
886 673 1001 739 Dei
1014 698 1040 751 ;
1087 673 1237 760 quia
1287 675 1463 742 Deus
1531 675 1772 760 gratias
1844 690 2019 756 suas,
2069 674 2121 742 si
2174 691 2417 759 paucas
2468 678 2783 764 excipiaS,

199 789 249 837 v.
298 789 358 858 g.
410 772 671 842 initium
708 775 899 860 fidei,
934 775 1059 845 sub
1094 798 1168 848 ea
1208 787 1464 850 tantum
1498 779 1879 849 conditione
1932 779 2122 847 nobis
2158 778 2419 865 elargiri
2458 782 2788 855 ordinarie

197 879 383 963 solet,
419 888 494 949 ut
528 882 800 952 easdem
832 885 1078 954 orando
1128 889 1648 974 expostulemuS.
1687 886 1869 957 Unde
1917 885 2326 970 Augustinus
2359 889 2484 956 ait:
2539 894 2792 962 Constat

204 991 393 1057 Deum
438 991 575 1057 alia
642 1012 773 1059 uon
834 996 1153 1062 orantibus
1213 997 1373 1063 sicut
1438 996 1724 1080 initium,
1759 996 1919 1082 fidei,
1969 995 2102 1062 alia
2168 996 2424 1063 nonnisi
2466 1001 2792 1069 orantibus

194 1114 606 1183 proeparasse,
654 1100 813 1168 sicut
858 1121 1047 1187 usque
1090 1102 1175 1169 ad
1215 1104 1403 1190 finem
1439 1103 1991 1191 perseverantiam.
2043 1105 2184 1170 Huc
2232 1100 2384 1171 facit
2422 1103 2616 1174 illud:
2651 1127 2783 1176 uon
2895 1179 2902 1190 ,

203 1203 429 1270 habetis
468 1218 734 1292 propter
779 1209 942 1293 quod
982 1229 1109 1276 nou
1149 1212 1483 1298 postulatis
1529 1216 1582 1279 ².

370 1312 440 1378 2³
514 1315 613 1382 Ex
663 1323 845 1401 parte
911 1318 1180 1385 hominis
1205 1344 1232 1398 ;
1277 1320 1431 1405 quia
1479 1335 1735 1387 summa
1785 1315 2081 1403 ejusdem
2130 1322 2231 1385 est
2279 1316 2654 1406 indigentia,
2703 1321 2792 1389 ita
2825 1375 2844 1398 .

206 1423 273 1483 ut
320 1418 611 1506 quisque
663 1423 897 1491 merito
949 1443 1099 1494 cum
1148 1426 1478 1512 Propheta
1527 1425 1763 1494 debeat
1797 1423 2449 1492 exclamare:Libera
2494 1447 2608 1510 me,
2643 1428 2795 1513 quia

203 1543 425 1610 coenus
470 1542 527 1595 et
570 1550 817 1617 pauper
862 1552 970 1618 eqo
1001 1553 1223 1604 sum...
1270 1534 1506 1621 adjuva
1550 1553 1666 1616 me,
1717 1533 1978 1601 Domine
2037 1534 2204 1599 Deus
2257 1550 2432 1599 meus
2478 1528 2527 1601 ⁸.
2580 1536 2794 1615 Quare

208 1631 301 1701 sic
344 1636 685 1703 concludit
732 1639 1118 1724 Angelicus÷
1167 1640 1265 1709 Ad
1310 1641 1655 1707 orationem
1699 1640 1952 1724 quilibet
1999 1637 2180 1703 homo
2225 1647 2466 1705 tenetur
2510 1641 2595 1707 ad
2637 1642 2795 1709 bona

207 1742 565 1828 spiritualia
605 1747 1012 1831 procuranda
1055 1767 1193 1833 quoe
1252 1748 1506 1816 nonnisi
1550 1748 1850 1816 divinitus
1902 1748 2172 1816 dantur:
2236 1746 2400 1814 unde
2444 1749 2570 1815 alio
2618 1748 2795 1816 modo

203 1852 535 1935 procurari
582 1873 714 1918 uon
758 1866 1032 1940 possum,
1077 1857 1205 1923 uisi
1249 1857 1327 1923 ab
1394 1858 1526 1943 ipso
1586 1867 1886 1943 petantur
1931 1860 1981 1923 ⁴.
2035 1857 2198 1927 Hinc
2263 1856 2671 1944 probabilius
2720 1874 2795 1927 ac

209 1957 651 2027 communiter
699 1959 959 2042 docent,
1010 1961 1252 2031 adultis
1302 1963 1670 2030 orationem
1707 1962 2146 2031 necessariam
2188 1981 2456 2050 quoque
2490 1980 2639 2032 esse
2678 1980 2795 2031 ne-

212 2063 515 2132 cessitate
552 2065 751 2134 medii
787 2067 865 2156 ad
900 2068 1226 2151 salutem3
1264 2069 1420 2137 illud
1457 2070 1632 2138 enim
1682 2075 1783 2137 est
1831 2069 1912 2138 de
1946 2071 2344 2139 necessitate
2393 2069 2613 2152 medii,
2652 2069 2798 2138 sine

213 2189 360 2257 quo,
392 2180 651 2240 attento
700 2173 921 2242 divino
972 2176 1201 2246 ordine
1272 2176 1735 2260 Providentiae,
1785 2176 1962 2245 salus
2012 2178 2302 2247 obtineri
2351 2195 2482 2246 non
2534 2184 2797 2263 potest:

212 2278 386 2365 atqui
443 2279 595 2354 talis
642 2287 744 2349 est
795 2283 1006 2350 oratio
1056 2289 1105 2351 ὅ.

288 2439 379 2502 Ad
432 2440 793 2504 orationem
838 2443 1113 2507 maxime
1159 2451 1307 2505 sunt
1371 2442 1800 2522 compellendi
1867 2433 2179 2521 studiosi,
2246 2457 2519 2523 quorum
2578 2442 2796 2522 plures

216 2518 377 2583 torte
423 2537 753 2601 nunquam
802 2538 910 2585 cor
954 2540 1136 2586 suum
1182 2525 1442 2605 erigunt
1485 2524 1563 2585 ad
1610 2525 1808 2587 Deum
1847 2525 1910 2586 in
1951 2524 2203 2600 coelum,
2239 2527 2345 2603 qui
2378 2524 2799 2585 scientiarum

208 2598 508 2664 Dominus
552 2608 646 2664 est
675 2602 746 2672 ⁶:
791 2605 899 2683 qui
946 2604 1131 2668 docet
1172 2606 1307 2668 siue
1348 2606 1621 2684 strepitu
1665 2602 2033 2680 verborum,
2077 2607 2208 2668 siue
2253 2604 2617 2684 confusione
2661 2604 2792 2682 opi·

209 2681 489 2757 uiouum,
532 2685 666 2745 sine
707 2683 887 2763 fastu
948 2684 1238 2761 honoris,
1281 2689 1413 2747 siue
1452 2687 1830 2765 purqatione
1882 2694 2395 2766 argumentorum
2414 2706 2440 2756 ,·
2498 2701 2627 2747 una
2681 2700 2803 2748 voco

210 2759 538 2837 librorum,
580 2764 689 2826 sed
729 2783 851 2827 uon
894 2783 1097 2828 omnes
1141 2782 1307 2845 oeque
1350 2766 1682 2846 informat,
1724 2766 1874 2845 quia
1917 2768 2091 2828 intus
2134 2774 2229 2828 est
2276 2765 2434 2828 Deus
2466 2764 2682 2827 doctor
2711 2781 2799 2826 ve·

210 2843 436 2905 ritatis
464 2841 512 2904 ⁷.
549 2843 761 2908 Omnis
790 2862 933 2925 erqo
975 2847 1084 2925 qui
1115 2847 1355 2927 indiget
1380 2848 1697 2925 sapientia
1723 2847 1998 2926 postulet
2025 2864 2065 2909 α
2097 2846 2214 2908 Deo
2245 2847 2356 2924 qui
2380 2846 2493 2908 dat
2519 2842 2804 2908 omuibus

210 2922 542 3003 affluenter
571 2923 616 2986 8.
664 2924 733 2986 D.
778 2926 1081 2988 'rhomam
1128 2928 1419 2990 imitetur
1460 2936 1524 2989 et
1571 2930 1633 2988 in
1681 2929 1974 2990 castitate
2025 2937 2092 2990 et
2135 2929 2201 2990 iu
2249 2927 2537 2989 doctrina
2594 2926 2801 3004 Ange·

212 3001 374 3067 lum:
421 3006 530 3083 qui
580 3022 905 3084 nunquam
950 3024 1015 3069 se
1059 3005 1321 3069 lectioni
1359 3015 1467 3069 aut
1510 3009 1845 3086 scriptioni
1880 3006 2078 3085 dedit,
2109 3008 2230 3069 nisi
2273 3018 2412 3087 post
2444 3008 2804 3068 orationem

211 3082 309 3163 (in
354 3084 844 3149 difficultatibus
874 3086 948 3149 ad
981 3088 1336 3150 orationem
1377 3088 1698 3167 jejunium
1745 3087 2121 3170 adhibens):
2203 3088 2261 3150 ui
2308 3104 2422 3149 suo
2468 3084 2652 3148 fratri
2686 3085 2801 3149 Re·

213 3164 479 3244 ginaldo
528 3166 745 3229 dicere
792 3166 1053 3243 solebat,
1097 3167 1405 3248 quidquid
1451 3171 1669 3242 sciret,
1704 3183 1830 3229 non
1878 3177 2005 3230 tam
2053 3179 2153 3234 stu
2207 3170 2264 3230 io
2295 3176 2405 3231 aut
2435 3166 2656 3229 labore
2691 3181 2805 3230 suo

215 3248 567 3327 peperisse,
611 3263 803 3326 quam
849 3248 1157 3311 divinitus
1202 3248 1508 3311 traditum
1553 3249 1872 3327 accepisse
1909 3246 1957 3309 ⁹.

302 3393 439 3455 12.
494 3387 567 3465 Q.
621 3384 1031 3465 Quandonam
1076 3386 1305 3472 obliqat
1350 3386 1656 3453 orationis
1692 3395 2071 3472 praeceptum
2091 3390 2123 3450 ?

304 3494 376 3561 R.
428 3492 690 3578 Obligat
738 3492 1056 3560 orationis
1108 3499 1516 3580 praeceptum
1568 3510 1690 3577 per
1736 3510 1831 3575 se,
1881 3498 1947 3560 et
1984 3509 2105 3577 per
2150 3488 2498 3558 accidens:

306 3600 570 3684 Obligat
608 3620 728 3687 per
770 3621 870 3666 se:
924 3602 987 3686 1)
1042 3602 1221 3669 initio
1254 3602 1452 3689 ipsius
1495 3602 1638 3668 vitoe
1685 3600 1967 3683 moralia,
2019 3596 2281 3685 quando
2309 3597 2560 3665 scilicet
2610 3596 2810 3664 homo

222 3724 418 3776 usum
493 3707 772 3775 rationis
821 3708 1207 3794 adipiscitur
1226 3736 1245 3792 3
1295 3716 1452 3776 tunc
1502 3709 1676 3776 enim
1727 3713 1991 3776 tenetur
2037 3725 2109 3775 se
2157 3704 2236 3773 ad
2283 3707 2496 3773 Deum
2545 3720 2815 3772 conver-

220 3819 379 3897 tere,
422 3831 576 3881 eum
627 3821 700 3882 ut
752 3816 1046 3883 omnium
1094 3816 1424 3884 bonorum
1474 3816 1724 3882 fontem
1774 3831 2155 3899 agnoscere,
2207 3829 2280 3880 ac
2328 3808 2643 3897 tanq'uam
2699 3828 2811 3877 su-

164 3941 185 3966 ·
219 3938 450 4007 premo
525 3939 749 3990 rerum
807 3922 1103 3990 omnium
1151 3925 1435 3991 Domino
1487 3942 1558 3991 se
1609 3920 1822 3990 eidem
1873 3921 2236 4007 subjicere:
2287 3918 2365 3984 ad
2416 3916 2593 4003 quod
2641 3915 2813 3982 miri-

218 4025 339 4095 fice
390 4027 606 4096 oratio
653 4026 928 4095 inservit
977 4045 1053 4095 ex
1103 4045 1156 4096 S.
1205 4029 1453 4096 Thoma
1514 4024 1615 4104 ’ὓς
1676 4030 1747 4111 2)
1801 4038 2071 4114 tempore
2123 4024 2384 4092 mortis.-
2443 4029 2602 4090 tunc
2635 4020 2813 4089 enim

218 4134 503 4204 maxime
576 4134 946 4203 necessaria
1017 4142 1118 4204 est
1165 4136 1654 4223 perseverantia
1704 4134 1939 4217 finalis,
1990 4151 2139 4220 quae
2219 4131 2469 4216 absque
2519 4128 2817 4199 oratione

282 4366 300 4404 ¹
342 4366 398 4418 V.
434 4365 815 4426 TertullianuS,
851 4365 920 4414 De
954 4366 1133 4417 testim.
1168 4365 1373 4416 auimae.
2128 4361 2153 4403 ἱ
2184 4362 2291 4412 Jac.
2329 4345 2399 4411 iv.

282 4429 305 4468 ⁸
338 4429 421 4482 Pa.
457 4440 606 4480 cvm.
1673 4422 1695 4464 ί
1729 4425 1788 4475 ln
1820 4427 1869 4485 4,
1903 4423 1955 4478 d.
1993 4426 2069 4484 sti,
2108 4436 2161 4489 q.
2196 4425 2250 4485 4,
2280 4435 2330 4473 a.
2367 4425 2412 4473 ¹.

281 4490 304 4531 ⁸
335 4491 366 4544 S
424 4492 682 4551 Thomas,
717 4493 769 4552 2,
805 4493 855 4549 2,
892 4501 945 4551 q.
978 4490 1058 4550 83,
1094 4499 1144 4539 a.
1180 4491 1222 4539 ί.
1253 4513 1318 4527 -·
1350 4488 1579 4552 Liguori,
1616 4487 1706 4539 Del
1737 4500 1876 4551 oran
1902 4498 2074 4538 mezzo
2107 4487 2241 4538 delia
2309 4485 2560 4557 reymero.

280 4555 369 4616 ⁸1,
404 4555 525 4617 neg.
566 4566 624 4604 n.
1129 4549 1153 4592 ⁷
1188 4550 1420 4614 Kempis,
1457 4561 1502 4600 c.
1537 4560 1689 4600 niu.
2216 4548 2241 4587 8
2304 4560 2384 4598 ac.
2420 4548 2578 4608 Epist.
2613 4554 2655 4594 c.
2691 4555 2725 4594 1.

276 4616 320 4722 ¹⁹⁰
335 4613 935 4734 qragionisggecgssgtas
968 4613 1199 4665 maxime
1230 4614 1382 4677 urget
1411 4612 1827 4675 ecclesiasticos3
1861 4610 1982 4663 vide
2017 4610 2151 4663 Libr.
2186 4622 2258 4674 tv,
2295 4609 2519 4672 append.
2556 4619 2631 4658 ιιι.

381 4717 397 4744 ,
464 4717 480 4744 ,
516 4691 571 4744 q.
680 4714 696 4739 ,
774 4714 785 4725 .
864 4714 876 4726 .
