3292 5167
523 214 655 283 610
1217 234 1331 279 ιιιι.
1384 234 1445 279 ιι.
1495 235 1709 281 Τιυιιιτ.
1760 232 1886 279 vm.
1936 235 2091 280 nisr.
2146 235 2189 279 ι.
2241 234 2372 280 mr.
2420 235 2485 280 ιι.

524 336 837 409 revelatio
880 337 1016 424 jam
1067 337 1232 405 facta
1284 357 1403 424 per
1448 339 1911 433 auctoritatem
1961 338 2280 409 Ecclesiae
2331 336 2744 409 infallibilem
2779 338 2881 408 vel
2920 340 3135 428 expli·

524 453 712 515 catur
749 444 847 512 vel
883 442 962 512 ad
990 444 1345 529 singularia
1380 444 1639 531 objecta
1671 446 2062 530 applicatur,
2096 445 2197 515 vel
2229 453 2657 515 controversa
2684 445 3129 529 certificatur,

520 551 704 640 quod
750 559 970 621 tamen
1021 570 1153 620 non
1202 559 1302 621 est
1352 552 1642 622 condere
1689 571 1857 621 nova
1909 553 2219 639 dogmata
2262 550 2309 622 ¹.
2343 557 2439 623 Ex
2488 571 2621 639 quo
2657 554 2819 622 item
2856 560 3131 622 constat

522 658 895 730 absurditas
923 659 1415 742 haereticorum,
1445 658 1625 746 quod
1658 678 1898 747 nempe
1934 660 2227 730 Ecclesia
2263 679 2381 747 per
2414 661 2855 731 succedentes
2890 667 3132 730 aetates

520 769 595 837 fit
642 768 862 836 minus
912 767 1108 835 docta
1159 774 1224 834 et
1273 767 1648 854 intelligens
1699 768 1765 836 in
1815 768 2146 854 mysteriis
2180 769 2332 837 fidei
2375 787 2448 837 ac
2489 787 2650 837 nova
2692 768 3008 854 dogmata
3047 768 3135 836 ad

521 878 784 948 libitum
829 895 1023 945 suum
1073 882 1269 945 creet.
1338 877 1633 946 Ecclesia
1682 876 1989 959 dogmata
2038 896 2172 947 non
2221 885 2419 960 creat,
2471 876 2590 945 sed
2640 877 2733 944 uti
2769 895 2805 944 a
2840 878 2986 945 Deo
3028 894 3135 945 re·

479 1020 482 1029 ·
521 987 728 1055 velata
777 983 1210 1052 infallibiliter
1259 984 1453 1053 nobis
1526 985 1863 1072 proponit,
1914 985 2124 1071 aperit
2173 1002 2250 1053 ac
2289 991 2556 1067 tuetur;
2599 984 2899 1053 Ecclesia
2948 984 3133 1054 enim

523 1101 625 1163 est
673 1091 1177 1160 fundamentum
1229 1099 1293 1159 et
1345 1092 1662 1160 columna
1716 1093 2034 1174 veritam,
2085 1093 2191 1161 cui
2241 1095 2421 1161 Deus
2456 1092 2904 1161 assistentiam
2937 1109 3132 1160 suam

524 1199 830 1287 promisit
879 1198 957 1266 ad
1013 1200 1665 1268 consummationem
1708 1200 1963 1269 saeculi.
1995 1202 2076 1268 Et
2116 1201 2446 1268 contraria
2478 1199 2776 1268 doctrina
2817 1198 3131 1266 damnata

521 1313 622 1374 est
670 1324 704 1372 a
753 1307 1091 1375 Clemente
1138 1306 1224 1373 XI
1273 1305 1460 1373 Bulla
1515 1306 1881 1393 Uniqenitus
1953 1307 2021 1375 in
2070 1307 2431 1388 Quesnello
2504 1308 2630 1376 sub
2680 1327 2743 1374 n.
2793 1309 2923 1388 953
2969 1313 3039 1375 et
3084 1324 3123 1375 a

521 1413 640 1481 Pio
667 1415 749 1482 VI
780 1412 966 1480 Bulla
990 1414 1321 1480 Auctorem
1354 1413 1497 1500 fidei
1531 1413 1594 1480 in
1631 1413 1898 1498 Synodo
1934 1413 2321 1482 Pistoriensi
2366 1413 2491 1482 sub
2526 1433 2588 1482 ιι.
2630 1416 2702 1496 ¹3
2737 1420 2803 1483 et
2843 1412 3006 1481 Pius
3039 1414 3125 1481 IX

520 1519 586 1586 in
638 1519 900 1606 Syllabo
950 1519 1118 1587 hanc
1168 1520 1292 1588 sub
1345 1539 1405 1588 ιι.
1438 1502 1490 1586 '5
1540 1520 1870 1587 damnavit
1917 1519 2480 1606 propositionem:
2537 1521 2776 1588 Divina
2825 1521 3123 1587 revelatio

520 1639 605 1695 est
652 1627 1033 1714 imperfecta,
1083 1640 1138 1694 et
1181 1627 1405 1694 iccirco
1457 1629 1729 1714 subjecta
1802 1629 2096 1696 continuo
2144 1638 2199 1695 et
2243 1627 2562 1714 indefinito
2600 1627 2989 1715 proqressui,
3014 1625 3121 1712 qui

520 1737 810 1802 humanae
858 1735 1131 1801 rationis
1170 1736 1608 1822 propressioni
1654 1736 2021 1823 respondeat
2071 1733 2122 1803 ².

608 1838 814 1908 895.
868 1844 939 1923 Q.
989 1844 1047 1908 5.
1105 1841 1267 1922 Quid
1317 1842 1389 1908 de
1437 1842 1920 1910 revelationibus
1958 1842 2233 1931 privatis
2262 1842 2591 1910 tenendum
2635 1853 2743 1926 est,
2775 1861 2935 1927 quas
2966 1844 3120 1910 San-

518 1952 631 2019 ctis
668 1949 982 2036 plerisque
1026 1949 1230 2034 factas
1269 1950 1498 2017 sci-mus
1546 1949 1734 2016 etiam
1797 1961 1937 2036 post
1982 1950 2419 2036 Apostolorum
2463 1956 2764 2017 oetatom?

607 2060 678 2125 R.
727 2055 1006 2123 Privatae
1059 2056 1500 2125 revelationes
1553 2055 1633 2122 ad
1682 2055 1885 2124 fidem
1935 2056 2327 2125 catholicam
2376 2074 2508 2124 non
2547 2057 2918 2141 pertinent3
2954 2054 3113 2123 fides

520 2165 693 2235 enim
744 2171 989 2248 nostra,
1039 2165 1127 2231 ait
1174 2148 1544 2249 AngelicuS,
1595 2181 1728 2232 non
1778 2163 2082 2232 innititur
2129 2163 2641 2233 revelationibus
2691 2163 3110 2250 quibuscun-

521 2292 684 2360 que3
732 2272 849 2342 sed
907 2271 990 2340 iis
1039 2271 1399 2353 dumtaxat,
1453 2288 1604 2355 quae
1656 2271 2075 2354 Patriarchis,
2127 2271 2478 2357 Prophetis
2529 2278 2593 2339 et
2641 2271 2983 2356 Apostolis
3030 2270 3112 2338 la-

521 2386 645 2449 ctae
696 2388 871 2461 sunt,
928 2378 1284 2471 etticcirco
1336 2377 1565 2447 fideles
1614 2378 1927 2446 dicuntur
1978 2378 2041 2446 in
2089 2378 2453 2464 scripturis
2494 2378 2973 2466 supercedificati
3014 2398 3110 2445 su-

509 2506 628 2574 per
668 2487 1143 2572 fundamentum
1207 2487 1643 2573 Apostolorum
1691 2499 1745 2554 et
1791 2488 2271 2573 Prophetarum,
2321 2488 2459 2574 ipso
2524 2507 2769 2553 summo
2815 2487 3109 2573 angulari

523 2595 724 2683 lapide
773 2595 1015 2663 Christo
1065 2598 1214 2663 Iesu
1260 2594 1309 2662 ³.
1345 2598 1575 2680 Neque
1623 2594 1908 2677 facessit,
1944 2593 2126 2680 quod
2156 2594 2448 2663 Ecclesia
2484 2594 2837 2663 nonnullas
2879 2612 3109 2680 appro-

519 2701 792 2783 baverit,
843 2708 914 2768 ut
962 2708 1343 2769 sanctarum
1412 2702 1713 2787 Birgittae
1777 2719 1852 2770 ac
1902 2701 2271 2770 catharinae
2343 2702 2689 2783 Senensis3
2737 2716 2893 2770 cum
2941 2701 3106 2770 enim

519 2808 814 2878 Ecclesia
865 2806 927 2874 id
976 2810 1129 2892 agit,
1180 2826 1518 2894 nunquam
1550 2808 1816 2878 easdem
1866 2808 2305 2879 revelationes
2336 2808 2530 2877 nobis
2564 2808 2929 2878 credendas
2969 2826 3110 2893 pro-

535 2917 723 3004 ponit
770 2916 867 2985 uti
916 2914 1152 3001 dogma
1201 2917 1633 3000 catholicum3
1679 2917 1798 2987 sed
1846 2918 2067 2987 solum
2123 2916 2409 2985 intendit
2454 2916 2792 2986 declarare
2842 2915 3004 2984 nihil
3046 2917 3107 2985 in

522 3025 688 3109 ipsis
738 3024 1067 3094 contineri
1119 3032 1349 3093 contra
1396 3024 1595 3095 fidem
1656 3034 1769 3093 aut
1819 3027 2033 3095 bonos
2102 3042 2360 3095 mores:
2411 3042 2649 3111 nempe
2714 3025 2807 3093 uti
2863 3024 3005 3110 pias
3047 3029 3109 3093 et

523 3130 774 3216 absque
852 3130 1332 3217 superstitione
1401 3132 1606 3219 recipi
1678 3148 1879 3218 posse
1895 3157 1915 3213 ;
1966 3130 2121 3201 licet
2190 3130 2428 3215 adhuc,
2478 3131 2656 3200 salva
2706 3131 2857 3214 fide,
2908 3131 2991 3200 ab
3035 3130 3107 3199 iis

525 3236 735 3324 possit
783 3237 1021 3321 recedi,
1074 3239 1193 3308 sed
1241 3238 1350 3324 (ex
1399 3238 1763 3310 Benedicto
1811 3241 1982 3326 xlv)
2063 3258 2209 3308 eum
2252 3239 2452 3306 debita
2498 3238 2942 3320 moderatione,
2990 3257 3109 3306 mu

520 3344 654 3412 sine
699 3345 942 3412 ratione
986 3357 1042 3413 et
1087 3348 1248 3414 citra
1293 3356 1710 3432 contemptum
1757 3346 1809 3413 ⁴.

613 3451 710 3517 Ex
761 3467 896 3536 quo
946 3458 1124 3520 recte
1194 3451 1635 3535 concluditur,
1686 3451 2052 3538 generatim
2109 3449 2470 3537 loquendo,
2518 3450 2852 3521 neminem
2904 3451 3105 3521 teneri

524 3574 762 3645 reapse
812 3558 1082 3627 credere
1130 3560 1239 3627 tali
1289 3556 1704 3629 revelationi:
1757 3577 1879 3628 nec
1927 3557 1983 3628 si
2017 3558 2261 3642 credat,
2299 3558 2500 3628 talem
2533 3577 2883 3628 assensum
2918 3576 3109 3648 posse

524 3684 674 3735 esse
719 3665 1287 3743 „fideixcatholicae
1358 3677 1472 3735 aut
1521 3668 1780 3749 divinae,
1830 3684 1984 3735 cum
2036 3684 2168 3735 non
2239 3665 2563 3735 innitatur
2634 3666 2857 3734 divino
2934 3667 3109 3736 testi·

522 3772 771 3854 monio,
821 3770 940 3840 sed
1005 3772 1392 3844 testimonio
1443 3775 1752 3858 humano,
1803 3774 1869 3842 id
1917 3780 2021 3843 est
2067 3791 2394 3861 personae,
2444 3772 2547 3842 cui
2600 3772 2916 3843 revelatio
2950 3774 3107 3844 facta

522 3887 644 3950 est.
693 3879 1028 3950 Diximus:
1091 3882 1441 3968 generatim
1511 3882 1808 3968 loquendo
1820 3909 1844 3962 ;
1893 3881 2140 3952 etenim
2186 3899 2320 3950 non
2368 3887 2630 3950 tantum
2677 3898 2963 3968 persona
3010 3880 3104 3950 cni

582 4129 603 4169 ¹
641 4093 715 4182 Ad
751 4142 864 4183 rem
896 4130 1111 4184 doctiss.
1147 4130 1269 4182 Klee
1301 4130 1356 4183 tn
1389 4129 1578 4193 Opere,
1613 4131 1689 4182 La
1719 4132 1884 4181 storia
1914 4129 1995 4180 det
2025 4129 2214 4193 doymi,
2250 4127 2359 4180 vol.
2390 4140 2428 4190 1,
2465 4126 2568 4180 sub
2619 4127 2774 4180 initio
2803 4143 2815 4181 :
2852 4151 2871 4174 ι
2912 4129 2987 4180 La
3028 4139 3106 4181 so·

522 4192 707 4244 stanza
738 4193 821 4245 dei
856 4193 1057 4245 dommi
1090 4193 1145 4244 tu
1178 4205 1207 4244 e
1239 4193 1445 4245 rimane
1475 4202 1688 4256 sempr-e
1720 4194 1770 4243 la
1804 4189 2117 4252 medeslma,
2151 4202 2237 4243 ma
2273 4192 2327 4242 la
2352 4190 2474 4243 loro
2507 4191 2838 4243 tormazione
2874 4190 3106 4264 domma-

522 4254 1404 4381 {cataractasthelicae*
1417 4254 1868 4370 sit'ffiie'ilacssili
1883 4255 2117 4368 amitti?
2140 4264 2346 4367 ΥἛΰθ.
2368 4251 3102 4375 Ξᾶἓῖοωὸἓιιὲῧὲοέὶὲἓὲᾶὲῗς

523 4378 592 4429 Le
622 4380 912 4431 variazioni
940 4383 995 4431 in
1027 4380 1276 4432 dottrina.
1309 4404 1374 4417 -
1403 4379 1493 4431 Sat
1522 4380 1731 4430 criterio
1764 4379 1845 4430 det
1876 4380 2088 4440 dommi,
2123 4378 2507 4431 reminisceuze
2555 4376 2611 4429 di
2668 4377 2967 4431 seminario
2999 4387 3028 4429 e
3055 4374 3106 4429 di

524 4438 668 4492 studi
701 4439 752 4491 dl
786 4451 862 4493 un
892 4443 1166 4494 sacerdote
1202 4442 1480 4494 milanese.
1513 4440 1725 4502 Milano,
1763 4443 1905 4493 1860.

583 4501 610 4542 ²
650 4498 707 4553 V.
738 4503 1005 4577 bezingen
1040 4505 1379 4557 Enchtrtaton
1408 4503 1762 4565 symbolorum
1794 4506 1845 4553 et
1872 4500 2249 4565 definitionum,
2281 4513 2400 4565 quae
2432 4502 2493 4555 de
2524 4499 2678 4553 rebus
2704 4501 2890 4565 ndeiet
2908 4511 3103 4553 mortun

523 4577 559 4617 a
591 4564 781 4692 fopr.
814 4569 1154 4681 uff-mssnilss
1181 4567 1512 4690 ‘fflssinasff
1542 4564 2096 4693 etngfflmgf‘sslfipsm
2129 4565 2182 4617 et
2216 4563 2461 4629 Neapon'
2497 4565 2638 4618 igm’

584 4691 608 4733 ί
642 4691 699 4741 L.
733 4702 811 4752 ιιι,
844 4701 890 4741 c.
927 4690 1020 4744 ult.
1043 4668 1432 4743 'De'Ser-vorum
1464 4641 1568 4743 De?
1587 4663 1984 4753 beatificatione.
