3292 5167
1088 267 1169 314 nr.
1210 266 1469 315 vina-mn
1511 266 1795 316 susa-mm
1973 300 1978 305 .
2613 254 2730 321 361

904 457 1297 527 ·οΑΡΙ.ΙΤ
1368 456 1936 529 SECUNDUM

269 640 361 697 DE
399 639 920 699 SERVlTUTlBUS
960 640 1527 713 PERSONALIBUS,
1567 644 1639 700 ID
1679 644 1808 701 EST
1849 645 1941 701 DE
1981 645 2150 716 USU,
2187 647 2635 718 USUFRUCTU,

881 748 1369 835 ΗΑΒΙΤᾼΤΙΟΝΕ
1408 750 1496 806 ΕΤ
1538 750 2024 808 POSSESSIONE.

242 944 446 1005 502.
490 944 675 1019 UsuS,
733 946 1135 1009 ususfructus
1179 955 1243 1007 et
1287 945 1702 1009 habitationis
1745 947 1967 1010 titulus
1998 951 2406 1014 constituitur
2437 960 2569 1014 tum
2601 962 2744 1016 actu

172 1027 330 1087 inter
376 1028 550 1087 vivos
596 1036 726 1089 tum
771 1040 915 1089 actu
957 1043 1143 1089 causa
1190 1029 1415 1089 mortis
1459 1044 1570 1089 seu
1638 1038 2041 1091 testamento.
2104 1029 2575 1093 conventiones
2633 1050 2739 1096 au·

172 1118 287 1167 tem
332 1110 501 1169 iuter
528 1108 723 1179 vivos,
751 1109 981 1186 quibus
1015 1109 1121 1169 illa
1153 1108 1300 1184 J'ura
1332 1111 1837 1182 constituuntur,
1876 1111 2315 1185 moderantur,
2340 1116 2730 1191 extinguun-
2823 1168 2826 1175 .

175 1199 286 1259 tur,
318 1186 457 1248 fieri
493 1186 730 1250 debent
772 1199 914 1251 actu
963 1189 1232 1266 publico,
1277 1197 1385 1250 aut
1428 1190 1744 1266 scriptura
1798 1193 2064 1266 privata,
2101 1193 2468 1255 authentica
2533 1204 2744 1257 tamen

172 1277 230 1328 et
270 1269 652 1346 transcripta
698 1268 775 1330 ad
828 1268 1222 1330 validitatem
1267 1269 1426 1347 (art.
1476 1268 1657 1340 1314,
1708 1268 1889 1344 1932,
1935 1271 2143 1352 1935).
2177 1271 2349 1345 Quod
2385 1275 2434 1333 si
2469 1275 2744 1337 ususfru-

171 1356 303 1505 ῗῑιιῗ
346 1349 547 1507 ῑέὃιιὸἓ)
577 1350 856 1426 gratuito
924 1349 1263 1421 tribuatur,
1326 1358 1476 1410 tunc
1532 1354 1796 1411 omnino
1839 1354 2189 1429 requiritur
2233 1350 2410 1415 a’ctus
2455 1354 2744 1432 publicus

201 1444 273 1489 ω·
303 1475 317 1488 .
554 1474 567 1489 .

251 1550 463 1614 508.
514 1548 594 1626 Q.
649 1550 707 1613 l.
759 1547 921 1627 Quid
964 1559 1052 1614 est
1097 1554 1294 1615 usus?
1853 1604 1858 1609 .

250 1654 319 1719 R.
371 1654 542 1721 Usus
589 1652 941 1720 definitur:
978 1655 1092 1740 jus
1139 1641 1350 1722 utendi
1394 1657 1573 1723 rebus
1619 1656 1866 1738 alienis,
1912 1657 2090 1723 salva
2136 1676 2355 1723 earum
2399 1657 2749 1724 substantia

169 1759 367 1842 quoad
409 1762 741 1827 materiam
784 1773 839 1828 et
880 1762 1087 1847 quoad
1140 1764 1431 1848 formam.
1485 1762 1605 1829 Cui
1665 1763 1981 1847 competit
2036 1781 2215 1844 usuS‚
2264 1761 2509 1851 dicitur
2551 1783 2748 1830 usua-

168 1866 337 1942 rius‚·
382 1854 485 1932 ad‘
510 1884 709 1951 quem
757 1887 910 1936 vero
961 1869 1246 1954 pertinet
1295 1870 1386 1936 rei
1434 1868 1821 1950 dominium,
1868 1870 2349 1956 proprietarius.

250 1972 539 2039 Dicitur:
601 1976 658 2040 l.
712 1976 945 2058 mendi,
1004 1983 1071 2043 et
1131 1976 1458 2060 significat
1513 1976 1890 2044 facultatem
1949 1977 2216 2045 usuario
2250 1977 2750 2045 convenientem

172 2079 423 2147 extendi
475 2080 557 2147 ad
590 2081 696 2147 illa
745 2081 1102 2164 dumtaxat,
1153 2101 1301 2168 quae
1338 2083 1416 2149 ad
1464 2100 1660 2150 usum
1710 2082 2166 2167 quotidianum
2214 2083 2438 2151 sibiet
2485 2083 2747 2150 familias

173 2195 318 2253 sunt
365 2189 735 2256 necessaria
770 2189 957 2273 juxta
1004 2191 1146 2276 ejus
1196 2191 1680 2272 conditionem,
1745 2208 1876 2257 non
1927 2191 2213 2258 exclusis
2259 2190 2414 2259 filiis
2462 2191 2750 2258 nascitu-

175 2293 275 2360 ris.
329 2294 513 2363 Unde
561 2297 617 2364 si
668 2298 971 2370 usuarius
1031 2299 1218 2366 initio
1275 2298 1425 2387 anni
1476 2299 1807 2383 acceperit
1855 2316 2004 2383 quae
2069 2296 2194 2365 sibi
2243 2307 2396 2364 sunt
2445 2317 2750 2367 necessa·

173 2400 259 2468 ria
304 2401 387 2469 ad
434 2403 762 2489 integrum
811 2422 1055 2472 annum
1111 2412 1176 2473 et
1223 2413 1374 2473 ante
1421 2405 1573 2473 anni
1622 2406 1821 2473 finem
1871 2404 2165 2486 decedat,
2216 2406 2391 2474 illius
2443 2405 2748 2474 haeredes

172 2509 518 2577 restituere
564 2508 807 2578 debent
854 2511 922 2579 id
968 2512 1148 2597 quod
1197 2518 1527 2595 superest.

340 2604 403 2683 2.
454 2618 692 2684 Alienis
748 2620 949 2699 rebus,
998 2627 1063 2687 et
1112 2618 1355 2686 indicat
1414 2637 1612 2685 usum
1672 2619 1737 2686 in
1791 2620 1991 2687 rebus
2053 2620 2337 2705 propriis
2387 2620 2754 2688 consistere

172 2741 296 2790 non
348 2740 583 2808 posse3
619 2725 898 2809 quilibet
931 2725 1106 2793 enim
1156 2725 1221 2792 in
1258 2726 1455 2793 rebus
1504 2725 1643 2793 suis
1679 2734 1744 2793 et
1785 2738 1979 2795 usu'm
2021 2733 2086 2793 et
2134 2726 2500 2793 dominium
2534 2726 2751 2795 habet.

175 2831 456 2897 Tenetur
528 2838 748 2901 autem
809 2840 1126 2918 praestare
1182 2832 1554 2900 cautionem
1627 2851 1698 2899 re
1760 2833 1984 2900 utendi
2038 2833 2246 2900 instar
2304 2832 2458 2902 boni
2513 2835 2750 2919 patris-

169 2935 440 3006 familias
475 2937 536 3022 (a
578 2957 703 3024 qua
738 2947 958 3008 tamen
1009 2939 1252 3025 poterit
1284 2957 1318 3005 a
1359 2940 1582 3025 judice
1615 2940 2008 3025 dispensari,
2056 2941 2277 3008 habita
2327 2942 2582 3009 ratione
2621 2943 2762 3009 cir-'

171 3046 773 3128 cumstantiarum);
830 3065 1044 3133 neque
1094 3054 1321 3137 potest*
1355 3047 1506 3132 jnre
1553 3066 1677 3116 suo
1725 3048 1858 3129 uti,
1911 3048 2033 3115 nisi
2084 3049 2413 3117 bonorum
2449 3050 2752 3118 confecto

172 3150 550 3221 inventario.
600 3156 766 3221 Item
816 3172 932 3239 pro
982 3154 1237 3221 ratione
1284 3153 1617 3221 fructuum
1667 3172 1835 3240 quos
1886 3155 2187 3240 percipit,
2240 3163 2501 3223 tenetur
2540 3156 2621 3224 de
2654 3175 2754 3224 re-

173 3261 640 3345 parationibus
692 3262 957 3330 tributis
996 3268 1060 3329 et
1109 3261 1390 3329 cultura.

342 3371 402 3437 3.
452 3370 640 3438 Salva
679 3388 898 3437 earum
941 3370 1288 3436 substantia
1333 3375 1513 3435 etc:
1545 3366 1717 3434 unde
1768 3369 2073 3438 usuarius
2124 3389 2252 3438 non
2296 3377 2517 3456 potest
2566 3388 2648 3436 ne
2685 3370 2750 3437 in

168 3477 508 3545 meliorem
560 3476 825 3562 quidem
874 3476 1151 3546 formam
1200 3495 1358 3568 rem,
1411 3479 1597 3564 cujus
1651 3495 1845 3544 usum
1894 3487 2293 3547 consecutus
2342 3486 2462 3559 est,
2515 3478 2754 3547 immu-

169 3591 322 3650 tare.
371 3585 537 3650 Item
587 3601 801 3668 neque
851 3590 1073 3669 potest
1121 3601 1281 3650 usus
1331 3584 1516 3650 alteri
1571 3582 1802 3665 locari,
1854 3584 2065 3665 vendi,
2137 3587 2570 3669 sequestrari,
2642 3594 2753 3654 aut

167 3689 426 3758 donari:
476 3699 541 3759 et
590 3691 737 3760 ideo
786 3690 898 3777 qui
951 3709 1143 3759 usum
1192 3691 1422 3772 habet,
1472 3709 1527 3757 v.
1582 3708 1674 3776 g.,
1724 3691 1906 3777 equi,
1956 3691 2187 3773 vestis,
2239 3691 2448 3774 horti,
2498 3711 2617 3778 pro
2681 3711 2753 3761 se

166 3807 421 3867 tantum
470 3817 544 3868 ac
590 3800 727 3867 suis
777 3800 957 3866 hisce
1008 3799 1097 3865 uti
1154 3805 1394 3882 potest.
1449 3800 1619 3867 Usus
1656 3797 1830 3866 enim
1878 3798 1945 3865 in
1994 3817 2072 3867 eo
2118 3799 2445 3879 consistit,
2493 3807 2563 3866 ut
2604 3800 2752 3883 quis

167 3925 235 3974 re
283 3913 511 3973 utatur
559 3925 675 3991 pro
729 3921 1034 3972 mensura
1084 3902 1540 3972 tantummodo
1591 3922 1732 3971 suae
1783 3904 2186 3989 quotidianae
2239 3905 2655 3972 necessitatis
2692 3910 2751 3966 ¹:

168 4012 289 4080 nisi
325 4013 502 4081 clare
535 4019 842 4098 appareat
891 4010 1012 4094 ipsi
1062 4009 1414 4094 largiorem
1462 4010 1838 4080 facultatem
1874 4010 2077 4079 fuisse
2126 4028 2554 4090 concessam3
2603 4027 2751 4078 nam

168 4120 328 4169 usus
374 4102 457 4170 ab
503 4101 648 4188 ipsa
696 4100 1133 4171 conventione
1181 4098 1469 4183 primum
1514 4100 1904 4191 sustinetur.

168 4295 276 4346 vitu
311 4293 395 4346 col
431 4304 609 4345 carre.
641 4292 762 4345 cosi
795 4305 853 4345 se
888 4292 1034 4344 'rlzio
1066 4301 1252 4342 avesse
1283 4290 1501 4342 l’orario
1535 4290 1586 4341 di
1616 4290 1956 4342 derivazione
1991 4291 2220 4355 d'acqua
2246 4289 2382 4343 dalle
2415 4293 2444 4343 3
2465 4292 2578 4343 'alle
2611 4293 2640 4343 4
2662 4304 2754 4344 ore

211 4356 563 4415 omeridiane‚
597 4356 657 4406 ed
693 4356 997 4407 esercitasse
1021 4355 1201 4405 invece
1228 4353 1262 4403 il
1284 4353 1465 4404 diritto
1498 4365 1598 4404 suo
1632 4352 1768 4404 dalle
1801 4358 1830 4405 6
1863 4354 1964 4404 alle
1995 4357 2023 4405 7
2045 4353 2423 4416 pomeridiane,
2447 4355 2754 4418 prescrivest

168 4370 219 4470 31
254 4418 542 4472 trent'anni
577 4419 611 4468 il
646 4416 822 4471 diritto
857 4419 1040 4469 d’aver
1072 4416 1279 4480 l'acqua
1314 4414 1610 4466 nell’orat·io
1639 4416 1872 4466 stabilito
1906 4415 2046 4467 dalla
2076 4418 2451 4478 convenzione,
2476 4428 2503 4468 e
2527 4429 2633 4468 non
2658 4430 2749 4481 po·

170 4482 345 4533 trebbe
378 4481 684 4532 esercitarlo
721 4480 1027 4532 nell'orar'to
1060 4478 1459 4529 abusivamento
1491 4477 1560 4527 da
1591 4477 1666 4528 lui
1700 4478 1931 4528 sceltosi.
1981 4497 1999 4519 ι

232 4545 251 4584 ¹
293 4564 313 4588 ι
348 4543 487 4594 Illud
532 4543 839 4606 quotidianae
876 4544 1185 4593 necessitatis
1234 4551 1340 4590 non
1391 4541 1467 4591 sic
1515 4539 1778 4598 intentae,
1815 4540 1967 4603 quasi
2021 4549 2144 4609 non,
2177 4538 2319 4590 aliud
2369 4540 2544 4602 liceat,
2586 4552 2748 4605 quam

169 4618 285 4669 quae
317 4606 561 4667 singulos
597 4608 648 4655 in
683 4605 794 4656 dies
826 4604 1130 4656 sufficiant:
1164 4605 1306 4654 Recte
1339 4605 1536 4666 quippe,
1571 4603 1881 4662 aitDettori‚
1916 4603 2070 4653 simul
2103 4615 2163 4653 ac
2192 4603 2345 4653 semel
2392 4607 2590 4666 accipit,
2639 4615 2751 4666 quoe

168 4670 259 4721 sibl
289 4671 343 4721 in
378 4680 577 4719 annum
608 4670 895 4719 necessaria
923 4670 1060 4729 sunt,
1106 4669 1336 4730 quamvis
1370 4666 1591 4717 utiloersi
1620 4665 1838 4728 sortasse
1866 4665 2105 4728 praediola·
2138 4663 2340 4727 [ructus
2389 4666 2503 4717 inde
2552 4667 2750 4717 absumi

171 4733 445 4794 continuat.
