3292 5167
490 212 575 279 32
1195 239 1310 285 ue.
1338 236 1423 286 ,11.
1471 242 1681 287 rnscr.
1729 242 1784 288 v,
1833 242 1984 290 uisi).
2033 244 2070 288 ι.
2117 243 2247 290 ω.
2297 242 2337 288 ι.

492 336 701 424 prima
774 340 1101 410 sententia
1174 347 1314 409 tum
1363 343 1450 413 ob
1505 347 1872 413 Doctorum
1919 345 2401 429 auctoritatem,
2452 354 2594 413 tum
2642 344 2729 415 ob
2781 342 3083 412 rationes

493 467 626 515 non
677 447 928 516 levibus
977 448 1423 518 fundamentis
1477 451 1731 519 innixas
1779 453 1939 521 satis
1985 452 2348 539 probabilis
2396 460 2672 539 apparet
2721 452 2840 536 (H)
2898 450 2944 517 ¹.

934 793 1008 858 N.
1058 793 1119 858 3.
1165 826 1256 840 —
1300 795 1391 860 De
1434 792 1641 859 causis
1686 810 1729 857 a
1771 792 2126 859 recitatione
2172 791 2638 866 estimantibus.

583 1077 731 1143 4⁴3.
783 1080 854 1156 Q.
904 1080 1059 1158 Quot
1104 1089 1249 1144 sunt
1296 1097 1500 1144 caus-ce
1545 1078 1622 1144 ab
1674 1079 1880 1165 Officio
1925 1084 2335 1146 excusantes?
2598 1148 2610 1158 ‚

588 1187 655 1252 R.
708 1186 939 1253 Causae
990 1186 1071 1253 ab
1123 1184 1350 1253 Officio
1400 1192 1810 1253 excusantes·
1844 1186 2285 1254 communiter
2332 1184 2648 1271 assignari
2700 1184 2952 1253 solent:

680 1295 738 1360 1.
788 1294 1120 1388 Incgtlpata
1168 1292 1484 1360 Breviarii
1524 1294 1805 1359 carentia
1851 1310 2000 1361 eum
2075 1292 2461 1378 impotentia
2506 1291 2684 1360 aliud
2731 1291 2856 1361 sibi
2909 1308 3095 1360 com-

500 1387 799 1487 parandi}
860 1400 1013 1486 quia
1066 1408 1223 1468 tunc
1286 1418 1553 1487 quoque
1624 1401 1904 1469 habetur
1968 1399 2355 1486 impotentia
2411 1399 2699 1485 physica.
2750 1398 3092 1467 Diximus:

500 1507 821 1594 inculpata
865 1508 1147 1573 carentia
1162 1532 1186 1587 ,·
1235 1508 1287 1575 si
1334 1507 1507 1575 enim
1559 1508 1707 1593 quis
1756 1508 2158 1592 Breviarium
2209 1508 2271 1574 in
2344 1507 2563 1592 ignem
2635 1505 2940 1593 projiciat
2989 1504 3094 1573 vel

504 1617 563 1683 in
618 1616 881 1698 flumen,
935 1622 1162 1701 peccat
1212 1623 1277 1686 et
1327 1622 1590 1683 tenetur
1640 1624 1994 1685 retractare
2031 1617 2404 1702 perversam
2438 1616 2616 1682 iiiam
2655 1614 3089 1695 voluntatem,

500 1723 832 1809 simulque
884 1742 1109 1814 curam
1160 1742 1426 1791 omnem
1473 1723 1857 1808 impendere
1906 1723 1986 1791 ad
2034 1723 2212 1792 aliud
2258 1723 2382 1792 sibi
2447 1723 2853 1791 Breviarium
2911 1737 3093 1790 com·
3165 1809 3172 1818 ι

500 1831 884 1917 parandum,
939 1831 1275 1899 recitando
1328 1831 1576 1898 interea
1629 1831 1811 1917 quod
1858 1834 2178 1900 memoria
2231 1839 2441 1899 tenet:
2480 1829 2770 1915 alioquin
2806 1837 3098 1921 tot-pec-

500 1945 639 2006 cata
690 1937 1044 2005 committit
1097 1945 1259 2024 quot
1302 1945 1457 2005 sunt
1507 1937 1907 2006 omissiones
1958 1957 2121 2023 quas
2175 1922 2496 2024 praevidet
2546 1935 2697 2022 (nisi
2750 1954 2902 2003 eum
2955 1955 3096 2022 poe—

500 2046 702 2140 niteat
750 2044 942 2129 primi
993 2044 1306 2129 peccati);
1358 2044 1507 2129 quia
1560 2052 1938 2130 perseverat
1987 2045 2432 2113 voluntarium
2483 2044 2552 2111 in
2605 2060 2798 2111 causa
2835 2039 2886 2109 ².

675 2153 737 2218 2.
790 2154 1127 2219 Oculo-rum
1174 2153 1447 2231 caecitas,·
1493 2134 1636 2220 haec
1687 2153 1862 2221 enim
1934 2153 2279 2221 constituit
2347 2170 2563 2222 veram
2629 2150 3096 2236 impotentiam

503 2257 865 2343 physicam:
916 2258 1088 2327 idem
1139 2258 1396 2326 dicatur
1444 2258 1524 2327 de
1565 2260 1915 2328 oculorum
1964 2260 2246 2343 morbO,
2300 2277 2432 2345 quo
2485 2258 2630 2344 quis
2697 2258 2972 2326 laboret.
3025 2258 3098 2326 Si

502 2373 716 2432 tamen
772 2367 979 2434 Officii
1034 2386 1183 2452 pars
1232 2367 1445 2452 aliqua
1499 2368 1809 2435 notabilis
1859 2368 2208 2436 memoriae
2273 2375 2619 2449 teneatur,
2673 2367 2779 2434 ilia
2832 2363 3095 2434 recitari

504 2471 731 2553 debet3
783 2473 895 2541 sed
949 2493 1077 2542 non
1130 2472 1278 2541 ideo
1331 2473 1662 2560 obligatur
1709 2476 1833 2542 sub
1886 2482 2160 2559 peccato
2221 2473 2300 2541 ad
2373 2478 2581 2542 Horas
2651 2480 2907 2542 ceteras
2958 2491 3097 2540 me-

502 2579 779 2645 moriter
826 2579 1298 2664 addiscendas,
1350 2580 1500 2666 quia
1552 2581 1677 2648 hoe
1727 2588 1904 2650 esset
1952 2566 2241 2648 medium
2295 2580 2912 2648 extraordinarium.

681 2688 742 2755 3.
785 2689 1013 2756 Gravis
1050 2683 1265 2770 metus,
1297 2706 1447 2756 cum
1488 2689 1802 2757 Ecclesiae
1840 2696 2171 2775 praecepta
2207 2709 2285 2757 ex
2321 2708 2392 2758 se
2424 2709 2554 2757 non
2598 2687 2894 2773 obligent
2935 2704 3089 2756 cum

503 2793 674 2877 gravi
730 2793 1123 2874 incomodo;
1176 2793 1322 2861 ideo
1373 2794 1693 2864 liberatur
1738 2794 1838 2864 vel
1889 2795 1951 2862 in
2003 2802 2145 2863 toto
2196 2795 2293 2864 vel
2345 2796 2406 2862 in
2475 2803 2658 2881 parte
2708 2796 2786 2863 ab
2839 2794 3095 2871 Officio,

503 2902 612 2987 qui
666 2902 787 2970 sibi
856 2901 1215 2988 prudenter
1264 2907 1451 2973 timet
1500 2904 1942 2972 obventurum
2014 2921 2161 2971 esse
2234 2920 2427 2989 grave
2491 2901 2742 2989 aliquot
2791 2901 3096 2988 corporis

505 3010 603 3077 vel
652 3010 927 3078 honoris
978 3010 1491 3094 detrimentum,
1541 3029 1597 3078 v,
1650 3030 1752 3097 g.,
1804 3011 1857 3080 si
1908 3011 2057 3096 quis
2108 3011 2435 3096 obligatus
2502 3011 2672 3079 inter
2719 3011 3096 3094 haereticOS,

509 3117 605 3184 vei
663 3117 959 3186 infideles
1025 3119 1269 3204 degens
1320 3120 1405 3187 ob
1457 3117 1668 3186 Officii
1716 3118 2174 3186 recitationem
2225 3118 2387 3186 tales
2438 3135 2667 3186 eorum
2713 3118 2778 3184 in
2814 3135 2886 3186 se
2920 3117 3099 3186 suro-

505 3241 612 3291 res
665 3225 1022 3308 excitaret,
1073 3234 1145 3293 ut
1196 3225 1697 3311 persecutiones
1771 3243 1998 3311 graves
2070 3224 2588 3311 pertimesceret.
2652 3223 2955 3292 Diximus
3004 3225 3101 3290 vel

506 3331 573 3395 in
619 3343 742 3398 toto
792 3334 885 3399 vet
915 3334 983 3398 iv„
1026 3347 1238 3420 partem
1280 3351 1431 3401 nam
1478 3333 1530 3401 si
1584 3332 1900 3420 praecepti
1952 3333 2222 3400 materia
2270 3332 2612 3400 divisibilis
2655 3338 2775 3414 est,
2812 3331 2922 3417 qui
2964 3349 3097 3399 non

500 3437 737 3522 ‘potest
785 3438 1060 3524 implere
1113 3447 1345 3519 totum,
1398 3445 1662 3506 tenetur
1711 3438 1985 3524 implere
2020 3444 2272 3524 partem
2308 3457 2505 3524 quam
2550 3445 2802 3523 potest:
2846 3456 2922 3507 ea
2955 3439 3100 3525 ipsa

510 3545 809 3626 ratione,
862 3563 989 3630 qua
1041 3564 1173 3613 aere
1222 3545 1436 3613 alieno
1487 3555 1834 3631 gravatus,
1881 3564 2030 3614 cum
2079 3565 2208 3614 non
2263 3552 2482 3632 potest
2539 3545 2796 3614 solvere
2860 3552 3098 3627 totum,

509 3650 703 3724 debet
754 3651 1011 3720 solvere
1062 3650 1239 3736 quod
1289 3658 1529 3737 potest.
1581 3653 1765 3723 Unde
1814 3651 2114 3744 damnata
2157 3659 2258 3721 est
2292 3653 2372 3719 ab
2407 3651 2795 3720 Innocentio
2829 3654 2918 3720 XI
2954 3653 3101 3721 haec

507 3759 631 3826 sub
684 3778 743 3825 n.
797 3761 879 3825 54
933 3739 1495 3844 pro‘positio:'Qui
1538 3781 1666 3829 non
1704 3772 1902 3849 potest
1945 3761 2206 3826 recitare
2242 3762 2624 3827 Matutinum
2678 3779 2820 3826 cum
2869 3760 3105 3827 Laudi·

508 3866 638 3948 buS,
686 3877 879 3952 potest
925 3876 1127 3931 autem
1176 3865 1450 3951 reliquas
1500 3869 1746 3944 Horas,
1793 3867 1877 3932 ad
1920 3866 2080 3933 nihil
2143 3871 2421 3944 tenatiam
2485 3865 2636 3950 quia
2696 3867 2904 3951 major
2945 3885 3107 3952 pars

507 3975 701 4041 trehit
747 3974 831 4040 ad
874 3994 936 4039 se
980 3975 1302 4039 minorem.
1889 3953 1920 3983 ⁴*

568 4256 588 4297 ¹
625 4257 703 4308 Ad
732 4259 1069 4308 attentionem
1106 4266 1168 4306 ac
1194 4254 1531 4307 devotionem
1564 4253 1852 4307 fovendam
1887 4256 2020 4306 mire
2051 4256 2174 4308 tacit
2208 4256 2354 4318 Opus
2383 4267 2433 4307 s.
2470 4253 2724 4317 Alphonsi
2755 4254 2946 4316 nostri,
2982 4258 3110 4306 Tra-

506 4321 722 4372 duzione
751 4321 828 4371 (ω’
849 4320 1009 4370 Satmi
1042 4333 1069 4370 e
1103 4319 1298 4368 Cantici
1330 4320 1418 4369 che
1447 4321 1494 4369 si
1522 4319 1835 4377 contenoono
1865 4319 2171 4380 nelt’officio
2216 4320 2420 4380 divino,
2474 4319 2619 4380 Opus
2669 4317 2926 4368 Clementi
2984 4319 3104 4370 xiv

507 4383 765 4441 dicatum,
798 4382 940 4444 quod
974 4381 1129 4431 vaide
1165 4393 1195 4430 a
1230 4380 1402 4431 doctis
1437 4381 1858 4431 commendatur.

568 4446 593 4485 ²
629 4444 870 4495 Diximus
902 4445 1162 4494 recitando
1196 4446 1395 4494 interea
1428 4446 1546 4498 εἰς..
1581 4453 1689 4508 qua
1728 4444 1778 4493 in
1815 4454 1870 4493 re
1902 4455 1969 4493 en
2003 4442 2209 4504 regula:
2261 4441 2304 4491 si
2357 4441 2504 4503 petes
2559 4441 2787 4492 recitare
2874 4445 3103 4494 uantum

506 4510 588 4559 est
619 4518 783 4570 parva
816 4507 974 4564 Hora,
1008 4507 1199 4557 teneris
1225 4505 1326 4555 sub
1359 4508 1526 4570 gravi,
1563 4516 1719 4556 secus
1752 4505 1817 4554 ad
1856 4505 1984 4555 ninii
2019 4515 2190 4567 neque
2224 4502 2324 4554 sub
2373 4504 2505 4564 levi;
2558 4505 2686 4566 quia
2733 4513 2821 4553 mo
2865 4504 3103 4555 icissima

506 4581 632 4635 pars
664 4570 887 4620 seorsim
921 4572 1136 4631 sumpta
1166 4579 1276 4619 :ion
1308 4571 1550 4619 censetur
1582 4567 1910 4619 aestimabitis
1943 4565 2008 4617 ad
2046 4567 2202 4618 finem
2237 4567 2383 4637 tegis.
2421 4565 2576 4624 Quod
2619 4566 2664 4637 si
2721 4564 2922 4618 habeas
2973 4564 3101 4617 offi-

507 4633 650 4683 cium
685 4641 988 4690 commune,
1026 4642 1134 4681 non
1166 4632 1345 4680 tamen
1384 4642 1477 4693 pro
1519 4630 1658 4681 rium
1694 4629 1817 4689 diei,
1870 4628 2045 4679 adbuc
2092 4631 2285 4679 teneris
2299 4639 2315 4690 ;
2365 4630 2494 4690 quia
2540 4630 2671 4678 satis
2721 4626 3105 4681 observaretur

508 4695 824 4747 substantia.
857 4718 922 4731 —
962 4694 1014 4743 V.
1054 4693 1281 4754 Liguori‚
1319 4693 1405 4755 Op.
1495 4704 1595 4754 or„
1626 4692 1663 4744 1,
1696 4703 1768 4753 iv,
1805 4703 1857 4742 n.
1901 4693 2028 4753 ιδῃ
2060 4715 2125 4727 -
2156 4691 2421 4752 Ferraris3
2457 4690 2518 4741 V.
2555 4689 2802 4752 Officium,
2835 4701 2885 4740 a.
2923 4692 2982 4742 5.
