3292 5167
479 307 609 373 602
662 393 668 401 .
1319 325 1396 371 na
1442 323 1801 372 vtnrurinus
1849 320 2249 370 maome-tols

445 432 454 442 ‘
565 426 763 491 882.
812 428 882 507 Q.
933 429 994 499 2.
1045 428 1207 509 Quot
1247 439 1397 494 snm
1439 428 1706 496 &rustes
1761 426 2193 514 Theoloyicoe?
2480 453 2488 463 ·

568 535 637 603 fl.
686 532 979 603 Virtutes
1028 531 1427 618 meeiogicae
1466 540 1672 602 eunt:
1712 534 1883 623 fides,
1932 554 2073 621 spes
2121 537 2187 600 et
2232 531 2531 598 charitas.
2576 533 2669 601 111
2717 535 2899 600 mete
2926 546 3080 599 mo-

475 658 746 711 veamur
793 640 857 707 in
907 639 1110 708 finem
1159 647 1462 726 oportet:
1519 640 1585 728 1)
1636 659 1761 710 nos
1812 641 2003 709 illum
2037 655 2445 725 cognoscere
2485 655 2560 707 ac
2599 636 2892 721 credere,
2927 638 3083 724 quia

474 749 781 819 voluntas
832 767 964 817 non
1014 749 1229 817 fertur
1272 749 1339 821 in
1381 749 1802 836 incognitum
1818 776 1836 832 ;
1900 749 1970 837 2)
2018 749 2220 818 finem
2274 746 2463 815 illum
2512 745 2609 815 sic
2657 746 2999 832 cognitum
3045 765 3082 816 a

473 856 670 926 nobis
720 856 1044 940 exoptari‚
1095 856 1248 941 quia
1295 857 1462 925 item
1508 856 1822 925 voluntas
1860 857 2016 925 ferri
2067 874 2201 924 non
2236 861 2460 942 potest
2495 855 2558 923 in
2598 853 2686 937 id,
2723 853 2906 940 quod
2938 872 3073 941 per·

472 963 804 1043 timescit3
856 963 924 1048 3)
974 970 1039 1032 et
1091 962 1295 1032 finem
1342 963 1533 1035 illum
1582 982 1615 1031 a
1666 964 1859 1033 nobis
1908 964 2149 1044 amari3
2224 982 2360 1032 non
2423 963 2596 1031 enim
2646 960 3079 1044 desideratur,

474 1070 603 1138 nisi
656 1068 836 1156 quod
887 1069 1112 1137 haberi
1151 1076 1460 1156 speratur
1503 1078 1572 1139 et
1619 1070 1819 1138 simui
1856 1070 2173 1157 diligitur.
2204 1072 2350 1137 Hoc
2384 1076 2604 1136 autem
2640 1066 2843 1136 modo
2877 1066 3083 1154 expli-

474 1187 668 1247 catur
730 1178 915 1262 origo
951 1179 1285 1249 Virtutum
1333 1177 1896 1264 theologicarum:
1943 1179 2104 1265 fidei,
2155 1194 2283 1263 qua
2331 1179 2543 1245 Deum
2579 1177 3079 1261 cognoscimus3

472 1286 621 1372 spei,
672 1303 804 1370 qua
853 1302 974 1353 nos
1023 1286 1244 1371 ipsum
1285 1287 1682 1355 obtenturos
1718 1305 1866 1355 esse
1900 1285 2253 1372 aliquando
2294 1301 2643 1370 speramus
2660 1309 2680 1366 ;
2729 1282 3078 1366 charitatis,

477 1409 604 1477 qua
654 1391 940 1459 eundem
987 1409 1304 1460 amamus,
1342 1394 1651 1480 Singulas
1699 1394 1795 1462 sic
1842 1392 2177 1463 recensuit
2208 1391 2608 1478 Apostolus:
2658 1392 2845 1458 Nunc
2874 1401 3082 1457 amem

471 1511 723 1565 manent
766 1498 932 1585 fides,
981 1519 1118 1585 spes
1162 1512 1217 1565 et
1265 1501 1563 1584 charitas,
1613 1502 1744 1568 tria
1788 1502 1919 1568 haec
1965 1500 2029 1568 ²¹:
2080 1499 2267 1586 quasi
2343 1498 2591 1568 diceret
2634 1516 2829 1584 neque
2866 1497 3082 1585 plures

473 1625 667 1693 neque
710 1608 1040 1693 pauciores
1085 1618 1250 1673 sunt.

562 1712 739 1780 Dixit
776 1734 986 1792 nunc‚·
1046 1713 1115 1780 in
1164 1712 1420 1782 coelesti
1470 1714 1652 1783 enim
1708 1713 1918 1800 patria
1964 1713 2116 1784 fidei
2170 1712 2663 1800 correspondet
2708 1712 2886 1795 visio,
2934 1710 3079 1797 spei

469 1820 945 1906 comprehensio,
996 1820 1299 1887 charitati
1367 1827 1589 1889 autem
1617 1822 1841 1908 fruitio
1873 1838 1993 1889 seu
2025 1821 2379 1888 delectatio:
2429 1838 2579 1905 quae
2621 1818 2891 1905 quidem
2924 1823 3080 1885 sunt

472 1934 609 1995 tres
650 1928 886 1995 animae
921 1928 1132 1995 heatae
1175 1926 1366 1995 dotes
1399 1931 1453 1996 ².
1489 1930 1803 1997 Ceterum
1835 1928 1902 1997 in
1937 1928 2129 1998 coelis-
2159 1927 2281 1997 etsi
2319 1927 2483 1996 visio
2526 1926 2827 1996 destruat
2860 1925 3076 2008 fidem,

472 2034 984 2120 comprehensio
1035 2052 1241 2119 spem,
1293 2053 1425 2102 non
1471 2041 1695 2104 tamen
1733 2036 2120 2104 charitatem
2160 2034 2445 2103 destruit
2502 2034 2731 2103 fruitio
2748 2060 2766 2116 ;
2801 2034 3080 2103 charitas

468 2161 796 2227 nunquam
840 2142 1090 2223 excidit,
1143 2160 1224 2210 ex
1272 2142 1509 2212 eodem
1556 2145 1879 2229 Apostolo
1915 2140 1965 2211 ³.
2000 2146 2081 2211 Et
2115 2160 2274 2212 sane
2321 2142 2488 2210 ratio
2533 2141 2833 2210 formalis
2868 2142 3078 2210 chari·

473 2250 627 2317 tatis
675 2266 793 2316 seu
843 2248 1086 2317 amoris
1136 2249 1368 2318 eadem
1416 2256 1518 2317 est
1553 2258 1694 2318 tum
1733 2252 1796 2318 in
1833 2250 1931 2318 via
1965 2256 2107 2318 tum
2139 2249 2208 2318 in
2245 2250 2476 2336 patria,
2526 2267 2768 2337 nempe
2815 2266 3074 2317 summa

472 2374 593 2424 seu
639 2355 943 2424 absoluta
993 2362 1058 2423 et
1106 2357 1630 2441 supernaturalis
1681 2359 1800 2426 Dei
1876 2357 2180 2438 bonitas3
2253 2357 2608 2443 praesentia
2677 2364 2903 2425 autem
2974 2356 3075 2425 vei

474 2463 774 2532 absentia
824 2463 1065 2549 objecti
1118 2464 1419 2532 amabilis
1470 2464 1631 2533 nihil
1683 2466 1884 2534 refert
1932 2464 2013 2532 ad
2045 2482 2360 2547 amorem,
2396 2482 2548 2533 cum
2586 2464 2785 2534 abiis
2824 2464 3076 2533 abstra-

472 2570 669 2638 hatur
725 2586 931 2653 amor,
982 2586 1056 2637 ac
1105 2569 1330 2638 tendat
1377 2569 1442 2638 in
1492 2571 1830 2657 objectum
1878 2571 2247 2640 secundum
2317 2589 2408 2640 se.
2472 2572 2799 2654 Attamen,
2852 2570 3072 2640 habita

477 2679 736 2748 ratione
775 2685 1007 2761 statuS,
1043 2678 1326 2747 charitas
1360 2680 1591 2764 patriae
1626 2681 1752 2749 erit
1792 2688 1973 2750 certo
2010 2680 2437 2768 praestantior
2481 2680 2801 2749 charitate
2831 2679 2901 2747 in
2933 2679 3069 2762 via3

472 2803 625 2854 cum
673 2784 738 2852 in
775 2784 981 2870 patria
1032 2785 1214 2854 nullo
1261 2786 1546 2872 amplius
1596 2787 1969 2858 retardetur
2017 2787 2516 2875 impedimentO,
2565 2794 2632 2856 et
2698 2786 2785 2857 sit
2833 2785 2901 2854 in
2948 2802 3072 2854 suo

469 2900 650 2962 statu
699 2892 1110 2962 connaturali
1160 2899 1209 2961 ⁴.
2242 2958 2250 2969 ‚

559 2985 760 3049 889.
813 2983 885 3062 Q.
937 2983 998 3051 3.
1051 2984 1352 3063 Quaenam
1397 2986 1561 3052 inter
1612 2987 1880 3054 Virtutes
1920 2986 2297 3072 theoloqicas
2336 2986 2617 3053 eminet?

562 3092 631 3158 R.
680 3088 958 3159 Ratione
1008 3091 1284 3176 originis
1343 3093 1630 3177 primum
1689 3095 1910 3161 iocum
1984 3101 2167 3162 tenet
2211 3092 2376 3178 tid-ea,
2432 3109 2583 3161 cum
2655 3091 2741 3160 sit
2809 3090 3072 3158 initium

471 3196 690 3265 omnis
731 3196 1248 3282 Justificationis
1298 3199 1572 3268 Ratione
1622 3200 2028 3286 praestantiae
2062 3201 2339 3268 charitas
2365 3253 2381 3283 ‚
2416 3199 2677 3269 dicente
2705 3197 3069 3284 Apostolo:

470 3305 680 3391 major
725 3305 948 3371 horum
995 3317 1082 3373 est
1114 3308 1391 3374 charitas
1406 3332 1430 3388 ;
1466 3314 1567 3376 est
1606 3308 1783 3377 enim
1831 3308 2396 3395 complementum
2430 3314 2497 3377 et
2528 3305 2847 3394 perfectio
2888 3313 3068 3374 cete·

469 3429 714 3480 rarum.
758 3412 923 3479 Hinc
973 3418 1150 3481 recte
1181 3413 1631 3499 Augustinus:
1666 3420 1903 3483 Domus
1932 3416 2046 3484 Dei
2081 3415 2378 3483 credendo
2406 3415 2731 3501 fundatur,
2761 3413 3071 3500 sperando

462 3518 751 3604 eriyitur,
804 3517 1113 3605 diliqendo
1151 3522 1477 3607 perficitur
1525 3522 1574 3589 ⁵.

527 3819 550 3861 1
586 3832 621 3880 ι,
656 3821 776 3872 Cor.
812 3831 923 3871 xm.
1239 3821 1263 3859 θ
1291 3821 1342 3873 S.
1380 3821 1632 3882 Thomas,
1673 3822 1866 3886 suppl„
1901 3835 1951 3887 q.
1985 3826 2066 3884 95,
2103 3833 2152 3875 a.
2186 3825 2239 3874 5.
2544 3822 2567 3863 ⁸
2599 3832 2637 3879 1,
2669 3822 2791 3872 Gor.
2827 3831 2945 3871 xm.

524 3882 549 3923 ί
590 3884 650 3937 V.
680 3885 740 3933 l).
778 3882 1031 3945 Thomas,
1068 3886 1113 3944 1,
1149 3886 1198 3945 2,
1272 3920 1286 3935 .
1320 3886 1400 3944 67,
1437 3895 1487 3934 a.
1522 3887 1578 3947 9;
1614 3884 1667 3936 et
1699 3884 1913 3947 suarez,
1946 3886 2017 3936 De
2060 3886 2249 3938 Vir-tat.
2282 3883 2458 3943 theol„
2493 3881 2549 3937 d.
2581 3884 2657 3935 δ’.
2688 3883 2761 3932 De
2794 3882 3066 3933 ctam-itate.

461 3947 526 3996 Et
558 3956 603 3997 s,
635 3945 945 4008 Alphousus
980 3948 1183 3997 noster:
1328 3945 1499 3997 carita
1524 3946 1826 3999 dett'anima
1872 3948 2101 4010 matrice,
2151 3951 2207 3999 in
2238 3950 2433 4013 quanto
2466 3946 2577 3997 alta
2622 3949 2890 4007 costuma,
2938 3944 2967 3994 ὲ
3012 3944 3070 3995 ta

460 4012 621 4059 stessa
650 4009 703 4059 di
735 4008 907 4072 que-tta
939 4009 1026 4059 che
1058 4006 1189 4058 avrti
1219 4009 1360 4060 nella
1385 4011 1567 4071 patria
1598 4011 1806 4069 celest&
1839 4022 1928 4060 ma
1956 4022 2053 4061 con
2106 4012 2205 4062 due
2254 4012 2526 4073 differenze
2543 4021 2566 4057 .·
2623 4009 2677 4059 ta
2722 4010 2917 4070 prima,
2978 4005 3067 4056 che

461 4073 604 4122 nella
634 4073 720 4121 via
753 4070 974 4122 t’amore
1005 4072 1032 4122 e
1065 4071 1242 4134 libero,
1275 4083 1364 4122 ma
1394 4073 1533 4123 nella
1559 4074 1742 4133 patr-ta
1773 4074 1801 4124 e
1832 4074 2122 4124 necessario
2137 4088 2165 4134 ,·
2198 4075 2389 4125 mettre
2419 4072 2504 4121 net
2551 4071 2678 4121 ciebo
2726 4071 2950 4122 t'amore
3010 4069 3066 4119 in

460 4136 658 4194 quanto
689 4135 799 4186 atta
829 4137 1070 4185 sostanza
1101 4132 1228 4184 sarci
1258 4136 1308 4185 to
1340 4137 1513 4194 stesso,
1547 4146 1636 4185 ma
1669 4135 1797 4185 sara
1819 4134 1917 4198 pia
1939 4135 2162 4200 perfetta
2194 4138 2248 4188 in
2281 4137 2475 4201 quanto
2506 4133 2768 4185 atses-tere
2811 4132 3063 4195 dmm-ato

462 4196 552 4246 dai
583 4194 786 4259 directi,⁸
818 4196 1108 4251 nett’essere
1137 4198 1230 4261 pia
1262 4199 1459 4247 intenso
1491 4196 1717 4258 (Lettere
1750 4210 1780 4250 e
1810 4198 2031 4250 Dissert.
2059 4237 2071 4248 .

528 4256 551 4295 ⁵
586 4256 753 4331 serm.
787 4270 939 4309 xxvn
969 4259 1030 4310 de
1074 4259 1219 4309 Vero.
1253 4260 1430 4321 Apost.
1461 4284 1526 4297 —
1566 4260 1620 4309 V.
1656 4260 1848 4323 Maoyl,
1884 4262 1954 4312 De
2083 4297 2099 4321 ,
2133 4271 2219 4323 spe
2271 4263 2324 4311 et
2370 4259 2643 4311 charitate.
2693 4282 2758 4294 —
2809 4257 3061 4316 Perroue,

463 4320 817 4372 Proetectiones
849 4322 1142 4386 theologicae
1172 4322 1234 4373 de
1276 4320 1559 4375 Virtutibus
1585 4320 1720 4386 fidei,
1754 4325 1861 4385 spei
1889 4326 1942 4375 et
1968 4324 2256 4375 charitatis.
