3292 5167
1222 177 1678 232 Anno-rutenus
2122 155 2127 162 ’
2618 156 2763 224 56ss

163 291 376 355 neque
418 276 532 339 tibi
579 291 656 340 ex
695 276 945 357 justitia
991 277 1306 342 incumbit
1349 279 1757 344 venditorem
1803 293 2033 357 cogere
2069 277 2169 341 vel
2216 292 2480 344 monere
2511 276 2587 340 ad
2621 276 2751 340 sol·

157 356 479 434 *vendum3
521 367 632 422 aut
672 373 799 419 nou
845 356 1154 421 solventis
1199 357 1491 426 fraudem
1537 361 1792 436 aperire
1856 367 1966 422 aut
2020 361 2419 438 magistratui
2466 358 2747 421 deferre.

161 439 260 484 —'
297 435 356 498 V.
401 437 680 517 Lignori,
727 436 892 516 Opus
933 439 1109 514 Mor„
1154 437 1191 501 1.
1239 457 1335 510 ιιι,
1397 458 1458 502 ιι.
1503 439 1642 504 617.
2772 465 2803 486 -

245 515 468 577 sno.
514 518 921 582 vectores
961 516 1272 581 mea-eis
1316 518 1778 582 fraudatum
1824 517 1903 580 de
1944 519 2202 582 tributis
2239 518 2445 584 fusius
2474 518 2647 597 Lugo
2683 525 2752 581 et

162 596 489 662 Duardus:
522 602 762 678 primus
806 599 1082 664 adstruit
1112 599 1568 682 obligationem
1601 598 1983 663 restituendi
2023 598 2340 662 fraudata.
2370 600 2519 660 Eam
2559 606 2750 676 negat

149 678 516 753 secundum
560 679 749 760 buJus
793 688 1006 743 tamen
1051 681 1350 744 secundae
1393 685 1736 745 sententiae
1771 681 2020 757 patroni
2064 679 2239 742 ultro
2269 678 2638 762 concedunt
2665 678 2742 742 ad

157 767 449 820 vectores
495 767 805 826 mercium
849 760 1016 840 quod
1061 771 1343 840 spectat,
1385 780 1493 824 eos
1538 761 1816 823 officium
1891 758 2193 838 periculis
2248 759 2509 837 plenum
2556 775 2744 822 exer·

151 853 329 916 cere,
376 838 644 919 ideoque
692 859 803 922 pro
846 841 1091 904 viribus
1133 857 1274 903 esse
1317 841 1781 906 deterrendos:
1826 855 1967 902 cum
2016 840 2310 902 homines
2380 839 2745 918 hujusmodi

159 917 482 982 latronum
533 925 778 999 potius,
823 937 1011 1001 quam
1057 931 1480 985 mercatorum
1529 938 1704 983 more
1750 922 2015 990 vivant,
2063 929 2128 982 et
2185 919 2348 981 lucri
2393 918 2746 998 cupiditate

160 1002 502 1062 incurrant
546 1004 902 1081 periculum
948 1001 1348 1066 fortunarum
1379 1019 1452 1066 ac
1496 1000 1777 1066 familiae.
1823 1001 1901 1061 At
1947 1017 2058 1078 pro
2104 1004 2283 1081 praxi
2327 1000 2552 1063 dicunt
2614 1015 2744 1062 non

157 1096 302 1144 esse
329 1081 725 1146 damnandos
756 1099 833 1145 ne
858 1091 1145 1146 vectores
1176 1098 1291 1144 nec
1317 1082 1754 1145 fraudatores:
1779 1081 1841 1158 l)
1867 1081 1918 1142 st
1944 1083 2076 1144 sint
2122 1086 2186 1143 iu
2212 1081 2378 1142 bona
2405 1080 2551 1152 fide3
2587 1079 2653 1158 2)
2684 1080 2735 1141 si

161 1158 464 1223 damnum
496 1166 820 1242 segetibus
867 1179 992 1225 non
1027 1161 1325 1226 inferant
1368 1161 1810 1233 excurrendo;
1857 1162 1924 1239 3)
1973 1165 2023 1223 si
2060 1163 2436 1241 praepositos
2477 1161 2743 1239 pecunia

161 1257 289 1302 non
337 1253 789 1320 corrumpant,
836 1259 1018 1306 secus
1065 1254 1403 1321 peccarent
1446 1243 1673 1306 saltem
1734 1249 1989 1322 peccato
2033 1242 2533 1320 cooperationis;
2580 1241 2646 1319 4)
2691 1241 2744 1304 si

155 1336 288 1383 non
335 1324 464 1383 sint
508 1326 708 1400 parati
757 1325 1057 1388 resistere
1098 1325 1394 1402 potestati
1444 1321 1781 1402 vectigalia
1814 1325 2142 1400 exigenti:
2186 1325 2235 1383 si
2285 1324 2467 1384 enim
2496 1325 2747 1384 resiste»

154 1409 348 1475 rent,
396 1415 734 1481 peccarent
777 1414 842 1469 et
876 1414 1092 1468 contra
1161 1403 1633 1478 obedientiam,
1677 1418 1822 1465 cum
1892 1402 2177 1482 legitime
2247 1403 2542 1480 potestati
2593 1403 2746 1465 resi·

149 1492 369 1555 stant,
414 1493 478 1544 et
519 1486 710 1547 etiam
758 1495 975 1549 contra
1016 1485 1330 1564 justitiam
1377 1487 1623 1547 ratione
1674 1482 2020 1545 violentiae
2062 1491 2285 1544 contra
2334 1482 2482 1544 illos
2514 1481 2748 1560 quibus

152 1563 284 1703 yli'rn
323 1564 630 1643 inferunt,
671 1566 900 1647 quibus
945 1563 1213 1646 proinde
1257 1573 1562 1629 tenentur
1610 1564 1841 1627 damna
1877 1578 2311 1643 compensare,
2343 1565 2395 1626 si
2430 1563 2747 1642 quae.idee

155 1659 176 1704 ι
239 1660 253 1703 ι
311 1649 473 1721 passi
519 1656 685 1709 sunt.

235 1722 436 1785 821.
480 1725 711 1789 Casus:
757 1726 1071 1790 Gerbinus
1115 1726 1339 1790 vendit
1380 1725 1643 1789 Giberto
1690 1724 2002 1805 praedium
2036 1721 2274 1788 libellis
2316 1725 2394 1789 30
2426 1724 2738 1801 millibus,

149 1812 224 1865 ut
273 1805 660 1869 imminuant
705 1808 1014 1869 tributum
1060 1810 1508 1887 gravissimum
1576 1824 1622 1875 a,
1677 1806 1991 1884 gubernio
2039 1808 2447 1885 impositum,
2505 1807 2739 1867 conve-

149 1884 350 1946 niunt
393 1885 472 1948 de
515 1888 721 1966 pretio
765 1887 986 1961 20,000
1033 1897 1279 1951 tantum
1327 1890 1392 1948 in
1424 1895 1569 1950 actu
1609 1887 1867 1965 publico
1904 1887 2267 1949 inserendo.
2300 1886 2597 1949 Notarius
2634 1887 2745 1965 qui

141 1967 460 2028 astutiam
506 1971 703 2044 novit,
747 1968 921 2032 illam
971 1970 1180 2047 potius
1209 1969 1434 2031 suadet
1476 1977 1541 2030 et
1585 1966 1819 2042 laudat,
1866 1984 1944 2028 ne
1980 1967 2131 2029 dum
2172 1967 2493 2045 impediat.
2528 1965 2743 2039 Quid?

231 2043 309 2106 R.
353 2048 474 2107 Alii
523 2048 745 2111 dicunt
789 2064 928 2111 cum
988 2049 1261 2113 Bouvier
1306 2050 1768 2111 contrahentes
1834 2063 2096 2124 peccare
2151 2058 2372 2109 contra
2423 2047 2745 2126 justitiam

145 2135 215 2187 et
259 2125 349 2187 de
396 2131 805 2192 restitutione
851 2146 1001 2207 erga
1047 2130 1428 2210 gubernium
1478 2131 1715 2201 teneri3
1781 2129 1957 2206 quia.
1998 2139 2098 2191 est
2159 2143 2411 2207 semper
2455 2126 2634 2189 fraus
2679 2139 2747 2188 et

144 2207 563 2270 mendacium
611 2209 824 2272 celare
869 2226 1089 2273 verum
1139 2211 1430 2288 pretium.
1478 2209 1598 2271 Alii
1634 2207 2031 2287 probabilius
2071 2224 2215 2270 cum
2258 2206 2456 2287 Gury,
2500 2215 2744 2286 negant

146 2284 322 2348 hauc
371 2288 593 2350 adesse
635 2289 1128 2367 obligationem;
1171 2292 1318 2369 quia
1365 2290 1465 2352 lex
1511 2306 1636 2354 non
1687 2290 1941 2351 videtur
1984 2289 2155 2351 aliud
2227 2288 2567 2351 intendere
2613 2288 2741 2349 nisi

144 2365 416 2430 firmare
461 2379 862 2432 contractum
909 2370 1263 2448 publicum3
1313 2380 1454 2433 taxa
1504 2386 1654 2432 vero
1699 2378 1795 2432 est
1836 2369 1988 2449 quid
2036 2368 2567 2448 superadditum,
2613 2384 2739 2430 non

147 2446 452 2526 obligans
491 2451 554 2511 in
599 2452 991 2513 conscientia
1035 2460 1184 2514 ante
1228 2455 1658 2522 sententiam3
1698 2451 1865 2529 quod
1902 2451 2193 2513 firmatur
2233 2451 2294 2514 in
2340 2458 2513 2513 tanta
2549 2449 2743 2512 tribu·

147 2535 368 2590 torum
416 2530 864 2593 redundantia.
907 2531 1204 2594 Notarius
1248 2541 1460 2594 autem
1506 2537 1556 2593 si
1607 2531 1668 2591 id
1713 2529 1918 2594 solum
1963 2521 2121 2593 scffit
2149 2577 2166 2600 ,
2207 2538 2384 2592 certo
2443 2531 2519 2592 ad
2576 2529 2740 2591 nihil

151 2616 437 2684 tenetur,
481 2627 621 2673 cum
661 2613 795 2689 ipse
840 2627 963 2672 non
1000 2614 1084 2673 sit
1126 2611 1486 2675 officialiter
1518 2612 1906 2674 constitutus
1954 2612 2073 2673 nisi
2114 2610 2189 2674 ad
2225 2620 2402 2672 actus
2453 2610 2743 2688 publicos

143 2689 627 2766 conficiendos;
673 2691 1024 2754 declaratio
1067 2703 1280 2755 autem
1319 2692 1473 2771 justi
1522 2693 1709 2771 pretii
1758 2691 1834 2752 ad
1872 2700 2048 2753 actus
2080 2691 2364 2753 valorem
2402 2691 2567 2754 nihil
2601 2705 2759 2752 con·-

148 2767 297 2830 rert.
349 2770 479 2833 Imo
525 2775 587 2833 in
634 2772 911 2835 secunda
957 2783 1276 2836 sententia
1323 2789 1529 2853 neque
1579 2781 1871 2846 tenetur,
1930 2775 2046 2834 etsi
2096 2771 2385 2834 fraudem
2432 2770 2742 2846 suadeat,

143 2856 306 2927 quia
363 2852 512 2914 licet
556 2853 745 2916 bomo
791 2853 1101 2933 publicus,
1148 2869 1272 2916 non
1320 2862 1531 2916 tamen
1564 2862 1663 2914 est
1699 2852 1923 2914 tributi
1957 2855 2373 2932 proepositus;
2417 2868 2574 2931 ergo
2607 2866 2737 2914 uon

155 2940 428 2993 tenetur
473 2947 553 2994 ex
594 2932 802 2995 officio
846 2950 1091 3010 curare,
1134 2945 1203 2997 ut
1246 2934 1358 2996 fiat
1399 2932 1634 2996 solutio
1678 2941 1918 2996 exacte.

1187 3193 1315 3274 (D)
1372 3193 1521 3274 paq.
1569 3192 1708 3256 453.

222 3415 434 3478 822.
477 3415 544 3490 Q.
588 3417 642 3477 1.
690 3419 789 3477 An
840 3416 1149 3480 mandans
1195 3423 1485 3481 teneatur
1524 3419 1830 3496 reparare
1908 3415 2139 3479 damna
2162 3461 2180 3491 ,
2222 3431 2358 3495 quoe
2406 3414 2738 3478 mandata·

135 3497 286 3561 rius
326 3504 457 3575 ipsc
498 3496 795 3559 mandato
835 3495 1265 3576 obtemperans
1301 3515 1525 3577 passus
1561 3500 1705 3560 est?

115 3579 122 3588 ‘
226 3577 302 3640 R.
350 3577 412 3639 Si
459 3576 897 3640 mandatarius
939 3573 1220 3657 subcepit
1255 3579 1539 3642 mandati
1586 3577 2033 3641 executionem
2077 3574 2449 3642 voluntarie
2479 3569 2575 3654 (et
2606 3589 2738 3637 ma-

139 3658 323 3722 xime
381 3659 430 3719 si
496 3657 575 3719 ob
632 3657 992 3718 mercedem
1058 3663 1503 3739 promissam),
1551 3657 1863 3721 mandans
1909 3672 2037 3720 non
2105 3663 2366 3720 tenetur
2433 3670 2739 3735 reparare

135 3736 408 3811 damna,
451 3753 593 3817 quae
638 3736 1077 3800 mandatarius
1121 3737 1422 3801 mandato
1466 3741 1922 3817 obtemperans
1969 3753 2194 3816 passus
2225 3744 2355 3813 est,
2399 3736 2544 3815 quia
2584 3745 2740 3798 tunc

138 3818 438 3896 pericula
483 3819 694 3880 omnia
745 3819 877 3896 ipse
927 3820 990 3879 in
1035 3835 1102 3879 se
1146 3824 1502 3897 suscepisse
1546 3821 1974 3882 existimatur.
2040 3816 2106 3880 Si
2180 3834 2329 3879 vero
2372 3816 2549 3879 illam
2595 3828 2735 3877 coa·

129 3908 291 3961 ctus
339 3901 400 3959 vi
445 3899 544 3961 vel
592 3907 774 3962 metu.
808 3900 985 3977 gravi
1031 3901 1348 3978 suscepit,
1395 3909 1463 3962 ut
1517 3902 1739 3963 evenit
1784 3900 1851 3962 in
1897 3897 2321 3961 inferioribus
2363 3904 2430 3959 et
2477 3898 2541 3958 in
2588 3893 2736 3956 sub-

129 3976 354 4053 ditis,
393 3995 520 4040 non
566 3988 821 4041 tenetur
865 3977 1123 4058 quidem
1184 3979 1493 4042 mandans
1550 3980 1629 4041 de
1696 3980 1947 4042 damnis
2010 3975 2470 4041 eventualibus
2513 3975 2635 4052 (uti
2683 3976 2739 4038 si

129 4061 381 4121 servus
422 4061 530 4138 qui
577 4058 939 4134 mandatur,
984 4059 1049 4120 in
1096 4061 1191 4121 via
1238 4059 1508 4123 fulmine
1553 4077 1895 4139 percussus
1939 4060 2038 4120 vel
2085 4074 2248 4136 equo
2296 4056 2602 4135 delapsus
2646 4054 2738 4118 in·

139 4140 413 4216 tereat),
462 4156 603 4203 cum
652 4139 786 4202 baec
830 4154 955 4201 non
1005 4140 1284 4218 potuerit
1326 4155 1466 4202 esse
1511 4142 1576 4201 in
1623 4140 2042 4218 praevision03
2087 4145 2344 4200 tenetur
2396 4145 2611 4200 tamen
2654 4135 2738 4198 de

131 4218 298 4281 aliis
345 4221 593 4285 damnis
637 4219 1081 4283 communibus
1122 4230 1188 4282 et
1230 4221 1601 4294 ordinariis,
1625 4236 1768 4299 quae
1814 4218 2003 4282 facile
2052 4216 2394 4296 praevideri
2452 4224 2738 4295 possunt.

127 4296 352 4361 Casus
395 4310 560 4362 esset
603 4318 658 4362 st
700 4298 1000 4362 dominus
1044 4298 1281 4363 famulo
1330 4300 1609 4372 mandet,
1654 4311 1724 4363 ut
1761 4300 1922 4361 vites
1960 4300 2055 4361 sui
2099 4299 2292 4359 vicini
2344 4296 2630 4372 recidat3
2673 4305 2743 4360 at

139 4382 214 4444 in
260 4379 548 4443 facinore
584 4377 1024 4459 deprehensus
1052 4396 1277 4444 servus
1311 4381 1387 4443 ad
1420 4379 1722 4444 mulctam
1752 4389 1816 4441 et
1850 4382 2146 4442 triremes
2162 4379 2563 4451 ·damuetur;,
2586 4391 2738 4440 nam

141 4459 266 4523 ille
312 4460 749 4524 mandatarius
784 4463 1035 4526 ratione
1077 4460 1492 4526 subditantiae
1537 4460 1881 4523 efficaciter
1911 4463 2051 4537 cogi
2084 4468 2387 4521 censetur
2410 4473 2453 4520 .a
2484 4473 2602 4522 suo
2632 4473 2737 4521 su·

133 4545 414 4620 ‚periore
456 4542 531 4604 ad
578 4542 1022 4622 exequendum
1069 4542 1455 4606 mandatum.
1498 4541 1689 4604 Notat
1731 4542 1885 4603 item
1943 4538 2319 4617 Roncaglia:
2368 4538 2434 4602 in
2480 4540 2586 4601 bis
2636 4553 2745 4602 ca-

127 4621 338 4686 sibus
377 4621 666 4685 dominos
712 4638 837 4686 nou
867 4621 1071 4685 solum
1118 4622 1325 4685 teneri
1372 4637 1676 4701 reparare
1721 4620 1952 4684 damna
2004 4620 2167 4684 facta
2212 4635 2245 4683 a
2295 4617 2767 4694 mandatariis.

242 4720 516 4803 Scivim,
573 4722 897 4808 Theoloqia
942 4727 1069 4792 etc.
1118 4725 1189 4791 T.
1239 4723 1319 4794 Π.
2368 4756 2379 4766 ·
2475 4718 2562 4787 36
