3292 5167
481 220 614 290 500
1190 241 1303 285 cm.
1350 241 1418 288 11.
1449 240 1677 292 113331.
1726 241 1833 285 vn.
1869 240 2019 287 3131».
2067 241 2112 287 1.
2161 242 2290 290 car.
2340 243 2380 287 1.

481 352 638 413 tunc
682 351 997 413 censetur
1044 342 1260 430 puella
1310 344 1432 413 sub
1483 342 1606 412 1133
1638 360 1758 430 spe
1807 349 1874 416 et
1921 343 2108 431 quasi
2148 343 2467 432 implicita
2502 344 2885 418 conditione
2930 363 3090 416 303-

478 452 789 522 sensisse.
837 454 920 519 At
968 451 1074 518 alii
1124 451 1352 524 dicunt
1404 450 1467 518 id
1515 469 1665 520 esse
1707 459 1965 520 tantum
2012 451 2094 520 de
2138 452 2479 538 aequitate.
2584 523 2587 526 .

658 561 722 628 3.
761 560 826 628 Si
858 559 1062 646 judex
1111 558 1580 628 defloratorem
1629 557 1711 626 ad
1762 559 2013 645 aliquid
2047 559 2587 628 condemnaverit
2638 559 2725 628 ob
2770 559 3088 646 injuriam

483 663 865 752 parentibus
915 666 1198 747 illatam,
1249 665 1576 751 superiori
1652 665 1827 736 enim
1900 666 2503 752 obtemperandum
2571 674 2707 735 est:
2737 674 2849 734 -31
2924 667 3101 738 bene

485 780 714 841 contra
768 774 986 859 ipsum
1025 773 1347 858 competit
1394 772 1782 859 parentibus
1828 772 2002 842 33110
2054 791 2177 859 pro
2225 774 2481 860 injuria.

570 883 773 945 223.
828 883 898 962 Q.
950 879 1159 947 3.Αά
1201 879 1351 964 quid
1395 891 1634 975 tergetur
1679 891 2020 967 stuprator,
2058 880 2115 947 si
2161 881 2473 966 virqinem
2504 879 2964 948 dissentientem
3001 901 3104 948 se-

485 988 738 1056 ctuoepric
783 989 865 1069 vi,
913 988 1126 1070 minis,
1169 987 1541 1072 fraudibus;
1584 987 1692 1052 sed
1735 988 1872 1054 sine
1917 988 2311 1054 matrimonii
2348 971 2806 1075 promissione?

580 1098 648 1162 R
704 1097 775 1161 l:
828 1093 893 1161 Si
946 1093 1191 1162 crimen
1245 1093 1404 1162 illud
1441 1093 1866 1161 manifestum
1905 1100 2029 1177 est,
2065 1100 2329 1164 tenetur
2363 1102 2707 1183 stuprator
2740 1102 2873 1162 tam
2908 1094 3103 1180 puel—

487 1202 588 1284 133,
641 1219 838 1287 quam
889 1202 1275 1287 parentibus
1323 1200 1542 1268 omnia
1593 1219 1901 1286 reparare
1936 1202 2171 1270 damna
2212 1201 2489 1271 honoris
2522 1212 2721 1288 atque
2760 1203 3099 1282 1011111113ς

487 1328 638 1378 cum
686 1326 917 1377 eorum
967 1308 1053 1376 sit
1099 1325 1250 1376 vera
1296 1325 1493 1376 causa
1542 1307 1788 1393 injusta
1834 1314 1902 1376 et
1951 1309 2200 1378 efficax.
2252 1311 2347 1376 113
2388 1316 2489 1394 331
2537 1309 2897 1377 definitum
2936 1312 3101 1377 lure

490 1418 807 1486 canonico
861 1416 1125 1484 ι3111133
1175 1416 1260 1484 ob
1312 1415 1910 1484 dehonorationem
1959 1415 2229 1486 debebit
2277 1417 2532 1488 veniam
2607 1426 2837 1503 petere
2886 1434 2919 1482 a
2970 1434 3093 1504 pa-

488 1525 826 1606 13311033,
875 1523 1113 1609 puellae
1161 1541 1318 1590 vero
1365 1522 1592 1591 dotem
1639 1539 1882 1608 augere
1927 1523 2266 1592 tenebitur
2318 1524 2430 1607 ita,
2480 1531 2554 1593 ut
2598 1526 2767 1593 bene
2840 1525 3101 1593 nubere

489 1635 698 1701 valeat
754 1632 1048 1718 perinde,
1099 1648 1172 1698 ac
1215 1630 1269 1697 si
1319 1630 1591 1700 minime
1639 1630 1880 1699 violata
1929 1632 2184 1704 fuisset.
2235 1635 2376 1703 Non
2429 1639 2701 1702 tenetur
2742 1633 2919 1702 illam
2970 1631 3097 1706 sibi

490 1739 731 1809 ducere
784 1739 847 1822 in
897 1754 1196 1819 uxorem,
1245 1754 1404 1833 cum
1441 1735 1510 1803 id
1553 1754 1686 1806 non
1725 1738 2129 1834 promiserit,
2171 1739 2296 1807 nisi
2340 1740 2515 1808 sorte
2546 1741 2864 1810 damnum
2909 1740 3103 1814 aliter

497 1848 786 1933 reparari
819 1864 948 1914 non
988 1845 1219 1931 possit,
1248 1844 1345 1911 vel
1384 1844 1506 1911 nisi
1545 1844 2000 1913 intercesserit
2034 1848 2360 1914 sententia
2388 1847 2650 1933 judicis,
2690 1866 2839 1935 quae
2877 1847 3096 1933 ipsum

493 1955 901 2023 damnaverit
950 1952 1032 2019 ad
1079 1951 1450 2020 ducendam
1498 1951 1564 2019 in
1615 1969 1879 2037 poenam
1931 1954 2090 2042 tanti
2144 1953 2437 2022 criminis
2487 1960 2540 2023 ².

582 2043 652 2130 11.
702 2061 895 2129 2381
949 2060 1202 2129 crimen
1247 2059 1332 2127 311
1380 2060 1738 2142 occultum,
1790 2061 1899 2128 ubi
1956 2060 2193 2146 puella
2265 2059 2457 2147 aeque
2527 2065 2771 2146 3111131,
2802 2063 2887 2131 ad
2934 2063 3098 2131 nihil

496 2176 762 2237 tenetur
808 2167 1150 2237 seductor:
1204 2153 1332 2234 303
1393 2184 1513 2252 pro
1570 2166 1926 2234 violatione
1995 2167 2400 2254 virqinitatis,
2451 2186 2600 2254 quae
2682 2159 3101 2255 probabilius

493 2283 777 2348 nonest
829 2275 1103 2361 pecunia
1154 2273 1806 2344 commensurabilis:
1857 2292 1991 2348 non
2041 2294 2161 2361 pro
2210 2275 2460 2359 dumne,
2514 2277 2663 2363 quia
2737 2296 2816 2346 ex
2884 2275 3099 2364 hypo-

495 2385 668 2453 thesi
719 2385 973 2452 nullum
1024 2381 1243 2450 adest:
1295 2399 1425 2449 non
1478 2400 1598 2468 pro
1651 2381 1949 2468 periculo
2009 2384 2268 2470 nuptias
2337 2404 2467 2452 non
2517 2385 2893 2467 inveniendi,
2945 2386 3101 2470 quia

498 2494 787 2562 inventae
824 2499 1013 2559 sunt:
1065 2511 1196 2570 non
1235 2508 1354 2576 pro
1385 2491 1627 2577 injuria
1652 2502 2010 2578 parentum,
2048 2493 2198 2578 quia
2232 2492 2733 2562 deflorationem
2768 2495 3096 2578 ignorant.

497 2602 669 2668 Sunt
719 2608 936 2668 1311133
988 2598 1097 2684 qui
1135 2598 1367 2667 volunt
1400 2597 1613 2667 adhuc
1645 2605 2094 2685 stupratorem
2132 2600 2341 2668 teneri
2376 2600 2626 2688 aliquid
2667 2601 2909 2687 puellas
2942 2619 3103 2687 snp-

495 2708 791 2793 peditare
841 2704 1116 2775 arbitrio
1175 2704 1544 2790 prudentis,
1597 2712 1874 2790 propter
1945 2722 2302 2774 moerorem
2351 2713 2416 2774 et
2467 2707 2838 2791 periculum
2907 2723 3100 2778 vexa-

494 2815 701 2884 tionis
752 2812 1113 2884 tolerandae
1165 2831 1197 2878 3
1248 2813 1409 2893 viro,
1459 2813 1513 2880 si
1564 2812 1708 2897 ejus
1756 2811 2239 2897 turpitudinem
2274 2823 2652 2899 cognoscat.

555 2922 698 2990 Sed
730 2921 880 3006 quid
927 2919 1248 3005 (quaeres)
1295 2921 1352 2986 si
1397 2930 1720 3006 stuprator
1767 2920 1895 2986 loco
1939 2920 2209 3005 fraudis
2256 2922 2353 2988 vis
2397 2941 2473 2989 ac
2511 2935 2723 3003 metus,
2750 2920 3105 3006 adhibuerit

495 3049 712 3116 preces
757 3028 1049 3113 repetitas
1095 3039 1150 3093 et
1196 3027 1608 3112 impertitum,
1656 3026 1752 3092 vel
1796 3023 1965 3093 don‘a
2009 3040 2064 3094 et
2109 3028 2395 3095 similia?
2927 3075 2936 3082 -

587 3139 653 3204 R.
703 3134 1261 3204 communissime
1310 3132 1559 3215 dicunt,
1612 3139 2062 3219 stupratorem
2114 3136 2477 3218 generatim
2517 3135 2599 3201 ad
2636 3135 2795 3202 311111
2847 3135 3109 3212 13331·’1;

461 3261 728 3328 preces
779 3242 976 3325 enim,
1026 3241 1198 3309 dona
1247 3248 1313 3309 et
1361 3241 1601 3308 similia
1652 3259 1781 3308 non
1835 3240 2097 3325 tollunt,
2148 3241 2331 3328 quod
2401 3244 2585 3327 virgo
2645 3249 2889 3329 sponte
2944 3261 3113 3312 con-

497 3349 760 3430 sentiat,
812 3367 962 3416 cum
1013 3348 1200 3418 facile
1251 3348 1462 3434 possit
1511 3349 1854 3418 molestias
1904 3349 2047 3418 illas
2097 3357 2427 3419 excutere.
2472 3345 2753 3437 Excipe:

680 3459 735 3522 1.
777 3457 842 3524 81
887 3472 1173 3524 unacum
1224 3455 1533 3541 precibus
1582 3456 2024 3552 conjungatur
2064 3463 2281 3524 metus
2321 3457 2805 3538 reverentialis3
2838 3463 3115 3525 -attenta

499 3580 698 3632 sexus
747 3562 1116 3648 fragilitate,
1169 3561 1608 3632 contradictio
1658 3570 1814 3631 tunc
1863 3562 2081 3630 evadit
2127 3562 2469 3633 moraliter
2516 3564 2973 3650 impossibilis.

679 3672 740 3738 2.
776 3670 843 3737 Si
886 3688 1118 3755 preces
1167 3671 1334 3738 adeo
1376 3678 1600 3740 essent
1647 3671 2051 3758 importunae
2102 3678 2168 3742 et
2216 3671 2540 3755 molestae,
2594 3681 2661 3739 ut
2715 3672 2929 3758 puella
2967 3689 3113 3739 ma·

492 3779 659 3866 joris
709 3778 953 3870 faceret
1001 3778 1416 3846 vexationem
1466 3761 1668 3859 illam,
1705 3795 1903 3862 quam
1942 3778 2335 3863 virginitatis
2368 3780 2727 3865 jacturam:
2776 3788 2934 3850 tunc
2970 3779 3110 3848 sol·

498 3885 769 3953 licitatio
822 3889 999 3953 esset
1048 3902 1201 3952 cum
1249 3883 1389 3969 ipsa
1441 3885 1497 3951 vi
1549 3885 2011 3971 comparanda.
2064 3885 2143 3953 Id
2189 3894 2406 3955 tamen
2460 3905 2591 3956 303
2647 3895 2870 3974 potest
2942 3903 3135 3956 con-⁴

501 3993 777 4079 tingere,
832 3991 955 4061 nisi
1007 3991 1361 4075 rarissime,
1416 4010 1568 4061 cum
1615 3992 1881 4060 foemina
1956 3994 2274 4077 quaelibet
2345 3996 2558 4081 possit
2614 3995 2823 4079 facile,
2873 4003 3110 4064 sancta

500 4093 819 4185 concepta
848 4100 963 4182 ira,
991 4099 1213 4185 aliquo
1243 4099 1441 4167 modo
1476 4117 1509 4165 a
1545 4098 1981 4170 sollicitatore
2008 4119 2079 4168 se
2111 4100 2412 4182 liberare,
2448 4102 2501 4170 si
2538 4104 2892 4171 efficaciter
2923 4101 3107 4170 velit.

675 4208 734 4274 3.
775 4207 839 4274 Si
877 4203 1192 4275 seductor
1233 4205 1369 4292 jam
1419 4204 1689 4291 incipiat
1736 4205 1867 4273 vim
1915 4207 2156 4292 puellae
2210 4207 2504 4293 irrogare
2554 4210 2858 4292 13311033,
2897 4224 3119 4277 oscu-

559 4454 579 4493 ¹
614 4455 668 4506 C.
704 4457 745 4503 ει·
780 4457 949 4516 culpa,
985 4454 1235 4517 1131331.
1271 4479 1334 4492 —
1378 4455 1431 4505 V.
1467 4454 1734 4516 Fen-ratim
1775 4454 1833 4506 v.
1870 4454 2139 4517 stuprum.

556 4517 580 4556 ἱ
614 4516 669 4567 C.
703 4528 716 4565 1
751 4517 810 4566 de
842 4468 999 4568 addet.
1038 4517 1091 4568 Si
1125 4469 1379 4567 seductor
1413 4518 1641 4579 puellam
1678 4517 1873 4568 ducere
1908 4519 2051 4576 velit,
2087 4517 2177 4569 sed
2215 4517 2335 4580 ipsa,
2367 4524 2577 4577 renuat,
2610 4521 2740 4570 tunc
2769 4529 2891 4569 eam
2910 4518 3111 4575 dotare

498 4579 727 4637 debebit,
765 4582 821 4630 ut
853 4581 929 4630 313
945 4581 1107 4631 illata
1142 4579 1342 4631 damna
1375 4581 1548 4631 valeat
1581 4580 1927 4701 13ρ1313.0
1886 4579 2039 4639 Quod
2073 4581 2212 4632 tenet
2241 4583 2403 4632 etiam
2456 4582 2512 4632 111
2543 4555 2729 4642 dubii),
2762 4591 2892 4632 num
2928 4581 3125 4644 puelia.

497 4642 654 4695 tuerit
689 4642 809 4692 ante
839 4642 904 4692 311
938 4644 1056 4704 ipso
1091 4642 1309 4693 violata.
1347 4653 1415 4692 au
1451 4641 1518 4692 ab
1553 4642 1617 4694 al*
1727 4644 1854 4703 quia
1888 4653 2096 4706 semper
2125 4644 2466 4706 praesumitur
2487 4645 2758 4705 inviolata,
2783 4641 2958 4695 donec
2982 4653 3119 4698 eon·

505 4705 729 4758 trarium
756 4703 1026 4766 probetur.
1057 4726 1125 4750 -1
1160 4704 1215 4753 V.
1252 4703 1484 4765 11133011,
1521 4703 1612 4767 Op.
1655 4704 1806 4767 Mor„
1845 4707 1879 4756 1.
1912 4717 1995 4766 ut«,
2027 4719 2079 4755 u.
2115 4707 2229 4756 643.
