3292 5167
1230 248 1309 295 ns
1355 247 1804 296 commortuus
2684 231 2818 298 355

290 346 592 416 Diximus
666 351 738 417 2:
782 349 848 416 Si
891 349 1107 416 debitoe
1150 349 1365 416 adsint.
1418 350 1817 434 conditiones
1866 368 2017 437 quae
2078 351 2346 439 quidem
2418 354 2638 441 quoad
2708 371 2817 422 va-

190 453 525 522 liditatem
574 457 889 540 sunu-a)
937 462 1011 524 ut
1049 472 1200 542 quae
1239 455 1398 523 ludo
1433 456 1882 542 expcnuntur‚
1924 456 2057 526 sint
2112 459 2380 545 propria
2437 459 2810 529 ludentium

192 569 265 630 et
312 562 376 629 in
429 580 667 631 eorum
713 562 1031 645 domini0,
1082 569 1285 648 atque
1348 561 1553 631 libera
1606 562 2005 650 disponendi
2072 564 2418 650 facultate,
2468 574 2541 636 ut
2596 574 2811 655 patet3

192 670 263 755 b)
311 676 385 737 ut
432 670 612 738 *absit
660 669 878 739 omnis
930 671 1025 755 vis
1072 675 1137 738 et
1173 670 1400 742 fraus:
1457 669 1635 740 unde
1707 677 1995 756 oportet,
2081 681 2155 739 ut
2226 673 2534 744 ludentes
2606 675 2814 745 libere

192 781 621 858 concurrant,
672 783 738 847 et
785 775 1054 862 quidem
1105 783 1178 844 ut
1223 776 1399 844 inter
1446 777 1596 845 illos
1646 778 1994 864 aequalitas
2045 780 2314 850 moralis
2398 781 2484 850 sit
2556 783 2622 850 in
2694 802 2814 871 spe

192 880 495 950 lucrandi
524 884 685 952 etin
713 883 1011 969 periculo
1037 882 1393 970 perdendi:
1425 901 1619 953 secus
1648 882 2011 953 laederetur
2035 886 2319 972 justitia.
2350 888 2524 958 Hinc
2546 908 2811 958 versus:

637 1042 879 1105 Ludens
924 1042 1065 1106 lade
1109 1044 1259 1122 tuis,
1298 1044 1434 1107 sine
1474 1042 1561 1121 vi,
1609 1045 1745 1107 sine
1786 1044 2040 1126 fraude,
2081 1048 2363 1112 monetis.

279 1195 382 1265 Ad
428 1196 751 1265 licitatem
797 1215 954 1265 vero
1002 1196 1281 1283 insuper
1328 1170 1734 1283 requiriturz'

376 1308 437 1372 1.
486 1306 583 1373 Ne
629 1303 786 1372 ludo
836 1311 1030 1390 turpe
1102 1304 1349 1390 aliquid
1418 1304 1780 1374 misceatur
1826 1312 1891 1373 et
1938 1305 2391 1389 inhonestum,
2450 1306 2591 1376 sive
2639 1306 2813 1375 facto

197 1413 331 1483 sive
386 1413 591 1483 etiam
637 1413 876 1481 verbis.
923 1414 1180 1501 Duplex
1227 1414 1471 1500 (aJebat
1539 1414 1794 1483 Tullius
1856 1415 2155 1500 quamvis
2219 1415 2514 1501 gentilis)
2561 1417 2817 1485 omnino

195 1534 279 1589 est
310 1520 578 1608 jocandi
647 1541 875 1608 oenus:
944 1540 1145 1588 vanum
1221 1523 1541 1604 illiberale,
1581 1522 1898 1608 petulans,
1954 1522 2362 1609 flayitiosum,
2427 1523 2814 1590 obscomum:

195 1628 373 1696 aliud
416 1630 686 1714 eleqanS,
734 1628 1067 1711 urbanum,
1117 1629 1530 1715 ingeniosum,
1577 1630 1849 1714 facetum
1900 1633 1948 1696 ¹.
2412 1622 2431 1637 “

373 1737 437 1803 2.
489 1739 573 1805 Ut
622 1735 802 1804 nulla
851 1736 915 1802 in
965 1734 1124 1805 ludo
1183 1737 1269 1803 sit
1319 1735 1585 1805 occasio
1647 1736 1993 1821 peccandi,
2045 1754 2181 1805 non
2239 1735 2621 1805 scandalum
2689 1752 2814 1803 nec

198 1841 511 1911 damnum
559 1843 867 1911 alterius:
918 1842 1013 1911 sic
1064 1850 1369 1928 peccaret
1419 1843 1800 1911 mortaliter
1836 1844 1948 1929 qui
2000 1862 2072 1912 se
2119 1842 2277 1912 ludo
2316 1843 2623 1926 traderet,
2658 1862 2812 1913 cum

199 1950 359 2016 sciat
409 1968 483 2017 se
531 1949 599 2017 in
647 1948 1116 2036 blasphemias,
1169 1950 1235 2016 in
1286 1949 1481 2018 verba
1534 1949 1886 2018 inhonesta
1927 1948 2204 2036 prolabi,
2239 1951 2342 2018 vel
2373 1951 2812 2036 impotentem

200 2055 337 2125 fieri
386 2057 471 2124 ad
520 2056 744 2125 debita
793 2056 1108 2127 solvenda
1156 2063 1221 2125 et
1264 2054 1584 2125 familiam
1632 2056 1938 2125 alendam
1989 2064 2041 2124 2.
2112 2056 2270 2126 Ideo
2330 2075 2588 2126 summa
2656 2075 2809 2144 quae

202 2163 574 2250 exponitur,
629 2162 717 2232 sit
764 2162 1023 2232 modica
1064 2165 1253 2249 juxta
1302 2163 2155 2250 cuiusqueconditionem.

373 2273 435 2339 3.
486 2275 574 2341 Ut
624 2290 757 2339 non
804 2270 1073 2339 ludatur
1121 2270 1577 2357 principaliter
1609 2272 1697 2341 ob
1734 2272 2030 2353 lucrum;
2081 2289 2232 2339 nam
2266 2272 2422 2340 finis
2461 2270 2809 2357 proximus

206 2377 338 2446 ludi
386 2397 537 2448 esse
585 2379 783 2448 debet
831 2379 1031 2447 auimi
1084 2379 1397 2447 levamen.
1450 2381 1615 2449 Hinc
1675 2379 2087 2466 probabilius
2167 2379 2364 2449 docet
2430 2380 2807 2464 Ange-licus,

205 2485 426 2555 ludere
478 2487 675 2555 unice
724 2494 1001 2572 propter
1048 2485 1307 2554 lucrum
1356 2486 1704 2572 cupiditati
1780 2486 2181 2570 deservienS,
2233 2505 2366 2555 non
2422 2487 2722 2554 excusari
2770 2503 2807 2554 a

203 2594 429 2661 veniali
482 2594 567 2663 ob
617 2593 947 2680 quandam
995 2576 1479 2680 turpitudinem
1529 2589 1578 2661 ³.
1656 2597 1737 2662 Et
1786 2593 1963 2662 idem
2011 2596 2264 2663 Doctor
2300 2612 2379 2662 ex
2415 2595 2806 2663 Aristotele:

208 2703 436 2769 Parum
482 2702 554 2768 de
599 2701 993 2768 delectatione
1035 2701 1255 2788 sufficit
1302 2699 1387 2767 ad
1429 2701 1632 2767 vitam
1676 2703 1860 2786 quasi
1897 2721 2020 2788 pro
2065 2701 2475 2785 condimento,
2508 2704 2666 2768 sieut
2688 2721 2811 2787 pa-

209 2829 341 2878 rum
386 2810 460 2877 de
504 2810 636 2876 sale
681 2810 902 2898 sufficit
947 2809 1019 2875 in
1063 2809 1196 2876 cibo
1244 2809 1303 2875 ⁴.

285 2918 495 2979 493.
547 2918 619 2997 Q.
670 2918 730 2984 3.
777 2917 879 2984 An
928 2917 1171 2982 luorum
1217 2935 1299 2983 θα)
1346 2915 1509 2982 ludis
1549 2916 1749 3003 possit
1794 2927 1930 2983 tuta
1976 2917 2351 2983 conscientia
2412 2917 2722 2983 retineri?

287 3027 355 3093 R.
411 3027 468 3091 1:
520 3021 890 3109 boquendo
925 3022 1006 3090 de
1042 3020 1487 3104 filiofamiliaS,
1520 3039 1779 3091 summa
1815 3029 2046 3090 contra
2081 3021 2302 3107 ipsum
2339 3023 2510 3090 victa
2548 3024 2614 3090 in
2648 3021 2808 3090 ludo

211 3130 394 3200 etiam
443 3131 525 3199 de
570 3150 644 3199 se
692 3129 883 3198 licito
934 3147 1068 3197 non
1115 3135 1339 3214 potest
1388 3129 1455 3196 in
1504 3129 1915 3198 conscientia
1963 3129 2258 3212 retineri,
2293 3129 2417 3198 sed
2456 3129 2583 3216 ipsi
2620 3130 2811 3199 resti-

210 3240 438 3308 tuenda
489 3246 624 3321 est3
675 3237 788 3325 qui
840 3238 1016 3306 enim
1067 3237 1162 3305 rei
1210 3236 1521 3305 dominus
1571 3255 1705 3305 non
1747 3244 1848 3305 est
1888 3244 2001 3304 aut
2043 3254 2190 3305 eam
2223 3236 2520 3323 alienare
2556 3236 2807 3324 nequit,

211 3366 327 3416 nec
377 3353 603 3434 potest
635 3344 717 3414 de
749 3363 825 3414 ea
859 3343 1089 3413 ludere
1132 3349 1180 3412 ὅ.
1215 3347 1296 3412 Et
1329 3344 1395 3411 in
1430 3362 1589 3412 casu
1626 3350 1912 3426 tenetur,
1948 3351 2021 3412 ut
2059 3344 2282 3413 verius
2316 3343 2565 3428 dicunt,
2606 3346 2807 3431 etiam

210 3455 660 3524 filiusfamilias
710 3453 1037 3522 lucratum
1086 3452 1404 3521 collusori
1453 3453 1850 3527 restituere:
1901 3470 2118 3537 neque
2161 3452 2337 3545 enim
2376 3460 2553 3523 esset
2588 3470 2807 3539 aequa-

211 3562 370 3646 litas,
419 3564 476 3632 si
526 3563 632 3631 hic
680 3569 910 3649 posset
957 3560 1236 3648 perdere
1285 3567 1350 3629 et
1400 3579 1533 3629 non
1582 3561 1845 3628 lucrari.
1906 3560 2155 3647 Excipe
2211 3561 2265 3630 si
2319 3579 2580 3630 summa
2639 3562 2806 3629 victa

208 3671 620 3742 filiofamilias
669 3668 755 3739 sit
805 3671 884 3738 de
932 3669 1128 3738 bonis
1178 3670 1634 3738 castrensibus
1686 3675 1798 3737 aut
1850 3668 2083 3756 quasi:
2156 3676 2268 3764 aut
2317 3670 2374 3737 si
2421 3670 2602 3757 parvi
2660 3685 2804 3736 mo-

208 3780 425 3867 menti,
476 3780 543 3847 in
595 3797 721 3866 qua
771 3785 1217 3865 praesumatur
1267 3777 1470 3863 patris
1521 3796 1922 3860 consensus,
1977 3777 2086 3863 qui
2140 3777 2495 3846 honestam
2544 3792 2805 3844 recrea-

212 3887 453 3958 tionem
494 3907 632 3957 non
678 3887 816 3955 vult
863 3885 1001 3954 filio
1038 3885 1399 3970 denegare:
1450 3892 1563 3955 aut
1604 3886 1692 3954 sit
1734 3893 1987 3954 tantum
2027 3884 2246 3972 aliqua
2281 3903 2432 3971 pars
2466 3883 2806 3952 moderata

211 3995 480 4065 deducta
528 3996 609 4064 ab
658 3993 1011 4076 alimentis,
1063 4010 1231 4078 quae·
1264 3992 1326 4060 ei
1377 4001 1567 4079 pater
1623 3994 2120 4062 subministrat.
2175 3990 2358 4060 Idem
2427 3989 2656 4058 dicunt
2725 3987 2807 4057 de

216 4103 560 4173 interdicto
610 4109 722 4169 aut
770 4100 1208 4170 inhabilitate.

270 4281 289 4320 ¹
323 4280 432 4331 Lib.
465 4293 483 4331 1
517 4281 587 4330 De
624 4279 779 4342 offic„
814 4292 858 4332 c.
893 4283 972 4331 29.
1006 4303 1069 4315 —
1102 4277 1364 4339 Ferrari33
1398 4277 1458 4328 V.
1498 4276 1689 4336 Ludus,
1731 4274 1820 4327 ubi
1848 4274 2017 4336 plura.

268 4344 291 4385 2
320 4345 448 4394 Item
485 4345 669 4406 peccat
686 4343 779 4406 qui
812 4342 972 4393 hosce
1002 4339 1159 4390 ludos
1192 4338 1350 4398 fovet,
1385 4342 1650 4389 convocat
1680 4337 1942 4410 ludente3‚
1981 4335 2205 4387 domum
2230 4331 2533 4407 ludentibus
2567 4334 2808 4409 indiscri3

219 4406 446 4458 minatim
481 4406 670 4478 aperit.
703 4430 767 4442 -
808 4406 861 4456 V.
913 4417 956 4455 S.
992 4402 1235 4461 Carolus,
1271 4402 1546 4453 Instrctctio
1584 4400 2025 4464 Confessartorum
2046 4411 2072 4459 ,·
2096 4423 2159 4435 —
2193 4398 2479 4449 Istruzeone
2502 4408 2588 4459 pet
2622 4398 2808 4451 novella

222 4469 549 4594 cogvsgfsgzwh.
586 4533 666 4590 77,
703 4542 753 4579 a.
782 4529 826 4581 4.

277 4594 296 4634 ⁴
329 4600 378 4653 2,
409 4598 458 4651 2,
492 4605 544 4656 q.
582 4595 690 4651 168,
725 4603 775 4645 a.
809 4592 857 4641 4.
890 4617 954 4629 -
997 4591 1048 4641 V.
1085 4589 1373 4651 Rostgnom
1410 4588 1456 4640 Il
1486 4591 1670 4651 yiuoco
1701 4588 1752 4638 di
1784 4588 2015 4648 fortuna.
2293 4640 2304 4647 .

275 4656 297 4696 θ
321 4656 471 4717 Quod
506 4655 648 4705 valet
676 4654 742 4706 de
774 4655 1030 4716 religiosis
1063 4656 1114 4704 et
1158 4650 1434 4703 uxoribus,
1469 4677 1533 4689 —
1588 4652 1644 4703 V.
1702 4653 1930 4712 Liguori‚
1983 4651 2072 4712 Op.
2124 4649 2281 4710 Mor„
2316 4647 2350 4707 l,
2385 4659 2462 4707 111,
2503 4658 2555 4719 ¹¹:
2590 4650 2713 4709 872;
2751 4649 2807 4699 et

221 4718 252 4770 l.
280 4732 346 4781 iv,
383 4731 437 4770 n.
473 4720 566 4770 36:
601 4718 695 4766 Ho.
731 4719 848 4780 Ap„
884 4719 948 4769 tr.
986 4727 1038 4778 x,
1074 4727 1126 4765 n.
1160 4716 1274 4766 215.
1309 4738 1374 4752 —-
1406 4715 1682 4778 castanon,
1719 4715 1922 4765 Lezioni
1958 4724 2098 4776 ecc.;
2134 4711 2348 4764 Lezione
2379 4709 2461 4761 sul
2492 4720 2688 4773 qiuoco.
