3292 5167
1288 280 1366 326 nu
1409 270 1759 329 cuam-run
2691 263 2819 331 687

223 384 387 454 velle
434 385 500 453 in
548 385 910 454 hostilitate
958 403 1409 473 perseverare.
1455 385 1701 472 Excipe
1749 385 2131 481 praelatum,
2179 389 2472 471 Patrem,
2523 386 2822 460 Judicem

222 498 305 562 et:
364 492 758 579 Superiores
831 492 1201 580 ejusmodi,
1275 493 1385 580 qui
1435 481 1906 562 salutationem
1955 493 2257 592 inferiori
2306 494 2579 564 minime
2624 495 2822 565 resti-

218 604 487 670 tuentes
540 599 682 670 non⁸
723 600 1030 670 videntur
1076 595 1372 689 peccare,
1425 601 1623 671 modo
1673 601 1739 670 id
1789 621 1921 670 non
1959 610 2161 687 agant
2194 621 2273 672 ex
2307 603 2654 673 affectione
2687 603 2818 675 odii

224 714 336 777 aut
406 708 750 791 vindictae3
823 709 940 778 sed
1012 716 1083 778 ut
1144 710 1427 796 gravitas
1476 709 1674 778 illatae
1725 709 1986 797 injuriae
2038 710 2458 797 percipiatur.

309 818 378 884 R.
452 814 551 884 Ad
620 818 697 884 2:
773 818 1103 886 Tenemur
1172 804 1440 886 inimic‘o
1514 818 1770 887 veniam
1820 817 2068 904 petenti
2120 815 2421 903 elargiri3
2472 836 2623 887 nam
2675 819 2819 888 haec

216 922 460 992 omisio
533 932 713 991 esset
785 907 1010 1009 aperta
1081 923 1437 993 declaratio
1486 924 1796 994 vindictae
1847 930 1912 993 et
1962 907 2224 994 occasio
2276 923 2605 994 scandali:
2656 932 2720 994 et
2763 925 2822 993 si

214 1050 347 1098 non
372 1029 734 1097 dimiseritis
766 1031 1136 1114 hominibus,
1168 1052 1279 1099 nec
1311 1035 1498 1099 Pater
1526 1043 1725 1098 vester
1755 1030 2015 1099 dimittet
2053 1032 2223 1098 vobis
2255 1043 2510 1119 peccata
2539 1043 2743 1098 vestra
2767 1029 2817 1099 ¹.

222 1138 490 1221 Verum,
544 1137 744 1206 modo
798 1136 993 1223 longa
1043 1156 1172 1206 non
1227 1138 1524 1206 trahatur
1565 1155 1749 1206 mora
1786 1138 2074 1222 (dicente
2113 1138 2436 1225 Apostolo
2471 1138 2536 1204 ²:
2569 1138 2665 1205 sol
2693 1157 2819 1206 non

215 1245 462 1312 occidat
504 1264 692 1332 super
728 1245 1123 1312 iracundiam
1168 1246 1497 1338 vestram),
1525 1244 1766 1314 docent
1806 1245 2264 1328 communiter,
2303 1263 2424 1313 nos
2459 1243 2539 1312 ad
2577 1243 2641 1311 id
2684 1262 2818 1312 non

220 1351 429 1420 teneri
479 1350 746 1434 statim,
797 1369 1036 1438 nempe
1082 1350 1196 1419 illo
1248 1351 1568 1438 temporis
1621 1357 1907 1439 puncto,
1960 1369 2091 1437 quo
2140 1350 2380 1436 injuria
2447 1351 2620 1418 illata
2680 1359 2814 1433 est3

222 1457 490 1545 quia-id
534 1458 793 1526 videtur
840 1476 945 1527 res
995 1458 1279 1527 violenta
1338 1465 1403 1526 et
1460 1476 1660 1550 supra
1715 1457 2136 1544 fragilitatem
2195 1458 2568 1525 humanam.
2633 1455 2817 1527 Unde

212 1564 464 1652 poterit
511 1564 841 1652 expectari
890 1571 1153 1650 tempus
1201 1572 1673 1651 opportunum,
1709 1575 1773 1634 et
1807 1567 2055 1633 interea
2091 1565 2461 1651 deponatur
2495 1562 2722 1634 odium
2758 1567 2809 1632 ⁸.

304 1671 503 1740 ou.
556 1676 626 1753 Q.
676 1675 738 1740 9.
784 1674 885 1740 An
931 1673 1107 1738 liceat
1152 1671 1223 1739 de
1267 1672 1519 1740 inimico
1564 1673 1903 1741 vindictam
1941 1673 2300 1770 suscipere?

304 1782 375 1849 R.
427 1780 493 1847 Si
545 1797 765 1848 sermo
816 1786 917 1847 est
967 1778 1048 1848 de
1092 1777 1375 1847 vindicta
1424 1780 1709 1866 privata,
1761 1797 1909 1866 quae
1961 1780 2034 1847 fit
2075 1769 2468 1847 auctoritate
2520 1778 2813 1864 privata,

206 1904 360 1957 eam
408 1904 744 1973 nunquam
793 1886 946 1955 licet
993 1887 1336 1973 suscipere
1385 1886 1467 1956 de
1513 1886 1765 1974 iniqu0,
1815 1887 2076 1957 dicente
2126 1887 2443 1955 Domino:
2485 1887 2640 1954 mihi
2671 1887 2815 1954 vin-

210 1994 399 2078 dicta,
446 2007 501 2061 et
545 2015 689 2082 erqo
734 1993 1095 2062 retribuam.
1145 1996 1225 2062 Et
1272 1995 1667 2081 Apostolus:
1719 1995 1915 2063 videte
1945 2016 2023 2063 ne
2052 2003 2191 2081 quis
2222 1995 2462 2061 mal-um
2491 2014 2611 2080 pro
2650 1993 2815 2062 malo

213 2101 411 2169 alicui
450 2101 665 2168 reddat
711 2097 761 2167 ⁴.
817 2101 885 2169 Si
934 2118 1089 2168 vero
1139 2118 1357 2169 sermo
1409 2108 1510 2169 est
1558 2100 1638 2170 de
1688 2101 1971 2168 vindicta
2024 2100 2282 2187 publica
2333 2119 2407 2169 ac
2457 2099 2682 2186 gravi,
2734 2118 2845 2166 an·

215 2225 364 2276 eam
412 2208 560 2294 quis
608 2208 752 2276 sine
801 2207 1007 2275 livore
1052 2206 1357 2275 vindictae
1408 2206 1619 2294 possit
1661 2226 1782 2276 suo
1831 2207 2099 2278 inimico
2152 2213 2382 2294 optare
2433 2213 2496 2274 et
2540 2221 2809 2291 urgere,
2857 2231 2866 2246 ⁴

213 2320 289 2383 ut
338 2314 478 2401 ipse
528 2333 563 2381 a
604 2314 829 2401 Judice
879 2313 1209 2400 puniatur,
1260 2314 1585 2382 affirmant
1635 2313 2191 2383 salmanticenses
2210 2339 2228 2394 ;
2285 2313 2569 2380 refertur
2632 2307 2812 2381 enim

212 2421 298 2490 ad
339 2424 584 2491 bonum
635 2439 1026 2506 commune,
1071 2427 1142 2489 ut
1169 2421 1424 2508 Justitia
1460 2422 1696 2492 habeat
1729 2421 1974 2491 locum.
2027 2425 2267 2503 Verum,
2308 2421 2397 2487 ait
2429 2439 2480 2488 s.
2527 2420 2816 2506 Alphon-

219 2535 337 2598 sus
363 2582 380 2612 ,
414 2530 496 2596 »in
549 2529 751 2616 prame·
808 2549 917 2615 eqo
976 2546 1300 2614 nunquam
1339 2548 1534 2596 ausus
1579 2548 1720 2595 sum
1763 2525 2079 2596 absolvere
2125 2528 2397 2612 aliquem
2441 2526 2708 2594 istorum
2758 2526 2812 2608 ⁵;

219 2654 372 2705 nam
416 2642 639 2704 utrum
689 2636 794 2703 isti
845 2635 978 2703 sint
1027 2634 1242 2706 omnis
1292 2633 1595 2720 vindictae
1647 2636 1793 2705 labe
1841 2617 2161 2719 defaecati}
2211 2653 2343 2702 non
2378 2633 2537 2701 satis
2589 2632 2776 2700 video
2795 2658 2814 2715 3

213 2743 599 2814 facillimum
633 2749 754 2825 est,
787 2741 964 2810 enim
998 2749 1070 2808 ut
1109 2760 1338 2810 eorum
1389 2761 1539 2828 erga
1568 2742 1893 2829 justitiam
1929 2761 2116 2809 amor
2148 2743 2232 2811 sit
2267 2741 2603 2810 coloratus
2640 2758 2813 2836 praej·
2866 2793 2872 2800 ,

221 2856 445 2919 textus
495 2849 574 2917 ad
622 2848 968 2935 tegendam
1018 2848 1305 2934 propriae
1354 2847 1659 2917 vindictae
1709 2848 2160 2936 cupiditatem.
2211 2846 2456 2933 Excipe
2507 2845 2631 2913 nisi
2667 2863 2812 2913 ma-

212 2957 456 3026 nifesto
509 2954 575 3024 id
622 2954 1026 3024 conduceret
1061 2954 1141 3022 ad
1179 2954 1711 3024 emendationem
1748 2956 2103 3041 peccantiS,
2145 2953 2226 3021 ad
2263 2954 2449 3020 illum
2491 2952 2812 3020 cohiben-

208 3064 373 3134 dum
421 3065 488 3132 in
535 3064 853 3146 futurum,
904 3068 1016 3129 aut
1060 3061 1139 3128 ad
1185 3061 1562 3147 exemplum
1612 3061 1893 3129 aliorum
1943 3061 2140 3147 huJ'us
2187 3057 2480 3128 furfuris,

196 3257 204 3262 ,
308 3173 474 3240 Item
534 3176 713 3238 recte
761 3169 990 3238 dicunt
1036 3163 1207 3237 be'ne
1256 3185 1454 3254 posse
1501 3167 1751 3235 absolvi
1804 3167 2135 3236 offensum
2165 3221 2182 3250 ‚
2236 3166 2344 3252 qui
2398 3169 2661 3252 paratus
2712 3169 2812 3232 est

222 3277 492 3367 quidem
539 3296 674 3346 non
722 3294 1035 3345 accusare
1084 3274 1504 3356 ostensorem,
1551 3275 1660 3361 jus
1710 3293 1906 3343 suum
1953 3272 2422 3363 prosequendo
2473 3271 2650 3358 apud
2703 3271 2812 3356 ju-

211 3387 466 3468 dicem3
516 3385 633 3454 sed
674 3385 854 3471 juste
905 3367 1350 3470 praetenderet
1400 3383 1582 3468 prius
1636 3382 1760 3450 sibi
1808 3382 2112 3450 satisfieri
2163 3383 2245 3450 de
2282 3382 2537 3450 damnis
2579 3379 2811 3472 passm,

210 3494 412 3564 modo
486 3493 777 3563 offensor
825 3510 957 3559 non
1007 3496 1182 3559 esset
1246 3490 1460 3576 impar
1522 3488 2018 3557 satisfaciendO.
2067 3490 2183 3560 Vel
2234 3491 2357 3559 sub
2407 3489 2808 3568 conditione,

144 3647 152 3658 ·
215 3608 292 3671 ut
340 3601 632 3670 offensor
699 3599 764 3665 in
839 3597 1264 3683 longinquam
1336 3596 1675 3683 regionem
1729 3596 2279 3683 proficisceretur,
2331 3604 2442 3664 aut
2492 3596 2644 3683 quia
2695 3593 2811 3661 ha·

209 3710 327 3784 bet
397 3708 632 3775 fratres
689 3705 789 3773 vel
852 3704 1060 3786 filios,
1121 3704 1231 3790 qui
1289 3702 1477 3772 facile
1546 3703 1884 3773 iracundia
1955 3703 2390 3789 abripiuntur,
2463 3709 2576 3769 aut
2660 3700 2812 3787 quia

226 3816 518 3886 offensor
564 3819 664 3881 est
713 3811 801 3879 ita
851 3810 930 3878 ad
980 3810 1152 3877 rixas
1200 3810 1553 3896 proclivuS‚
1604 3816 1679 3880 ut
1722 3811 1901 3898 juste
1950 3810 2213 3878 timeret
2254 3828 2441 3878 suam
2471 3813 2811 3894 'expertus

223 3921 783 4002 imbecillitatem,
835 3935 917 3986 ne
967 3916 1339 4004 perlaturus
1388 3925 1572 3987 esset
1620 3919 1763 4006 eJus
1814 3917 2199 3986 insolentias
2252 3918 2391 4002 (0).

274 4116 296 4218 ἶ
328 4115 629 4229 ἕὲἑιὲὲηῗιὶ
661 4175 990 4239 Augustinus
1026 4175 1213 4235 (serm.
1249 4174 1312 4224 ae
1341 4173 1478 4225 vert».
1514 4175 1631 4230 Det)
1665 4110 2095 4237 expnssaffl'iia'ffi'
2121 4170 2251 4223 mun
2276 4169 2474 4223 curisti
2517 4171 2697 4222 naith.
2723 4173 2807 4233 v›:

213 4238 270 4291 sn·
287 4242 437 4303 offers
470 4250 656 4290 munus
688 4243 837 4290 tuum
868 4238 936 4288 ad
966 4238 1153 4292 altare.
1187 4239 1238 4287 et
1269 4235 1337 4286 tbi
1369 4238 1671 4288 recordatus
1704 4235 1886 4298 saeris,
1922 4236 2047 4298 quia
2078 4233 2250 4297 frater
2281 4235 2405 4307 tuus
2481 4297 2491 4307 ι
2532 4237 2583 4284 et
2613 4233 2814 4306 aliquid

208 4303 482 4354 aduersum
515 4307 582 4364 te,
614 4303 843 4364 relinque
872 4301 941 4354 ibi
970 4311 1157 4350 munus
1190 4302 1338 4351 tuum
1369 4301 1488 4350 anto
1516 4302 1705 4358 altare,
1740 4302 1790 4350 et
1824 4298 1950 4349 vade
1977 4297 2127 4359 prius
2161 4298 2491 4348 reconciltart
2515 4294 2678 4358 [ratri
2699 4300 2810 4348 tuo,

209 4364 270 4417 Id
305 4376 495 4429 nempe
529 4363 889 4428 praestandum
921 4364 998 4413 est
1027 4363 1180 4424 juxta
1208 4353 1459 4411 naturam
1494 4359 1737 4424 praecepti
1771 4359 2096 4420 affirmativi,
2149 4356 2366 4423 quando
2415 4357 2617 4410 scilicet
2675 4359 2812 4410 ratio

318 4427 529 4489 dentiae,
561 4425 714 4478 locus
743 4428 796 4478 et
827 4428 1036 4488 tempus
1066 4422 1118 4475 id
1152 4423 1494 4488 pen-mittum
1530 4423 1774 4488 alioquin
1806 4422 1970 4474 animi
2007 4421 2395 4485 praeparatione
2427 4420 2480 4471 et
2521 4421 2702 4493 cordis
2735 4420 2811 4472 af·

211 4438 349 4542 &a
384 4490 494 4542 naec
525 4492 774 4553 praestare
808 4486 1020 4539 sufficit.
1055 4487 1296 4538 Ceterum
1329 4483 1544 4537 adverte
1578 4485 1666 4536 hle
1700 4485 1781 4548 agi
1816 4484 1882 4535 de
1914 4496 1996 4545 ec,
2032 4494 2193 4547 quem
2227 4483 2284 4534 tu
2334 4482 2641 4547 offendist13
2683 4494 2812 4534 nam

207 4552 258 4603 si
292 4550 407 4614 ipse
438 4552 489 4603 te
520 4550 758 4612 offendit,
788 4549 900 4613 jam
934 4559 1040 4600 non
1073 4547 1234 4600 trater
1265 4549 1393 4598 tuns
1425 4546 1586 4599 nabet
1616 4545 1816 4610 aliquid
1859 4545 2145 4598 adversum
2177 4548 2229 4598 te
2281 4544 2374 4597 sed
2408 4546 2466 4597 tu
2517 4546 2805 4598 adversum

214 4613 389 4675 illum,
421 4616 604 4678 sicque
635 4625 743 4664 non
776 4610 971 4665 teneris
1000 4612 1213 4664 veniam
1248 4609 1538 4673 postulare,
1575 4608 1669 4663 sed
1701 4612 1914 4661 tantum
1964 4619 2089 4661 vere
2121 4581 2406 4662 dimittere.

276 4672 302 4716 ⁴
335 4676 489 4728 Rom.
524 4687 603 4727 κη
622 4686 638 4739 ;
672 4675 724 4727 et
755 4688 792 4737 ι,
828 4675 976 4726 Tess.
1011 4684 1065 4724 v.

279 4737 304 4778 Β
346 4739 396 4792 V.
427 4741 589 4790 Homo
621 4737 816 4801 Apost„
854 4736 1005 4789 tract.
1039 4746 1114 4796 xv,
1148 4745 1204 4787 n.
1240 4735 1300 4786 17
1317 4743 1334 4795 3
1368 4731 1460 4796 op.
1495 4733 1665 4796 Mor„
1699 4732 1736 4786 1.
1772 4744 1830 4797 n,
1866 4745 1921 4785 n.
1952 4735 2034 4787 29.
