3292 5167
1335 245 1791 295 annon-rioms
2709 229 2833 295 1201

241 346 442 409 monii
490 354 554 413 et
597 347 844 424 mortis„
883 348 992 426 qui
1044 347 1181 410 fieri
1229 348 1468 413 debent
1511 365 1591 410 ex
1637 348 1853 412 Codice
1902 349 2020 412 civ.
2072 358 2193 412 art.
2237 348 2359 413 350
2402 358 2466 413 et
2533 366 2706 430 seqq.
2775 352 2840 414 in

243 426 386 488 loco
423 426 529 490 ubi
578 427 714 490 haec
761 427 922 492 tacta
965 429 1280 493 eveniunt
1324 430 1402 509 ab
1449 429 1717 492 Ut'flciali
1777 428 1953 491 civili
2003 445 2217 493 coram
2278 430 2526 493 duobus
2574 431 2842 495 testibus

242 509 349 587 qui
397 508 530 569 sint
572 506 861 583 masculi,
904 517 1091 570 aetate
1143 510 1416 588 majores
1452 526 1523 571 ac
1571 508 1929 572 residentes
1990 526 2063 571 eo
2111 511 2174 571 in
2251 509 2405 572 loco,
2473 510 2590 584 Qui
2656 521 2839 574 actus

242 589 295 649 si
341 588 501 650 fiant
541 596 718 650 extra
766 604 1059 667 regnum,
1093 589 1388 652 obtinent
1447 590 1662 665 fldem,
1706 590 1893 651 modo
1918 589 2344 652 observentur
2375 591 2613 671 regulae
2667 592 2841 655 illius

244 670 464 748 regni3
506 678 570 730 at
600 670 767 731 intra
817 678 949 732 tres
996 685 1245 732 menses
1280 686 1505 734 eorum
1538 671 1716 748 copia
1762 679 1861 732 est
1907 670 2404 733 transmittenda
2442 673 2542 734 cui
2585 673 2842 752 dejure

243 750 308 811 in
343 748 590 811 ditione
633 758 872 811 nostra.
919 782 995 795 —
1037 749 1151 822 Qui
1191 759 1368 813 actus
1413 752 1532 812 etsi
1579 751 1847 814 veniant
1909 749 2295 813 observandi
2347 751 2423 813 ad
2471 753 2699 815 civiles
2746 752 2835 816 ef-

245 828 471 905 fectus»,
515 846 640 891 non
689 829 832 892 ideo
881 837 1112 905 tamen,
1137 830 1361 893 fideles
1397 831 1854 911 dispensantur
1890 829 1969 892 ad
2003 832 2163 892 alios
2195 833 2389 892 etiam
2426 833 2840 911 exequendos

241 908 422 988 juxta
468 912 913 989 praescriptum
957 910 1294 985 Ecclesiae3
1338 913 1503 974 sicut
1548 928 1757 991 neque
1826 910 2088 973 Parocbi
2136 909 2212 972 ad
2263 910 2408 972 illos
2474 915 2839 976 exorandos

240 991 422 1068 Juxta
467 991 744 1067 Bitunia,
788 1002 858 1053 ut
902 990 1143 1059 dictum
1190 1000 1286 1060 est
1332 993 1394 1054 in
1442 990 1572 1054 Lib.
1619 1009 1705 1068 w,
1746 992 2022 1072 Append.

335 1070 534 1133 Actus
580 1072 965 1134 nativitatis.
1010 1070 1181 1134 Intra
1230 1072 1512 1150 quinque
1561 1081 1697 1150 post
1740 1082 1990 1152 partum
2058 1070 2196 1133 dies
2238 1064 2456 1133 infans
2520 1073 2839 1135 notificari

246 1149 441 1213 debet
486 1151 758 1214 Ufficiali
807 1151 982 1212 civili
1049 1153 1264 1231 (eique
1329 1153 1814 1231 praesentandus
1844 1200 1859 1226 ,
1906 1153 2029 1214 nisi
2075 1167 2150 1213 ex
2197 1154 2368 1230 gravi
2432 1151 2839 1231 dispensetur

244 1232 481 1311 causa),
528 1240 597 1295 ut
638 1241 813 1295 actus
859 1233 1234 1294 conficiatur
1281 1232 1470 1325 idque
1516 1235 1634 1295 etsi
1677 1235 1808 1311 jam
1855 1246 2148 1295 mortuus
2197 1234 2297 1294 sit.
2344 1231 2540 1295 Addit
2584 1232 2838 1295 Codex:

246 1307 318 1371 Se
361 1313 425 1374 ta
468 1313 718 1375 nascita
757 1314 788 1374 e
828 1313 909 1374 da
952 1313 1178 1374 unione
1214 1312 1601 1392 illeqittima‚
1647 1315 1711 1375 la
1752 1312 2229 1376 dichiarazione
2259 1313 2363 1375 (di
2393 1312 2680 1395 nascita)
2716 1331 2839 1377 non

239 1396 363 1469 pud
405 1396 744 1457 enunciare
786 1391 893 1453 che
935 1393 987 1453 it
1025 1410 1198 1456 nome
1239 1409 1271 1455 e
1312 1410 1616 1473 coqnome,
1667 1395 1731 1457 la
1775 1394 2161 1474 professione
2205 1411 2233 1453 e
2281 1394 2328 1456 it
2372 1394 2685 1456 domicilio
2738 1397 2839 1458 del

242 1474 524 1550 yenitore
557 1493 588 1536 o
631 1474 731 1535 dei
768 1474 1042 1553 penitori
1083 1472 1497 1535 dichiaranti.
1544 1472 1801 1548 Quando
1847 1476 1909 1537 {a
1952 1473 2435 1537 dichiarazione
2471 1479 2500 1535 e
2539 1475 2711 1555 satta
2756 1477 2838 1539 da

243 1550 410 1633 altre
448 1571 727 1633 persone,
773 1571 894 1616 non
936 1556 994 1615 si
1034 1554 1373 1626 enunciera
1416 1553 1524 1616 che
1566 1555 1618 1616 it
1661 1572 1832 1618 nome
1874 1572 1904 1617 e
1948 1572 2250 1636 coqnome,
2322 1555 2385 1616 la
2449 1555 2839 1635 professione

242 1632 409 1695 della
453 1636 684 1709 madre,
725 1650 789 1696 se
831 1634 1035 1705 consti
1096 1650 1207 1713 per
1248 1641 1382 1696 atto
1423 1638 1743 1699 autentico
1805 1635 1912 1698 che
1975 1642 2194 1714 questa
2262 1647 2639 1698 acconsenta
2705 1637 2836 1701 alla

246 1712 722 1777 dichiarazione
764 1714 912 1793 (art.
954 1713 1119 1794 376).

326 1793 525 1857 Actus
567 1795 990 1858 matrimonii:
1032 1797 1394 1874 exprimere
1440 1794 1630 1856 debet
1664 1811 1916 1869 nornen,
1952 1809 2331 1874 cognomen,
2371 1802 2651 1871 aetatem,
2689 1814 2830 1875 pro-

248 1871 617 1951 fessionem,
670 1877 875 1938 locum
923 1878 1296 1950 nativitatiS,
1332 1875 1729 1937 domicilium
1777 1877 1873 1938 vel
1925 1875 2344 1937 residentiam
2426 1891 2854 1954 sponsorum3

245 1970 596 2036 eorumque
640 1958 1039 2036 genitorum3
1106 1970 1486 2018 consensum
1551 1956 2035 2019 ascendentium
2103 1956 2200 2017 vel
2281 1955 2837 2033 consiliisamiliae3

247 2045 423 2099 actus
472 2036 944 2116 publicationiS,
989 2035 1491 2098 declarationem
1522 2053 1922 2115 sponsorum,
1973 2037 2176 2097 locum
2221 2035 2681 2098 celebrationis
2713 2045 2859 2106 etc..

329 2115 528 2178 Actus
571 2117 827 2179 mortis:
877 2132 1062 2178 nemo
1109 2117 1407 2179 tumulari
1461 2125 1667 2195 potest
1712 2118 1831 2179 nisi
1885 2118 2098 2179 habita
2149 2120 2210 2177 in
2267 2118 2524 2196 scriptis
2574 2110 2860 2182 licentia
2932 2120 2943 2127 “

251 2196 328 2258 ab
363 2197 632 2261 Ufficiali
669 2197 868 2273 civili,
910 2198 1017 2279 qui
1066 2196 1125 2258 id
1176 2213 1300 2258 non
1351 2207 1556 2275 potest
1599 2200 1976 2277 permittere
2008 2199 2127 2259 nisi
2161 2196 2242 2259 24
2282 2199 2459 2259 boris
2495 2209 2634 2276 post
2668 2215 2833 2260 mor·

250 2284 403 2353 tem,
444 2282 725 2358 exceptis
768 2280 1019 2343 casibus
1062 2277 1465 2355 specialibus.
1508 2276 1573 2339 Si
1622 2294 1791 2339 mors
1838 2277 2033 2341 suerit
2078 2277 2358 2339 violenta
2397 2289 2505 2339 aut
2552 2281 2835 2357 suspicio

250 2358 354 2434 sit,
401 2374 523 2419 non
570 2369 667 2421 est
710 2358 1117 2438 sepeliendus
1160 2356 1501 2419 defunctus
1551 2359 1673 2419 nisi
1710 2358 1892 2420 factis
1929 2356 2136 2420 solitis
2182 2357 2731 2436 inspectionibus:
2779 2362 2831 2422 si

251 2441 393 2580 guis
436 2450 647 2503 autem
692 2447 873 2502 extra
919 2440 1239 2519 propriam
1307 2439 1745 2512 residentiam,
1793 2441 2064 2501 moritur
2122 2445 2313 2499 actus
2386 2438 2558 2499 intra
2615 2438 2836 2502 decem

302 2520 392 2583 ies
434 2531 531 2582 est
575 2519 654 2582 ad
701 2520 878 2582 illam
927 2517 1431 2583 trasmittendus.
1477 2519 1683 2580 L’atto
1725 2520 1794 2581 di
1837 2528 2053 2595 morte,
2096 2534 2175 2580 ex
2219 2516 2472 2593 Codice,
2497 2521 2835 2582 enunciera

134 2615 140 2623 ·
252 2599 304 2661 it
348 2601 558 2693 iuoqo,
603 2602 653 2664 il
692 2602 911 2680 qiorno
953 2619 984 2660 e
1028 2600 1191 2662 I’ora
1234 2598 1399 2660 delia
1464 2607 1702 2673 morte,
1752 2600 1803 2661 il
1845 2617 2017 2662 nome
2074 2616 2104 2661 e
2148 2614 2470 2679 coqnome,
2529 2600 2680 2660 l'etd
2708 2649 2723 2672 ,
2775 2602 2834 2662 ia

251 2680 631 2759 professione
677 2698 707 2743 e
753 2681 800 2742 il
841 2681 1153 2743 domicilio
1197 2694 1230 2736 o
1274 2679 1338 2739 ia
1374 2680 1706 2742 residenza
1736 2680 1835 2742 del
1862 2680 2159 2761 defunto,-
2195 2680 2243 2740 il
2283 2696 2455 2741 nome
2486 2696 2516 2740 e
2552 2697 2837 2759 coqnome

254 2760 352 2822 del
393 2762 655 2843 conjnqe
695 2762 1058 2841 superstite,
1098 2776 1161 2822 se
1206 2757 1269 2820 la
1312 2776 1577 2836 persona
1622 2759 1883 2839 defnnta
1918 2779 2027 2823 era
2083 2761 2424 2841 conqiunta
2481 2760 2548 2821 in
2608 2761 2835 2822 matri·

254 2842 480 2918 monio,
521 2861 554 2905 o
595 2839 694 2904 del
734 2841 1106 2922 predefnnto
1148 2839 1410 2920 conjnqe
1451 2858 1514 2902 se
1543 2858 1654 2903 era
1680 2842 1906 2904 vedova
1932 2863 1955 2912 ,·
1989 2843 2038 2904 il
2066 2858 2256 2917 nome,
2290 2856 2575 2919 coynome
2606 2859 2635 2903 e
2667 2841 2842 2916 Vota,

257 2921 322 2984 la
364 2923 745 3004 professione
787 2940 817 2984 e
861 2922 910 2984 il
942 2920 1255 2984 domicilio
1297 2920 1398 2982 dei
1454 2920 1865 2985 dichiaranti.
1924 2923 2006 2984 Lo
2069 2928 2263 2984 stesso
2311 2928 2443 2983 atto
2499 2922 2841 2983 enunciera

256 3002 506 3079 inoltre,
526 3020 639 3083 per
669 3008 904 3082 quanto
945 3004 1004 3064 si
1042 3016 1306 3082 possano
1350 3018 1587 3081 sapere,
1630 3003 1681 3064 it
1721 3020 1892 3065 nome
1935 3020 1965 3064 e
2008 3018 2312 3082 coqnome,
2362 3003 2426 3062 la
2457 3000 2840 3080 professione

255 3098 286 3143 e
328 3084 380 3145 it
421 3085 735 3147 domicilio
776 3083 876 3146 del
915 3083 1109 3163 padre
1151 3098 1181 3145 e
1222 3078 1389 3144 delia
1431 3083 1647 3145 madre
1690 3082 1788 3145 del
1816 3081 2070 3162 defunto
2112 3082 2184 3144 ed
2227 3082 2277 3144 il
2320 3082 2497 3161 tuoqo
2523 3082 2690 3144 della
2719 3099 2839 3145 sna

139 3163 149 3173 ⁰
255 3170 510 3227 nascita
552 3165 699 3244 (art.
744 3163 913 3242 387).

337 3242 411 3306 In
454 3262 597 3307 caso
640 3246 707 3308 di
749 3251 945 3306 morte
986 3243 1055 3305 in
1097 3259 1187 3306 nn
1230 3241 1532 3323 ospedale,
1568 3241 1826 3323 colleqio
1869 3242 1945 3304 od
1987 3241 2157 3303 altro
2200 3240 2513 3320 qualsiasi
2556 3242 2836 3316 istituto,

259 3323 310 3385 il
350 3328 670 3404 superiore
713 3343 745 3386 o
788 3325 890 3386 chi
929 3342 1005 3387 ne
1046 3322 1115 3403 sa
1162 3324 1216 3386 le
1259 3324 1389 3387 oeci
1429 3324 1460 3382 e
1506 3330 1718 3385 tennto
1759 3339 1797 3383 a
1844 3327 2283 3396 trasmetteroe
2314 3321 2624 3398 'l’avviso,
2689 3324 2842 3385 colle

259 3403 649 3468 indicazioni
690 3404 976 3469 stabilite
1033 3400 1454 3468 nell'articolo
1508 3403 1889 3482 precedente,
1953 3403 2055 3465 nel
2099 3404 2363 3463 termine
2396 3401 2463 3464 di
2489 3402 2567 3465 24
2604 3420 2727 3479 ore,
2756 3404 2844 3465 al·

263 3484 547 3564 l'Usfizio
589 3472 746 3549 aetio
774 3493 939 3548 stato
983 3484 1164 3548 civile
1210 3491 1353 3560 (art.
1399 3482 1569 3564 388).
2234 3561 2244 3572 ·

335 3566 455 3629 Nel
494 3584 637 3629 caso
679 3567 743 3628 di
784 3573 978 3628 morte
1021 3581 1210 3627 senza
1252 3565 1362 3628 che
1403 3566 1505 3625 sia
1546 3560 1842 3643 possibile
1882 3563 1948 3624 di
1991 3562 2314 3623 rinventre
2372 3580 2405 3625 o
2469 3562 2538 3624 di
2600 3564 2840 3625 ricono-

259 3662 430 3708 scere
472 3649 497 3709 i
537 3647 850 3720 cadaveri,
893 3647 943 3708 il
983 3646 1237 3708 sindaco
1280 3647 1356 3708 od
1397 3644 1567 3706 altro
1610 3642 1903 3723 pubblico
1944 3642 2217 3722 uffiziate
2260 3658 2335 3705 ne
2378 3644 2671 3705 stendera
2709 3660 2848 3722 pro-

259 3742 425 3788 cesso
467 3726 736 3801 verbale,
769 3743 798 3788 e
836 3728 893 3789 lo
926 3729 1330 3789 trasmettera
1358 3724 1428 3787 al
1464 3731 1880 3803 procuratore
1921 3722 2019 3785 del
2060 3740 2127 3802 re
2167 3739 2280 3802 per
2313 3740 2473 3785 cura
2503 3724 2601 3786 del
2645 3725 2848 3801 quate,

258 3807 411 3887 dopo
453 3814 741 3870 ottennta
781 3806 1359 3869 l’antorizzazione
1400 3805 1498 3868 del
1529 3804 1870 3880 tribunale,
1899 3803 1950 3866 il
1981 3805 2150 3865 detto
2176 3820 2466 3883 processo
2521 3806 2677 3866 sarci
2733 3819 2842 3866 an·

260 3903 438 4030 'gesso
479 3885 853 4031 {ggeqsstrco
896 3885 1075 4029 (1ἧὶΙέ
1078 3892 1263 4029 ἐκέατο
1286 3887 1469 3948 civile
1513 3884 1660 3965 (art.
1687 3885 1848 3963 391).
1875 3919 1950 3931 —
1979 3882 2042 3945 C.
2081 3882 2153 3946 G.
2189 3883 2299 3959 77;
2326 3918 2404 3931 —
2437 3884 2499 3946 C..
2539 3882 2598 3947 S.
2639 3883 2845 3958 823—

343 4048 704 4130 L'Ufficiale
746 4050 905 4112 dello
948 4051 1114 4109 stato
1158 4046 1339 4108 civile
1380 4044 1488 4107 che
1530 4046 1735 4108 riceoe
1779 4044 1842 4105 la
1886 4042 2362 4106 dichiarazione
2424 4043 2590 4106 della
2656 4050 2849 4105 morte

262 4129 329 4192 di
371 4146 499 4193 nna
543 4146 808 4209 persona
852 4126 960 4190 che
1002 4124 1195 4190 abbia
1240 4126 1505 4187 tasciato
1567 4126 1705 4204 fiqli
1750 4126 1815 4186 in
1860 4124 2095 4186 minore
2126 4124 2287 4193 -eta,
2352 4140 2384 4184 o
2453 4123 2718 4185 davanti
2780 4127 2847 4187 al

264 4211 446 4289 quale
488 4227 617 4273 una
659 4211 885 4273 vedova
926 4206 1120 4273 abbia
1163 4213 1483 4268 contracto
1525 4205 1948 4276 matrimonio,
1989 4203 2131 4265 deve
2176 4202 2523 4282 informare
2584 4211 2844 4282 pronta-

262 4299 464 4354 mente
507 4292 555 4354 il
591 4298 859 4370 pretore.
907 4288 961 4350 Il
1045 4295 1265 4360 retore,
1305 4292 1560 4347 assunto
1603 4286 1875 4364 au’nopo
1900 4285 1954 4346 le
1988 4290 2332 4362 opportune
2373 4283 2849 4364 informazioni,

262 4371 644 4434 convochera
685 4372 787 4434 nel
829 4370 945 4450 pia
1029 4385 1165 4431 rene
1211 4366 1474 4428 termine
1517 4365 1565 4427 it
1607 4365 1907 4444 consiqlio
1958 4364 2024 4426 di
2087 4362 2382 4443 famiyiia
2442 4381 2550 4443 per
2617 4367 2771 4428 dare
2828 4368 2852 4428 i

259 4453 750 4532 provvedimenti
788 4450 896 4515 che
936 4465 1265 4512 occorrono
1300 4447 1750 4509 neil'interesse
1791 4445 1892 4507 dei
1932 4445 2163 4505 minori
2216 4446 2354 4521 (art.
2417 4445 2583 4525 250).
2645 4480 2723 4491 —
2789 4446 2851 4510 C.

263 4535 338 4596 A.
391 4534 530 4608 189;
575 4566 649 4577 --
700 4532 763 4595 C.
812 4531 883 4594 G.
927 4531 1068 4605 4063
1104 4561 1183 4575 -·
1232 4526 1290 4590 G.
1337 4526 1404 4603 R.
1437 4527 1599 4601 2043
1633 4558 1712 4572 -
1760 4523 1822 4586 C.
1868 4524 1948 4589 M.
1996 4523 2133 4587 239.
2587 4563 2593 4568 -

342 4613 551 4675 Nou:
595 4611 712 4685 Qui
758 4614 824 4674 in
862 4608 1157 4675 civilibus
1217 4608 1466 4670 actibus
1534 4604 1875 4687 exarandis
1950 4622 2074 4666 non
2115 4613 2289 4667 recte
2318 4604 2526 4668 officio
2559 4623 2674 4668 uso
2708 4604 2849 4669 fun·

267 4703 541 4773 guntur,
582 4709 841 4757 carcere
884 4699 949 4756 et
986 4687 1219 4756 mulcta
1266 4690 1659 4769 puniuntur:
1712 4686 1850 4749 Cod.
1891 4702 2045 4765 pam.
2091 4702 2168 4748 ex
2214 4697 2334 4749 art.
2374 4686 2512 4762 520,
2555 4687 2691 4749 521.
