3292 5167
477 237 613 304 2524
1148 252 1241 300 ιιΒ
1289 252 1358 301 ιι.
1408 256 1618 302 macr.
1670 254 1770 302 vu.
1818 255 1972 303 nisi».
2020 254 2086 302 ιι.
2135 258 2264 304 car.
2313 254 2378 301 ιι.

568 360 1010 430 Commissum
1060 378 1177 428 seu
1228 360 1601 445 rigorosum
1651 369 1774 443 est,
1824 359 2089 446 quando
2139 361 2287 446 quis
2331 360 2519 428 alteri
2560 360 2898 449 quidpiam
2934 380 3086 430 ma—

473 468 765 548 nifestat,
816 466 1030 534 eidem
1079 467 1499 536 committens
1547 468 1886 536 silentium
1933 468 2107 535 circa
2156 467 2337 536 illud.
2392 467 2464 535 ld
2511 475 2733 537 autem
2773 468 2916 536 fieri
2954 487 3091 554 po-

479 581 610 644 test
656 575 755 643 vel
804 593 1138 661 expresse,
1189 575 1241 643 si
1293 575 1624 661 expressis
1672 574 1888 644 verbis
1921 574 2263 643 silentium
2296 573 2753 646 committatur
2769 601 2789 657 ;
2839 576 2938 644 vel
2974 586 3084 644 ta-

477 683 626 765 cite,
674 682 729 750 si
779 682 860 750 ab
908 682 1050 767 ipsa
1098 682 1191 749 rei
1243 682 1675 750 manifestatae
1726 690 1957 749 natura
2009 681 2073 749 id
2120 679 2520 751 deducatur:
2586 681 2678 750 uti
2728 682 3063 770 contingit

477 789 770 873 mediciS‚
819 789 1173 870 advocatis,
1227 789 1554 874 theologis
1603 789 1909 877 aliisque,
1958 788 2041 857 ad
2087 809 2259 876 quos
2308 790 2408 860 vel
2458 808 2577 877 pro
2626 790 2919 860 remedio
2957 790 3062 860 vel

477 915 598 986 pro
648 898 926 967 consilio
974 897 1048 965 fit
1097 915 1423 966 recursus,

564 1008 973 1075 Promissum
1019 1014 1121 1074 est
1169 1005 1431 1092 quando
1480 1013 1546 1073 et
1579 1005 1691 1091 qui
1728 1025 1865 1075 rem
1898 1005 2296 1088 manifestat,
2338 1005 2680 1075 silentium
2718 1005 2956 1092 exigit3
2994 1013 3077 1077 et

475 1114 586 1199 qui
638 1114 876 1199 accipit
923 1105 1097 1183 illius
1145 1113 1239 1182 rei
1289 1113 1591 1181 notitiam
1640 1114 1980 1182 silentium
2030 1114 2375 1199 promittit.

562 1223 743 1287 ⁷51.
795 1224 866 1302 Q.
917 1223 978 1288 2.
1025 1222 1128 1288 An
1164 1231 1367 1307 peccet
1414 1221 1523 1306 qui
1568 1222 1757 1289 violat
1805 1233 2105 1289 secretum
2151 1222 2287 1288 sine
2333 1227 2578 1289 causa?

560 1330 630 1396 R.
674 1329 1089 1411 Affirmative,
1139 1329 1290 1414 quia
1334 1336 1559 1414 aperte
1608 1328 1806 1397 violat
1845 1330 1956 1415 jus
2006 1329 2324 1399 alienum:
2373 1331 2482 1416 qui
2552 1331 2831 1398 ambulat
2883 1333 3077 1418 frau-

472 1435 751 1504 dulenter
795 1436 913 1522 (ait
960 1437 1287 1524 Sapiens),
1320 1438 1548 1505 revelat
1584 1456 1826 1520 arcana
1874 1437 1922 1504 ¹.
1973 1438 2112 1506 Imo
2150 1457 2267 1523 per
2297 1456 2370 1506 se
2402 1437 2739 1524 loquendo
2774 1438 2842 1506 id
2873 1456 3065 1507 mor-

473 1543 600 1613 tale
649 1552 792 1626 est3
865 1561 1013 1612 nam
1061 1543 1395 1630 loquendo
1446 1544 1528 1613 de
1580 1553 1859 1614 secreto·
1894 1544 2170 1613 naturali
2224 1544 2364 1630 ipsa
2414 1553 2669 1613 naturae
2721 1546 2825 1614 lex
2865 1547 3062 1632 iubet

476 1649 638 1717 illud
684 1652 927 1719 servari
979 1651 1103 1720 sub
1152 1651 1416 1719 mortali
1464 1661 1531 1719 et
1577 1670 1659 1720 ex
1703 1652 1980 1737 iustitia,
2027 1651 2287 1738 quoties
2320 1671 2400 1720 ex
2434 1651 2610 1721 illius
2660 1653 3065 1722 revelatione

470 1758 752 1844 graviter
799 1758 1061 1826 laeditur
1109 1758 1234 1834 ille,
1290 1760 1477 1845 cujus
1527 1768 1627 1827 est
1678 1768 2052 1828 secretum:
2125 1759 2413 1846 quisque
2461 1758 2639 1828 enim
2678 1760 2788 1847 jus
2839 1759 3065 1844 habet,

469 1872 543 1933 ut
590 1873 922 1936 secretum
972 1885 1167 1935 suum
1217 1867 1462 1935 nemini
1513 1867 1972 1936 manifestetur
2019 1869 2160 1936 sine
2209 1885 2431 1936 causa.
2482 1868 2672 1949 Quod
2707 1869 2914 1952 magis
2950 1887 3063 1935 va-

470 1973 560 2042 let
606 1974 687 2041 de
735 1974 1095 2042 commisso
1146 1982 1212 2043 et
1262 1974 1636 2061 promisso:
1690 1992 1838 2043 nam
1890 1975 1955 2042 in
2005 1977 2364 2044 commisso
2414 1976 2729 2061 exigitur3
2779 1977 2845 2044 in
2897 1996 3061 2061 pro-

469 2071 673 2150 misso
709 2082 982 2169 insuper
1014 2084 1425 2170 promittitur
1458 2089 1791 2151 secretum
1829 2102 1956 2150 non
1996 2083 2305 2151 revelari:
2357 2091 2420 2153 et
2455 2084 2748 2152 revelans
2792 2091 3067 2153 tenetur

468 2186 548 2256 de
595 2187 871 2270 damniS,
922 2190 976 2257 si
1026 2208 1175 2276 quae
1225 2198 1632 2277 sequantur3
1687 2207 1840 2258 cum
1887 2190 2130 2276 injusta
2182 2190 2583 2259 revelatione
2621 2190 2818 2258 fuerit
2851 2208 3055 2260 causa

466 2313 616 2364 vera
665 2305 730 2364 et
778 2298 1025 2366 efficax.

554 2404 887 2472 Diximus:
915 2425 1030 2493 per
1061 2427 1123 2473 se
1171 2405 1507 2491 loquend0;
1554 2423 1587 2472 a
1638 2405 1813 2491 gravi
1865 2405 2110 2474 etenim
2149 2413 2421 2492 peccato
2467 2412 2737 2473 excusat
2772 2405 3061 2491 parvitas

466 2508 682 2580 damni
719 2512 782 2578 in
818 2521 1076 2581 secreto
1112 2513 1389 2581 naturali
1422 2532 1496 2581 ac
1530 2515 1890 2584 commisso
1903 2540 1923 2596 3
1966 2522 2031 2582 et
2059 2514 2123 2582 in
2155 2513 2486 2599 promisso
2521 2521 2793 2581 excusat
2828 2512 3053 2597 etiam,

464 2620 515 2689 si
568 2621 961 2707 promittens
1013 2629 1267 2689 tantum
1314 2621 1439 2690 sub
1487 2621 1611 2690 levi
1662 2642 1734 2690 se
1773 2623 2160 2709 obligaverit
2209 2623 2291 2689 ad
2339 2622 2699 2691 silentium.

553 2727 754 2792 '25²-
801 2730 873 2809 Q.
921 2730 981 2796 3.
1035 2729 1446 2810 Quandonam
1489 2729 1623 2795 sine
1670 2730 1853 2816 culpa
1898 2730 2340 2816 manifestatur
2383 2734 2734 2795 secretum?

551 2838 622 2904 R.
675 2839 904 2919 CasuS,
957 2836 1018 2903 in
1069 2836 1313 2922 quibus
1362 2836 1505 2903 sine
1575 2844 1848 2923 peccato
1920 2846 2252 2906 secretum
2322 2836 2755 2906 commissum
2828 2843 3059 2922 potest

464 2942 887 3025 manifestari,
936 2943 1063 3011 hoc
1109 2941 1435 3011 versiculo
1485 2941 1952 3011 continentur:

939 3158 1078 3234 Res,
1126 3176 1484 3235 consensus,
1532 3159 2021 3237 inadvertentia,
2052 3160 2360 3240 justaque
2402 3174 2620 3222 causa.

641 3353 697 3417 l.
749 3351 1022 3441 Quando
1073 3369 1178 3420 res
1212 3352 1336 3420 sub
1371 3358 1629 3422 secreto
1668 3352 2021 3420 commissa
2055 3352 2154 3421 vel
2188 3359 2290 3420 est
2328 3369 2542 3437 parva,
2578 3367 2797 3436 neque
2833 3369 2914 3419 ex
2950 3369 3061 3418 re-

462 3457 786 3527 velatione
833 3457 1145 3527 damnum
1195 3459 1496 3541 timetur3
1569 3466 1727 3529 tunc
1782 3461 1957 3529 enim
2006 3478 2137 3527 non
2211 3458 2471 3528 videtur
2543 3476 2742 3546 posse
2812 3458 3055 3526 saltem

459 3583 722 3651 gravem
771 3564 1241 3651 obligationem
1292 3565 1629 3635 inducere:
1682 3565 1783 3635 vel
1840 3565 2100 3634 aliunde
2140 3568 2277 3653 jam
2325 3566 2585 3653 cognita
2636 3572 2737 3635 est
2772 3573 2884 3632 aut
2921 3584 3055 3652 pu·

457 3673 656 3756 blica;
707 3680 864 3758 tunc
913 3673 1088 3740 enim
1137 3691 1267 3742 non
1319 3672 1651 3759 detegitur
1699 3679 2048 3742 secretum.
2100 3673 2241 3741 lmo
2291 3673 2587 3755 Azorius,
2626 3675 2834 3759 Lugo,
2870 3675 3050 3740 Maz-

455 3790 602 3851 zota
651 3789 716 3849 et
765 3775 1116 3866 Roncaglia
1167 3781 1597 3866 probabiliter
1645 3789 1916 3849 tuentur
1965 3782 2241 3851 mortale
2301 3800 2429 3849 non
2482 3799 2649 3863 esse,
2701 3798 2841 3848 rem
2891 3794 3048 3866 gra-

455 3904 599 3955 vem
647 3887 770 3956 sub
820 3892 1078 3955 secreto
1128 3887 1551 3955 commissam
1600 3887 1892 3955 revelare
1938 3888 2062 3956 sub
2131 3887 2367 3957 eodem
2425 3895 2686 3957 secreto
2758 3888 2871 3956 uni
2942 3886 3051 3955 vel

455 3994 638 4062 alteri
691 3996 923 4080 probo,
961 3994 1079 4062 sed
1112 3994 1313 4062 modo
1354 3994 1460 4063 bic
1493 3993 1617 4062 sub
1667 4001 1924 4062 secreto
1975 3995 2332 4078 contineat,
2368 4015 2488 4065 nec
2537 3994 2725 4065 alteri
2776 3993 3051 4075 revelet,

454 4119 647 4170 secus
680 4102 759 4169 de
789 4120 932 4168 uno
973 4102 1034 4168 in
1073 4101 1293 4183 alium,
1334 4119 1439 4169 res
1481 4099 1744 4168 tandem
1796 4102 2167 4187 aperiretur
2214 4103 2542 4186 omnibus,
2583 4109 2656 4169 ut
2705 4119 2837 4170 non
2889 4117 3049 4170 raro

453 4210 697 4290 evenit3
750 4209 909 4277 item
957 4209 1157 4277 modo
1207 4227 1338 4275 non
1389 4206 1736 4293 detegatur
1781 4209 1882 4276 cui
1935 4209 2313 4296 specialiter
2361 4210 2555 4279 celari
2592 4208 2877 4278 voluerit
2911 4207 3051 4292 iile,

453 4316 564 4399 qui
614 4324 944 4384 secretum
993 4315 1343 4385 commisit.

512 4578 531 4616 ¹
570 4580 720 4628 Prov-
757 4591 832 4629 xi.
866 4606 930 4616 —
965 4581 1022 4630 V.
1060 4581 1228 4631 (lodex
1257 4582 1498 4643 poenatts,
1533 4583 1632 4631 art.
1668 4585 1781 4640 587,
1820 4582 1911 4633 ubi
1946 4583 2036 4645 qui
2072 4582 2278 4634 violant
2308 4584 2590 4643 secretum,
2646 4580 2793 4645 quod
2827 4589 3049 4631 servare

439 4643 699 4692 tenentur
733 4641 940 4692 ratione
973 4642 1157 4702 offleii,
1192 4655 1403 4694 carcere
1435 4642 1503 4693 ab
1540 4654 1646 4694 uno
1683 4644 1749 4694 ad
1783 4657 1875 4697 sex
1911 4657 2138 4704 meuses,
2163 4649 2216 4698 et
2236 4646 2394 4697 etiam
2417 4646 2775 4708 suspensione
2802 4644 2871 4693 ab
2897 4652 3047 4693 exer-

443 4705 574 4755 citio
610 4704 810 4765 proprii
847 4704 1007 4753 officii
1049 4705 1356 4766 puniuntur.
1391 4732 1434 4744 -
1492 4705 1544 4754 G.
1581 4706 1640 4756 Α.
1679 4718 1835 4770 poen„
1874 4719 1921 4768 p.
1958 4709 2029 4768 1³,
2066 4708 2090 4771 5
2121 4711 2202 4760 86.
