3292 5167
473 225 624 296 576.
1443 243 1557 291 tie.
1605 242 1672 291 ii.
1718 198 1935 298 ’riiAc'n
1976 240 2083 290 vii.

476 349 649 413 talita
684 346 1049 412 dell'anima
1097 349 1147 409 si
1194 346 1384 410 crede
1420 349 1684 412 tuttavia
1717 347 1887 411 dalla
1922 349 2101 428 quasi
2138 345 2384 412 totalita
2414 346 2587 412 delle
2624 351 3062 493 popolazioni,

473 447 508 494 e
554 429 767 491 coloro
810 429 929 490 che
963 427 1014 490 si
1042 436 1335 491 staccano
1367 428 1531 491 dalla
1564 429 1693 491 vita
1731 427 1897 491 colio
1929 429 2205 492 scherno
2239 429 2528 493 beflardo
2556 449 2634 496 su
2701 435 2865 511 viso,
2890 447 3057 496 sono

475 511 800 574 rarissime
848 526 881 572 e
924 516 1279 571 mostruose
1324 510 1668 571 eccezioni.
1712 532 1735 563 ι

549 588 750 651 844.
798 589 862 662 Q.
911 590 964 651 i.
995 590 1094 651 An
1123 587 1405 652 omnibus
1440 591 1685 652 licitum
1708 590 1795 651 sit
1821 585 2097 651 occidere
2134 585 2448 665 humiles,
2481 608 2590 653 seu
2618 593 3061 672 proscriptos?

551 670 620 732 R.
668 669 1080 748 ProscriptOS‚
1124 672 1230 748 qui
1278 670 1353 732 ad
1402 679 1677 732 mortem
1742 669 2007 732 fuerunt
2051 669 2335 731 damnati
2384 686 2496 748 per
2530 669 3047 746 contumaciam,

472 766 598 814 non
647 750 802 812 licet
845 751 1092 828 privato
1158 749 1471 819 occidere,
1537 751 1659 812 nisi
1726 749 2087 827 respublica
2137 748 2199 811 id
2265 755 2687 827 concesserit3
2757 752 3056 832 alioquin

474 846 726 910 semper
762 831 1161 893 occideretur
1193 833 1575 893 auctoritate
1621 831 1888 909 privata.
1923 829 2305 908 Respublica
2338 841 2550 896 autem
2600 834 2861 896 nonnisi
2909 848 3053 912 gra·

472 914 727 973 vissima
775 910 854 973 de
898 927 1084 972 causa
1132 909 1191 973 id
1231 910 1496 972 cuilibet
1530 913 1777 990 privato
1823 909 2178 972 concedere
2222 908 2433 987 debet,
2480 920 2606 975 tum
2641 922 2904 993 propter
2948 931 3054 974 oc·

473 993 793 1054 casionem
839 989 1139 1053 vindictae
1185 999 1250 1052 et
1296 991 1800 1063 inimicitiarum,
1845 1001 1978 1052 tum
2013 999 2272 1071 propter
2318 989 2779 1058 detrimentum
2827 993 3059 1056 salutis

474 1081 731 1135 aeternae
788 1088 1003 1133 eorum
1050 1072 1158 1149 qui
1203 1072 1293 1132 sic
1336 1070 1736 1133 occiduntur.
1778 1069 2064 1149 (Melina,
2110 1070 2415 1142 Billuard‚
2458 1069 2652 1154 Lago,
2675 1084 2739 1138 et
2768 1074 3055 1153 Liguori,

482 1151 672 1233 opus.
717 1152 899 1226 Mor.,
943 1151 982 1213 l.
1031 1168 1126 1228 iii,
1172 1167 1231 1212 n.
1276 1151 1431 1225 3803
1476 1149 1793 1228 Carriere,
1834 1150 1921 1214 De
1960 1151 2249 1228 Iustitia,
2285 1167 2346 1213 n.
2392 1152 2556 1233 770.)

551 1232 750 1295 845.
795 1231 861 1305 Q.
904 1232 960 1294 2.
1004 1231 1104 1293 An
1144 1232 1485 1310 aliquando
1529 1232 1719 1295 liceat
1757 1234 2031 1294 occidere
2073 1232 2505 1296 innocentem?

557 1312 622 1374 R.
665 1312 799 1374 Non
852 1312 998 1374 licet
1043 1314 1451 1374 innocentem
1494 1312 1727 1375 directe
1770 1311 2084 1388 occidere,
2116 1314 2238 1374 nisi
2284 1311 2451 1376 Deus
2482 1314 2588 1392 qui
2637 1311 2812 1375 solus
2859 1312 3056 1375 babet

478 1393 573 1455 'us
616 1395 764 1455 vitae
799 1401 864 1454 et
907 1393 1101 1469 necis,
1144 1391 1479 1455 concedat:
1523 1393 1832 1472 insontem
1872 1399 1935 1454 et
1964 1393 2219 1470 jiistum
2246 1409 2369 1455 non
2410 1393 2667 1468 occides,
2716 1394 2955 1472 legitur
2987 1395 3051 1456 in

530 1473 705 1534 xodo.
765 1473 1052 1534 Diximus
1095 1473 1369 1544 direcce;
1429 1473 1533 1534 ubi
1579 1474 1752 1535 enim
1794 1473 1962 1552 justa
2028 1476 2111 1536 sit
2155 1489 2365 1550 causa,
2428 1474 2522 1536 fas
2585 1488 2683 1536 est
2736 1473 3056 1536 indirecte

474 1552 713 1632 aliquid
762 1569 974 1629 agere,
1018 1569 1094 1614 ex
1140 1569 1261 1631 quo
1306 1563 1539 1631 praeter
1584 1554 1830 1632 agentis
1878 1555 2303 1615 intentionem
2352 1570 2517 1616 mors
2553 1556 2923 1616 innocentis
2963 1571 3050 1616 se·

474 1642 722 1714 quatur.
767 1633 912 1695 Haec
949 1643 1162 1695 tamen
1199 1649 1381 1694 causa
1421 1633 1612 1696 debet
1656 1649 1794 1696 esse
1840 1634 1998 1716 tanti
2048 1638 2376 1710 momenti,
2407 1643 2477 1698 iit
2509 1636 2656 1696 vitae
2695 1635 2811 1714 ipsi
2860 1635 3050 1713 aequi·

474 1713 719 1789 valeat3
763 1716 854 1775 sic
896 1714 946 1774 si
999 1722 1307 1794 tyrannus
1353 1715 1633 1776 minetur
1680 1703 1855 1780 urbis
1900 1713 2240 1789 excidium,
2287 1716 2408 1776 nisi
2458 1719 2767 1776 innocens
2802 1717 3048 1776 occida-

479 1803 607 1872 tur,
638 1809 765 1856 non
797 1794 1015 1856 licebit
1050 1792 1308 1873 quidem
1355 1793 1536 1858 illum
1573 1794 1814 1856 directe
1848 1793 2233 1869 interficere,
2267 1811 2410 1857 cum
2451 1811 2574 1856 non
2612 1797 2702 1857 sit
2741 1796 2866 1856 nisi
2908 1811 3055 1873 pars

477 1873 742 1937 moralis
784 1873 1189 1952 reipublicae,
1233 1890 1265 1935 a
1313 1889 1434 1951 qua
1481 1891 1606 1936 non
1653 1877 1783 1936 acci
1837 1874 1884 1935 it
1914 1891 2054 1937 esse
2097 1884 2162 1937 et
2204 1875 2445 1950 vivere,
2490 1884 2557 1944 ut
2593 1876 2826 1953 accipit
2857 1891 3050 1936 mem·

477 1955 664 2018 hrum
710 1960 996 2032 corporis
1039 1971 1071 2017 a
1118 1970 1402 2033 corpore.
1440 1955 1517 2016 At
1563 1955 1627 2015 iii
1675 1970 1787 2033 pro
1839 1953 2094 2016 abiliori
2128 1955 2470 2030 sententia,
2515 1956 2754 2035 poterit
2797 1955 3051 2035 publica

475 2037 820 2099 auctoritas
864 2033 1045 2097 illum
1090 2050 1341 2113 cogere,
1410 2043 1479 2096 ut
1521 2052 1589 2096 se
1632 2033 1707 2096 ad
1777 2035 2507 2114 tyrannumconferat:
2567 2046 2630 2097 et
2694 2036 2805 2098 ubi
2873 2036 3053 2112 nolit,

475 2118 666 2180 etiam
716 2114 999 2189 tradere;
1046 2130 1189 2177 nam
1226 2131 1301 2176 eo
1346 2114 1482 2193 ipso
1546 2114 1720 2195 quod
1781 2116 2016 2190 renuit,
2081 2116 2301 2177 evadit
2365 2115 2739 2195 reipublicae
2807 2119 3054 2194 noxius,

478 2212 618 2259 cum
666 2199 931 2336 quisque
975 2211 1054 2258 ex
1096 2196 1408 2256 charitate
1472 2202 1536 2256 et
1574 2195 1818 2273 J‘ustitia
1867 2193 2057 2272 legali
2130 2203 2422 2260 teneatur
2488 2199 2684 2258 vitam
2728 2211 3053 2276 exponere

477 2293 592 2356 pro
627 2277 824 2355 repub
857 2276 969 2337 ica.
1013 2275 1298 2337 Traditio
1340 2283 1549 2337 autem
1594 2283 1694 2337 est
1738 2284 1985 2337 tantum
2033 2275 2351 2339 indirecte
2395 2277 2700 2350 occisiva3
2744 2293 2889 2338 cum
2929 2293 3057 2338 non

477 2373 556 2419 ex
601 2356 969 2432 traditione,
1016 2355 1129 2417 sed
1175 2372 1256 2417 ex
1299 2355 1465 2418 mala
1513 2355 1772 2434 tyranni
1836 2354 2165 2418 voluntate
2194 2356 2452 2419 ‘directe
2496 2359 2754 2419 eveniat
2796 2357 3050 2419 occisio.

555 2436 742 2498 Aliud
783 2445 991 2498 tamen
1020 2436 1261 2508 dicunt,
1296 2436 1347 2497 si
1388 2446 1698 2515 tyrannus
1731 2435 2007 2514 puellam
2050 2436 2128 2498 aci
2173 2437 2587 2514 stuprandam
2649 2447 2923 2515 peteret,
2954 2436 3055 2498 vel

479 2516 699 2579 Libros
742 2533 957 2578 sacros
1000 2515 1076 2578 ad
1124 2516 1590 2580 comburendos
1608 2535 1626 2590 3
1670 2520 1816 2594 quia
1864 2519 1928 2577 in
1988 2517 2186 2595 priori
2230 2534 2380 2579 casu
2427 2517 2702 2594 pueliam
2756 2519 3050 2596 proximo

478 2596 761 2676 periculo
800 2599 1037 2675 peccati
1075 2608 1447 2675 exponeret,
1484 2597 1548 2657 in
1580 2594 1784 2658 altero
1828 2613 1977 2660 casu
2007 2596 2311 2659 videntur
2357 2598 2421 2658 in
2460 2597 2570 2659 Dei
2611 2606 3056 2675 contemptum

479 2678 642 2740 sacri
688 2677 857 2739 Libri
907 2676 1234 2755 postulari.
1263 2677 1507 2739 Deinde
1543 2675 1808 2739 Codices
1850 2678 2013 2740 sacri
2058 2684 2209 2740 sunt
2249 2677 2497 2740 altioris
2526 2678 2811 2752 ordinis;
2850 2693 3061 2756 neque

478 2758 859 2821 ordinantur
903 2757 978 2820 ad
1018 2757 1289 2819 salutem
1322 2756 1716 2836 reipublicae,
1751 2755 1864 2818 sed
1901 2756 1979 2819 ad
2025 2758 2295 2820 salutem
2335 2760 2725 2832 animarum,
2766 2757 3059 2821 membra

476 2850 686 2902 autem
730 2839 1204 2900 communitatis
1248 2837 1632 2902 ordinantur
1676 2835 1754 2898 ad
1787 2835 2059 2900 salntem
2093 2838 2505 2918 temporalem
2544 2839 3053 2902 communitatis.

479 2919 566 2982 Ita
611 2927 1096 2997 argumentatur
1143 2916 1318 2981 Dens.
2096 2919 2108 2948 ‘

1525 3085 1629 3174 (I)
1670 3087 1823 3168 Paq.
1865 3085 2003 3150 488.

2968 1221 2989 1260 ί

556 3309 761 3371 816.
795 3310 1077 3372 Causa
1102 3306 1480 3371 suicidih
1525 3337 1546 3365 ι
1599 3309 1796 3374 Multo
1834 3309 2067 3392 saepius
2090 3310 2228 3371 haec
2262 3325 2411 3388 erga
2445 3325 2513 3371 se
2538 3309 2740 3388 ipsum
2773 3312 3063 3374 saevities

477 3390 736 3470 (nempe
800 3392 1169 3470 suicidium)
1213 3407 1292 3454 ex
1347 3391 1559 3453 animo
1608 3390 1954 3472 depravato
2014 3392 2240 3465 oritur,
2299 3392 2654 3468 praesertim
2699 3389 2805 3453 ubi
2843 3407 2921 3454 ex
2972 3395 3059 3453 vi·

478 3473 712 3533 tiorum
757 3470 1295 3549 frequentatione,
1322 3488 1549 3534 sensus
1584 3470 1939 3552 Religionis
1988 3474 2309 3532 extinctus
2347 3470 2519 3548 J‘acet
2568 3469 2666 3533 vel
2712 3471 2873 3532 fides
2920 3473 3059 3551 ipsa

399 3557 405 3565 “
477 3552 795 3614 evanuit...
842 3551 978 3613 Prae
1024 3550 1289 3630 reliquis
1338 3560 1550 3631 turpes
1595 3550 2177 3625 amores42mbitio,
2226 3552 2494 3612 avaritia
2541 3560 2604 3613 et
2647 3550 3059 3614 immoderati

478 3630 652 3694 lusus
698 3633 988 3694 homines
1032 3632 1097 3693 in
1144 3631 1515 3694 barathrum
1564 3631 1959 3694 horrendum
2006 3631 2163 3693 adeo
2202 3632 2608 3710 praecipitare
2653 3630 2882 3693 solent.
2929 3632 3057 3694 Ab·

476 3713 607 3774 sint
652 3721 719 3775 ut
763 3713 926 3774 banc
968 3713 1278 3774 saevitiem
1326 3711 1773 3776 fortitudinem
1811 3713 2009 3774 animi
2056 3712 2375 3783 dicamus;
2408 3726 2553 3774 nam
2588 3709 2897 3776 fortitudo
2943 3713 3059 3773 bo·

475 3791 651 3855 mibe
682 3791 942 3855 coi-dato
972 3791 1164 3872 digna
1197 3809 1268 3854 ea
1303 3801 1546 3856 tantum
1580 3801 1695 3868 est,
1724 3808 1866 3874 quae
1900 3793 2071 3853 inter
2099 3808 2322 3854 omnes
2356 3799 2713 3870 temporum
2738 3791 3054 3854 acerbita-

477 3885 572 3935 tes
617 3874 1019 3952 fortunaeque
1064 3872 1539 3936 vicissitudines
1589 3873 1824 3937 invicta
1858 3881 2155 3965 perstat...
2200 3870 2314 3947 Qui
2362 3870 2438 3935 ad
2477 3887 2585 3934 eas
2630 3869 3054 3935 declinandas

476 3964 678 4017 semet
739 3956 1039 4029 enecantf,
1087 3955 1342 4015 nonnisi
1401 3953 1616 4016 sensui
1671 3953 1985 4016 acerbiori
2044 3951 2314 4028 cedunt,
2358 3961 2423 4014 et
2476 3953 2592 4014 boc
2639 3952 2775 4030 ipso
2819 3953 3063 4015 inentis

476 4051 608 4097 suae
655 4034 1134 4097 imbecilitatem
1167 4042 1499 4098 testantur.
1533 4033 1907 4097 Rectissime
1933 4032 2121 4096 Poeta
2162 4035 2393 4112 inquit:
2432 4030 2636 4095 Rebus
2670 4033 2739 4094 in
2767 4031 3065 4113 anqustis

475 4111 664 4194 facile
693 4123 786 4178 est
813 4125 1196 4178 contemnere
1218 4116 1427 4177 vitam.
1464 4113 1746 4177 Fortiter
1768 4114 1872 4176 ine
1895 4112 2058 4192 facit
2085 4115 2193 4192 qui
2221 4115 2407 4175 miser
2435 4131 2563 4175 esse
2587 4118 2825 4191 potest:
2858 4112 3060 4192 Stapf.

555 4196 735 4259 Absit
779 4199 1004 4272 etiam,
1067 4203 1134 4257 ut
1178 4193 1257 4256 de
1310 4194 1481 4257 facili
1526 4195 1806 4258 suicidas
1848 4210 2251 4271 excusemuS‚
2300 4196 2475 4274 quasi
2526 4195 2881 4272 intercepto
2940 4210 3063 4257 usu

478 4277 747 4338 rationis
777 4276 1151 4355 phrenetico
1178 4274 1396 4338 furore
1420 4282 1725 4355 agantur:
1770 4301 1791 4329 ι
1814 4274 1981 4337 Nous
2014 4276 2339 4349 emmone,
2369 4291 2491 4351 que
2514 4274 2576 4335 le
2605 4272 2856 4336 trouble
2887 4274 3063 4337 subit

410 4407 416 4420 ,
476 4364 543 4418 et
584 4356 990 4419 momentane
1034 4355 1113 4418 de
1157 4354 1211 4416 la
1269 4356 1481 4420 raison
1519 4363 1615 4418 est
1660 4353 1717 4419 la
1763 4356 1931 4418 suite
1986 4370 2067 4416 ou
2105 4353 2315 4416 l’effet
2356 4355 2513 4416 d'un
2562 4355 2883 4432 panchant
2929 4369 3061 4416 ina-

477 4435 791 4498 lheureux
820 4453 942 4515 que
974 4436 1105 4498 l'on
1142 4436 1246 4518 n'a·
1274 4437 1451 4516 point
1494 4436 1959 4500 suffisamment
1989 4434 2340 4511 combattu,
2369 4451 2449 4497 ou
2480 4434 2559 4496 de
2590 4434 2647 4496 la
2678 4434 3062 4513 negligence

407 4546 421 4560 ·
523 4516 666 4580 u’on
719 4533 749 4578 a
799 4518 955 4579 mise
987 4519 1020 4579 a
1065 4517 1271 4579 eviter
1303 4516 1767 4579 les-occasions
1803 4532 2037 4596 propre
2082 4517 2114 4577 a
2154 4514 2564 4578 l’entretenir
2609 4531 2690 4576 ou
2725 4516 2760 4577 a
2803 4514 2863 4576 le
2896 4515 3060 4578 faire

475 4535 859 4676 geveiopper
905 4595 1297 4675 d’avantage.
1341 4595 1425 4658 Ce
1484 4612 1595 4658 son
1633 4613 1738 4659 ces
1768 4599 2194 4678 circostances
2237 4611 2315 4657 ou
2374 4612 2479 4656 ces
2528 4611 2749 4657 causes
2792 4596 3062 4675 genera·

476 4681 667 4743 trices
712 4678 793 4739 de
837 4675 1003 4738 delir
1034 4678 1204 4739 subit
1237 4688 1301 4738 et
1346 4676 1574 4756 partiel
1606 4680 1713 4756 qui
1760 4677 2022 4740 doivent
2050 4671 2447 4739 determiiier
2483 4674 2542 4738 le
2574 4674 2773 4754 degre
2809 4673 2889 4738 de
2920 4675 3054 4738 cul·
