3292 5167
1172 305 1253 379 υς
1297 304 1544 350 acrinus
1594 302 1930 350 senioretus
2399 337 2404 344 .
2764 286 2844 350 15

402 406 461 468 2.
505 406 664 471 Cum
712 407 1114 480 humilium,-
1159 401 1315 470 nani*
1348 406 1631 485 respeoeit
1671 405 1895 487 (Deus)
1922 407 1994 469 in
2036 409 2380 470 orationem
2410 407 2756 485 humilium,
2787 415 2849 471 et

258 505 366 551 non
408 490 655 567 spreuit
682 506 927 569 precem
967 505 1196 551 eorum.
1243 486 1463 550 Oratio
1504 486 1906 550 humiliantis
1950 505 2012 549 se
2054 486 2248 551 nubes
2289 488 2652 568 penetrabit
2682 489 2728 549 ¹.

404 569 463 632 3.
510 568 579 632 ln
627 571 873 633 nomine
912 568 1081 646 Jesu,
1126 568 1380 630 dicente
1411 566 1774 646 Scriptura:
1817 585 1980 630 unus
2023 569 2187 631 euim
2235 569 2420 646 Deus,
2449 586 2611 631 unus
2643 578 2704 632 et
2732 586 2843 631 me·

254 648 462 712 diator
508 649 622 712 Dei
664 658 727 713 et
769 649 1082 712 hominum
1127 647 1296 708 homo
1345 646 1638 710 Christus
1700 648 1879 710 Jesus
1907 696 1922 721 ,
1966 649 2075 728 qui
2138 650 2309 711 dedit
2365 650 2841 730 redemptionem

256 730 648 807 semetipsum
687 747 804 810 pro
839 728 1017 793 nobis
1049 727 1098 790 ².
1142 728 1220 791 Et
1260 728 1321 790 d.
1365 728 1758 806 Augustinus
1815 727 2053 807 ajebat:
2103 728 2340 805 Oratio,
2386 747 2524 809 quae
2587 747 2710 794 uon
2772 729 2846 808 fit

250 826 361 890 per
405 809 752 887 Christum,
800 828 919 874 uon
948 811 1158 873 ‘sotum
1202 825 1325 872 non
1350 815 1554 888 potest
1579 809 1778 873 delere
1819 815 2156 890 peccatum,
2201 810 2311 872 sed
2358 811 2494 889 ipsa
2537 812 2730 875 etiam
2771 811 2846 889 fit

253 893 317 956 iu
355 899 616 971 peccato
660 890 709 955 ³.
754 892 835 954 Ut
877 902 1087 953 temen
1134 898 1348 952 nostra
1396 891 1599 951 oratio
1640 891 1729 952 sit
1793 889 1858 952 in
1926 891 2190 951 nomine
2248 890 2483 953 Christi
2522 939 2537 967 ,
2627 906 2844 953 ecesse

253 988 383 1034 non
431 981 551 1046 est,
601 981 671 1035 ut
715 988 946 1035 nomen
994 969 1229 1032 Christi
1276 970 1496 1049 ejusve
1540 971 1767 1033 merita
1807 984 2059 1050 semper
2090 969 2392 1049 explicite
2432 908 2846 1051 inicit-›ponan-

254 1061 395 1127 tur;
441 1052 505 1114 id
550 1053 711 1115 satis
756 1051 1161 1131 intelligitur,
1203 1050 1459 1130 quando
1502 1052 1709 1112 oratio
1755 1051 1824 1112 fit
1869 1067 1900 1112 a
1949 1051 2359 1125 christianiS,
2409 1059 2471 1114 et
2529 1060 2839 1131 petuntur

252 1148 328 1194 ea
370 1149 516 1212 quae
562 1132 638 1195 ad
679 1139 983 1196 aeternam
1029 1130 1295 1194 salutem
1356 1130 1719 1206 conferunt,
1762 1139 2027 1211 propter
2071 1139 2285 1210 quam·
2312 1130 2605 1196 Christus
2648 1132 2837 1195 lesus

254 1211 464 1276 factus
507 1222 607 1276 est
650 1212 964 1293 mediator
1008 1212 1119 1273 Dei
1165 1220 1233 1273 et
1274 1212 1624 1273 hominum.

413 1294 471 1360 4.
518 1293 670 1356 Cum
710 1292 945 1373 fiducia
991 1302 1053 1353 et
1093 1292 1275 1371 firma
1318 1292 1466 1370 tide,
1516 1308 1636 1373 qua
1684 1307 1876 1354 orans
1919 1290 2139 1353 credat
2183 1308 2248 1355 se
2293 1300 2469 1354 certo
2515 1300 2837 1354 assecutu-

254 1388 396 1435 rum
443 1374 612 1453 quod
658 1373 846 1436 saluti
896 1372 1192 1452 expediat
1232 1383 1412 1450 Juxta
1459 1373 1711 1433 divinos
1777 1372 2264 1451 promissiones:
2318 1373 2527 1435 omnia
2584 1389 2845 1452 quecun·

254 1469 371 1532 que
410 1464 666 1518 orantes
706 1456 944 1534 petitis,
986 1453 1221 1516 credite
1263 1452 1415 1532 quia
1458 1453 1806 1533 accipietis,
1851 1456 2059 1530 inquit
2101 1453 2391 1516 Christus
2421 1451 2468 1514 ⁴.
2517 1450 2637 1526 Qui
2681 1454 2843 1514 euim

256 1534 511 1597 haesitat
536 1536 764 1597 similis
809 1542 903 1597 est
928 1534 1152 1614 fluctui
1185 1533 1408 1606 maris,
1442 1535 1551 1613 qui
1578 1550 1617 1596 a
1653 1541 1832 1596 vento
1875 1542 2151 1597 movetur
2194 1539 2255 1591 et
2308 1532 2764 1612 circumfertur
2792 1532 2870 1614 ⁵„

420 1616 478 1677 5.
526 1614 680 1677 Cum
724 1616 1078 1690 desiderio,
1113 1614 1358 1675 scilicet
1405 1614 1739 1676 obtinendi
1789 1614 1953 1695 quod
2005 1616 2273 1694 petitum
2320 1614 2611 1675 irrisorie
2664 1616 2839 1677 enim

262 1697 499 1773 petitur
544 1694 711 1774 quod
764 1712 892 1757 non
939 1694 1360 1757 desideratur.
1390 1692 1571 1757 Unde
1601 1694 1995 1771 Augustinus
2033 1694 2273 1773 ajebat:
2311 1693 2468 1755 Deus
2498 1695 2651 1756 dare
2685 1695 2842 1771 vult,

259 1775 363 1837 sed
402 1777 659 1839 nonnisi
696 1777 954 1854 petenti,
1001 1793 1077 1838 ue
1117 1775 1224 1836 det
1262 1791 1382 1837 nort
1424 1775 1707 1855 cupienti
1737 1773 1790 1832 ⁶.

414 1856 472 1918 6.
515 1856 669 1919 Cum
712 1855 1227 1935 perseverantia,
1264 1856 1443 1934 juxta
1514 1855 1705 1918 illud:
1763 1861 2005 1932 oportet
2067 1871 2302 1933 semper
2358 1870 2542 1917 orare
2585 1861 2645 1916 et
2685 1869 2842 1916 uun·

264 1951 450 2014 quam
492 1937 772 2016 deficere.
816 1937 944 1999 Etsi
991 1937 1162 1998 enim
1208 1935 1375 1997 Deus
1444 1929 1765 1998 interdum
1832 1935 2046 1997 statim
2111 1933 2411 1996 exaudiat
2465 1951 2686 2013 preces
2732 1951 2842 2004 uo-

262 2026 459 2091 stras3
506 2019 745 2097 saepius
786 2026 989 2080 tamen
1038 2018 1348 2078 orationis
1392 2017 1686 2079 effectum
1734 2017 2089 2094 protrahit,
2129 2014 2353 2076 volens
2391 2014 2582 2077 'illum
2629 2031 2838 2094 perse-

258 2098 665 2162 verantibus,
691 2106 939 2161 tantum
985 2097 1371 2159 concedere.¹
1408 2095 1603 2176 quue
1646 2105 2118 2175 congruentem
2165 2095 2462 2158 instando
2496 2097 2668 2157 enim
2708 2110 2837 2157 me·

259 2177 376 2237 rita
416 2177 950 2258 multiplicantur,
984 2179 1252 2240 virtutes
1282 2185 1665 2240 exercentur
1701 2186 1765 2239 et
1800 2178 2003 2262 gratia
2031 2176 2533 2250 commendatur,
2574 2191 2741 2252 nam,
2767 2191 2844 2237 ex

259 2254 638 2399 AuffglgustinO,
668 2259 784 2320 diu
818 2258 1177 2321 desiderata
1211 2257 1458 2320 dulcius
1489 2256 1875 2332 obtinentur,
1898 2258 2022 2318 cito
2051 2263 2259 2318 autem
2289 2257 2440 2318 data
2469 2256 2778 2319 vilescunt
2799 2254 2844 2318 ⁷.

391 2355 494 2400 inc
537 2352 797 2403 versus:
2931 2347 2948 2352 ·

740 2482 890 2544 Cum
929 2483 1111 2562 petis,
1157 2490 1432 2556 attentae,
1476 2481 1772 2556 demissae,
1813 2481 2056 2543 nomine
2114 2479 2370 2564 Christi,

748 2562 901 2624 Cum
941 2562 1079 2641 fide,
1125 2578 1262 2624 cum
1305 2570 1463 2639 voto,
1500 2563 1631 2624 sint
1674 2561 1809 2623 sine
1850 2562 1969 2641 fine
2006 2577 2237 2640 preces.

335 2712 459 2773 17.
504 2715 721 2779 Nonne
762 2716 996 2795 (dicesi
1038 2717 1118 2779 ad
1160 2717 1499 2779 orationem
1543 2714 1902 2793 requiritur
1930 2712 2121 2775 etiam
2151 2717 2358 2774 status
2389 2710 2664 2791 qratioe?
2698 2710 2846 2772 Haec

258 2797 476 2872 utique
524 2806 662 2859 erat
707 2770 1030 2870 Quesnesli
1078 2798 1433 2858 sententia:
1482 2794 1699 2858 Oratio
1729 2795 2061 2872 impiorum
2105 2808 2316 2854 verum
2359 2798 2454 2854 est
2494 2799 2844 2869 peccatum,

256 2881 315 2936 ct
358 2878 519 2953 quod
562 2875 725 2938 Deus
767 2878 900 2940 inis
944 2877 1240 2952 concedit,
1284 2884 1377 2938 est
1417 2893 1639 2939 novum
1685 2876 1754 2936 in
1783 2891 1879 2936 eos
1906 2874 2242 2950 judicium.
2288 2871 2409 2934 Sed
2465 2870 2587 2932 fuit
2627 2886 2660 2932 a
2704 2869 2837 2933 Cle-

256 2964 471 3019 mente
516 2956 597 3018 Xl
642 2958 975 3021 damnata:
1020 2973 1173 3020 sane
1217 2967 1605 3037 praeceptum
1665 2956 1976 3017 orationis
2041 2952 2345 3032 generale
2387 2961 2519 3028 est3
2565 2967 2720 3030 ergo
2766 2950 2842 3013 ad

257 3033 414 3097 illud
455 3043 760 3101 tenentur
802 3040 991 3101 etiam
1040 3048 1420 3117 peccatores.
1465 3038 1776 3112 Audiatur
1820 3035 2243 3112 Augustinus:
2292 3032 2411 3107 Qui
2452 3033 2655 3094 dixsit:
2702 3033 2847 3095 Pro·

250 3117 453 3194 pitius
497 3126 626 3179 esto
668 3119 825 3181 milti
864 3119 1198 3198 peccatori,
1240 3134 1463 3180 verum·
1495 3118 1669 3180 dixit
1708 3133 1793 3178 an
1833 3114 2109 3194 falsum?
2153 3115 2210 3175 si
2252 3130 2463 3174 verum
2496 3112 2684 3185 dixit,
2715 3129 2843 3190 pec-

254 3204 434 3258 cator
473 3204 618 3261 erat
657 3207 722 3261 et
764 3207 965 3262 tamen
1003 3199 1342 3262 exauditus
1381 3207 1532 3261 est...
1576 3198 1711 3260 leva
1745 3197 2105 3258 interiorem
2137 3194 2362 3274 faciem
2400 3200 2590 3266 tuam,
2626 3199 2686 3253 et
2751 3193 2842 3255 vi·

255 3276 446 3355 debis,
492 3280 643 3358 quia
682 3287 1037 3359 peccatores
1076 3280 1239 3342 Deus
1261 3279 1569 3350 ,exaudiet
1600 3276 1645 3337 8.
1683 3276 1748 3339 Si
1781 3276 2035 3355 quando
2073 3283 2281 3338 autem
2318 3283 2681 3352 peccatores
2714 3287 2844 3335 non

255 3360 712 3435 exaudiuntur,
760 3370 889 3422 tota
935 3357 1118 3423 cause
1169 3362 1230 3421 in
1282 3363 1436 3438 ipsis
1479 3368 1609 3433 est;
1654 3358 1795 3438 quia
1842 3367 2072 3435 nempe
2117 3364 2463 3434 precantur
2508 3354 2845 3420 secundum

254 3441 501 3519 peccati
541 3440 938 3517 desiderium,
984 3449 1052 3503 ut
1095 3440 1246 3503 Cain
1292 3449 1355 3501 et
1399 3439 1789 3512 Antiocliu8‚
1835 3437 1999 3499 idest
2043 3438 2183 3498 sine
2232 3434 2467 3497 debitis
2524 3432 2844 3496 conditio·

259 3520 479 3583 nibus:
524 3521 641 3583 sub
685 3537 809 3600 quo
857 3529 1148 3599 respectu
1193 3536 1415 3583 eorum
1461 3522 1665 3582 oratio
1713 3519 1786 3580 fit
1845 3516 2232 3580 execrabilis
2278 3531 2492 3577 coram
2539 3514 2688 3576 Deo.

336 3601 446 3663 Est
492 3617 832 3666 commune
875 3617 1015 3664 cum
1062 3620 1108 3663 s.
1151 3600 1385 3662 Thomu
1415 3647 1430 3672 ,
1472 3601 1578 3678 qui
1632 3598 1818 3662 docet
1862 3598 2025 3661 bona
2071 3598 2282 3658 omnia
2329 3597 2592 3675 (iccirco
2637 3595 2834 3658 etiam

261 3684 645 3760 orationem)
695 3692 943 3760 peracta
991 3697 1023 3743 a
1069 3681 1475 3746 fidelibusin
1522 3689 1690 3743 statu
1738 3681 1977 3758 peccati
2025 3676 2317 3740 mortalis
2348 3673 2709 3752 valere:,1)
2757 3676 2839 3739 ad

256 3762 784 3842 assuefactionem
840 3760 1136 3825 bonorum
1197 3779 1486 3841 operum;
1531 3762 1598 3840 2)
1648 3760 1729 3824 ad
1793 3759 2226 3838 temporalium
2287 3757 2826 3829 consecutionem,-

256 3842 321 3923 3)
354 3845 437 3906 ad
479 3843 949 3924 dispositionem
990 3844 1073 3905 ad
1120 3843 1402 3923 qratiam
1435 3839 1482 3901 ⁹.

317 4068 335 4108 ¹
372 4070 457 4119 Pe.
494 4080 574 4130 εις
609 4068 661 4119 et
694 4066 849 4119 Eccli.
882 4078 1046 4119 xxxir.
1421 4065 1446 4104 ἱ
1478 4076 1516 4125 1,
1552 4063 1690 4114 Tim.
1730 4074 1785 4113 n.
2283 4058 2306 4098 ⁸
2340 4059 2400 4108 ln
2435 4058 2515 4107 Px.
2558 4067 2706 4107 xvm.

316 4129 338 4171 ί
372 4133 531 4182 Marc.
567 4141 644 4181 xi.
1420 4128 1443 4167 ⁸
1475 4126 1679 4186 Jacobi,
1713 4138 1747 4175 ι.
2310 4121 2333 4159 ⁸
2366 4120 2533 4172 Ench.
2569 4130 2722 4169 xviii.

316 4193 338 4233 '¹
372 4193 537 4244 serm.
576 4204 684 4242 cxi.
719 4193 834 4242 Non
871 4192 1048 4243 autem
1077 4191 1131 4241 in
1169 4190 1502 4256 multiloquio
1538 4189 1797 4239 orationis
1826 4183 2214 4249 perseverantia
2243 4182 2583 4243 collocanda;
2614 4181 2658 4232 si
2702 4181 2843 4232 enlm

259 4259 437 4307 nostra
468 4256 641 4306 oratio
676 4255 742 4304 ab
775 4253 966 4304 affectu
997 4252 1262 4315 disjuncta
1293 4254 1391 4314 est,
1429 4254 1658 4304 meretur
1678 4251 1865 4302 Christi
1897 4247 2622 4311 reprehensionem:orautes
2651 4248 2830 4317 autem

261 4320 411 4369 notite
442 4319 664 4369 muttum
698 4319 852 4379 ioqui,
884 4317 1016 4367 sicut
1047 4316 1271 4374 «πλωτὴ
1300 4318 1488 4377 putant
1518 4314 1673 4372 euim,
1707 4314 1841 4375 quod
1872 4314 1926 4363 in
1957 4310 2285 4372 multiloquio
2328 4320 2421 4358 suo
2469 4307 2841 4358 exaudiantur.

262 4381 535 4432 nattum.
572 4408 633 4417 —
672 4379 726 4432 V.
759 4378 988 4440 Lignori,
1027 4379 1171 4429 Gran
1204 4391 1375 4428 mezzo
1405 4379 1541 4428 detta
1577 4376 1863 4437 prephiera.
1945 4436 1955 4446 ⁹
1986 4434 2016 4446 ..
2281 4433 2290 4443 ⁸

378 4442 428 4493 S.
464 4443 699 4504 tenatius
729 4441 836 4491 tres
870 4440 1066 4492 orandi
1100 4439 1290 4492 modos
1318 4439 1505 4492 edocet
1533 4440 1588 4490 in
1621 4438 1734 4488 suis
1767 4438 2059 4508 Exercitus,
2105 4432 2169 4484 de
2242 4433 2397 4483 uibus
2453 4432 2588 4483 inter
2611 4431 2839 4504 ‘ceteros

260 4505 375 4556 vide
403 4504 676 4565 Ciccolini,
710 4503 949 4555 Roccoita
978 4503 1031 4554 di
1066 4503 1391 4554 manationi
1423 4514 1550 4560 ecc.,
1590 4512 1636 4562 p.
1672 4512 1724 4550 n.
1757 4524 1818 4535 —
1852 4499 2145 4569 energima,
2231 4507 2357 4548 uovo
2389 4504 2536 4544 corso
2567 4493 2621 4544 dt
2687 4493 2845 4544 Medi·

267 4570 463 4627 tazioni,
484 4568 532 4618 t.
568 4579 624 4617 n.
657 4591 721 4603 —
754 4565 1014 4627 vegetent,
1049 4565 1202 4629 Corsa
1232 4568 1286 4616 di
1320 4564 1644 4615 Meditazioni
1676 4563 1738 4613 ed
1769 4561 2049 4611 Istrusiont
2078 4568 2185 4608 ecc.
2218 4569 2333 4621 par.
2370 4561 2443 4609 2⁸.

320 4629 344 4668 ⁸
376 4631 547 4680 Tract.
576 4639 703 4679 κων
732 4629 796 4679 In
824 4629 1012 4678 Joann.
1044 4654 1108 4665 —
1149 4629 1203 4678 V.
1236 4625 1550 4679 Benedictus
1580 4625 1716 4682 XIV,
1751 4623 2104 4686 Notifieatioue
2139 4633 2267 4671 cxii.
2806 4642 2810 4647 ·

320 4693 343 4732 ⁹
370 4697 417 4754 2,
450 4697 499 4752 ι’,
536 4702 591 4754 q.
624 4692 705 4750 83,
742 4702 790 4740 a.
826 4693 876 4741 7·
908 4694 958 4743 et
989 4690 1170 4753 Suppl.
1205 4703 1260 4756 q.
1288 4690 1365 4749 14,
1401 4700 1451 4741 a.
1485 4689 1533 4739 4.
1569 4712 1631 4725 -
1675 4687 1729 4737 V.
1763 4685 1992 4750 Liguori,
2032 4685 2203 4735 Glorie
2234 4684 2286 4734 di
2343 4681 2532 4742 Maria,
2600 4689 2712 4742 par.
2745 4679 2825 4728 3³:

244 4754 410 4816 ,Breve
439 4758 671 4817 mposta
701 4728 972 4804 att'abbate
1008 4754 1157 4804 Itoni.
1292 4773 1301 4782 ·
1783 4793 1792 4802 .
