3292 5167
551 165 682 232 222
1260 184 1376 228 mn.
1423 183 1488 228 ιι.
1536 183 1750 230 τιιΑοτ.
1796 184 1875 229 vi.
1921 184 2069 232 viss,
2118 184 2158 230 ι.
2206 183 2339 230 cn.
2385 182 2427 228 ι.

552 288 826 358 minum.
871 285 1037 355 Hinc
1076 284 1142 355 d.
1177 285 1617 372 Augustinus:
1652 286 1816 374 quod
1845 287 2157 371 invenisti,
2179 299 2238 355 et
2267 306 2395 355 non
2417 279 2760 370 reddidisti,
2794 285 3076 374 rapuisti
3109 287 3165 354 ¹.

554 400 635 465 Et
685 396 1042 482 Origenes:
1093 395 1276 481 Multi
1319 395 1455 467 sine
1485 408 1735 482 peccato
1765 406 1999 484 putant
2043 414 2191 478 esse,
2237 394 2297 462 si
2339 393 2620 462 alienum
2679 393 2842 480 quod
2909 394 3169 461 invene-

550 506 698 588 rint,
746 514 991 572 teneant
1036 513 1094 569 et
1137 502 1348 570 dicant
1363 527 1385 569 :
1432 506 1601 572 Deus
1647 504 1806 572 mihi
1851 502 2020 571 dedit
2029 529 2058 583 ,·
2099 503 2204 570 cui
2269 503 2460 570 liabeo
2530 500 2825 569 reddere?
2895 502 3168 570 Discunt

550 631 693 697 erqo
734 621 1059 699 peceatum
1105 610 1217 676 hoc
1262 630 1389 677 esse
1419 610 1624 677 simile
1662 610 1925 698 rapinae‚
1964 609 2020 682 si
2060 608 2202 695 quis
2247 608 2501 676 inventa
2532 627 2659 675 non
2687 607 2908 675 reddat
2940 611 2994 675 ².
3036 610 3170 677 Est

553 725 810 786 certum
858 720 1033 803 apud
1098 733 1353 785 omnes.
1400 718 1484 784 At
1530 716 1586 785 si
1637 734 1936 802 quaeras:
1985 716 2247 785 cuinam
2296 706 2383 783 sit
2433 716 2496 783 in
2547 714 2961 784 conscientia
3028 722 3171 782 tra—

552 824 764 893 denda
808 842 914 894 res
953 824 1256 902 inventa,
1304 823 1361 892 si
1409 822 1629 892 debita
1680 822 2016 909 diligentia
2077 821 2387 905 adhibita,
2465 821 2610 908 eius
2659 820 2968 891 dominus
3023 839 3170 892 non

553 932 847 1020 potuerit
895 932 1194 1014 inveniri,
1231 932 1694 1019 praemittenda
1733 950 1885 1018 quae
1935 931 2055 1000 hac
2103 929 2186 1001 de
2227 949 2300 1000 re
2334 948 2369 998 a
2402 930 2575 999 civili
2625 930 2771 1016 lege
2802 934 2960 999 sunt
2997 948 3168 999 con-

549 1042 780 1109 stituta
818 1042 868 1122 ³;
902 1058 1052 1126 quae
1087 1039 1353 1126 quidem
1387 1040 1530 1109 sine
1562 1038 1803 1109 damno
1831 1057 1962 1109 non
1987 1038 2398 1125 ignorantur,
2432 1055 2584 1107 cum
2615 1037 2722 1107 lex
2750 1037 2912 1105 nulli
2940 1044 3168 1107 trans·

552 1149 838 1233 gressori
891 1154 1134 1234 parcat.

735 1259 792 1323 i.
842 1257 967 1323 Res
1001 1255 1264 1336 inventa
1300 1253 1496 1322 debet
1531 1252 1707 1322 illico
1742 1252 2118 1339 consignari
2169 1251 2459 1341 syndaco
2495 1251 3000 1322 communitatis
3045 1249 3166 1320 uhi

554 1362 811 1432 inventa
862 1362 1003 1430 fuit.
1056 1361 1252 1443 Quod
1300 1360 1354 1429 si
1405 1360 1714 1430 inventor
1760 1360 1873 1429 tali
1921 1361 2180 1430 muneri
2235 1379 2368 1429 non
2438 1359 2819 1444 satisfaciat,
2874 1359 3170 1430 habetur

555 1472 649 1538 uti
705 1469 981 1538 dolosus
1030 1468 1340 1537 detentor
1386 1468 1480 1537 rei
1530 1469 1762 1538 alienae
1780 1495 1800 1550 ;
1850 1476 1916 1537 et
1965 1470 2174 1538 Codeoe
2213 1469 2488 1558 poenalis
2537 1469 2601 1536 in
2652 1486 2805 1537 eum
2863 1468 2958 1535 ita
3009 1483 3166 1553 gra-

556 1577 721 1646 viter
753 1576 1249 1644 animadvertit:
1282 1578 1355 1644 Se
1380 1576 1430 1643 il
1461 1577 1683 1643 valore
1711 1575 1876 1642 della
1906 1595 2051 1644 cosa
2080 1587 2329 1644 trovata
2350 1576 2383 1643 e
2413 1575 2738 1662 maqqiore
2766 1576 2832 1642 di
2870 1575 2991 1642 lire
3020 1573 3167 1656 due,

549 1704 653 1750 ma
699 1703 826 1750 non
871 1682 1086 1750 ecceda
1134 1683 1247 1750 lire
1291 1694 1516 1765 trenta,
1564 1683 1613 1750 il
1659 1682 1962 1770 colpevole
2006 1683 2039 1750 e
2075 1684 2307 1770 pundo
2353 1702 2470 1751 con
2515 1702 2647 1750 una
2682 1682 2884 1749 multa
2920 1681 3170 1768 ecquale

550 1793 617 1859 al
660 1790 884 1877 doppio
931 1791 1028 1857 del
1073 1791 1286 1858 valore
1331 1790 1493 1857 della
1537 1810 1682 1858 cosa
1727 1790 1977 1858 istessa:
2028 1810 2093 1858 se
2138 1792 2187 1858 il
2231 1790 2444 1858 valore
2491 1809 2721 1877 supera
2768 1789 2883 1857 lire
2928 1800 3163 1871 trenta,

551 1898 600 1964 il
644 1897 944 1985 colpe-vole
988 1897 1021 1964 e
1056 1898 1281 1985 punito
1328 1899 1424 1964 col
1467 1917 1715 1965 carcere
1760 1898 2101 1965 escen-sibile
2160 1917 2218 1964 a·
2270 1898 2361 1965 sei
2427 1896 2599 1981 mesi,
2674 1918 2705 1963 e
2772 1916 2887 1964 con
2957 1896 3166 1963 multa

545 2006 767 2092 equale.
805 2006 871 2072 al
917 2006 1131 2072 valore
1168 2004 1331 2072 della
1375 2025 1521 2072 cosa
1564 2016 1814 2074 trovam
1864 2007 1917 2074 ⁴.

728 2114 789 2180 2.
840 2111 1177 2199 Syndacus
1226 2112 1422 2180 debet
1469 2110 1735 2180 duobus
1789 2110 2142 2180 dominicis
2194 2110 2431 2181 diebus
2480 2110 2875 2180 successivis
2908 2109 3169 2195 signifi-

553 2238 700 2291 care
749 2219 998 2306 populo
1040 2238 1263 2295 rerum
1301 2219 1718 2289 inventarum
1756 2220 2083 2305 notitiam,
2125 2219 2183 2289 si
2215 2220 2387 2289 forte
2419 2218 2766 2305 detegatur
2822 2217 3168 2288 dominus.

556 2328 624 2395 Si
674 2327 986 2395 dominus
1035 2327 1386 2413 detegitur,
1436 2346 1555 2397 sua
1607 2346 1712 2396 res
1762 2327 1890 2414 ipsi
1960 2326 2171 2396 danda
2220 2334 2342 2412 est,
2394 2327 2507 2414 qui
2556 2334 2823 2398 tenetur
2888 2326 3170 2394 solvere

552 2453 684 2502 non
734 2432 956 2501 solum
1005 2451 1237 2503 omnes
1287 2452 1612 2521 expensas
1661 2433 1865 2502 factas
1914 2427 2039 2521 pro
2076 2435 2218 2521 ipsa
2270 2453 2364 2518 re,
2411 2434 2531 2503 sed
2579 2434 2782 2503 etiam*
2827 2432 3166 2502 inventori

552 2540 902 2628 praemium
959 2541 1253 2610 tribuere
1300 2539 1379 2607 ad
1430 2539 1592 2625 legis
1641 2540 2131 2627 praescriptum,
2179 2541 2233 2610 si
2284 2541 2410 2610 iste
2482 2549 2759 2627 quaerat.
2837 2538 3034 2622 Quod
3110 2538 3165 2607 si

550 2646 866 2716 dominus
916 2646 1130 2717 adhuc
1183 2665 1314 2716 non
1364 2645 1730 2733 detegatur,
1766 2648 1870 2716 lex
1910 2647 2143 2731 civilis,
2179 2655 2332 2735 post
2380 2648 2637 2734 lapsum
2687 2648 2937 2717 biennii
2973 2665 3012 2715 a
3057 2646 3169 2717 die

553 2754 1026 2841 publicationis
1076 2755 1424 2842 praesumit
1473 2775 1580 2824 res
1629 2754 1776 2824 illas
1825 2755 2200 2839 derelictaS,
2251 2763 2316 2825 et
2365 2755 2515 2826 ideo
2567 2756 2932 2825 inventoris
2998 2773 3170 2843 pro·

552 2862 749 2950 priaS‚
802 2862 907 2931 cui
958 2862 1024 2929 in
1064 2880 1137 2930 se
1189 2861 1525 2932 tradendae
1575 2870 1752 2947 sunt,
1803 2863 1859 2931 si
1910 2863 2133 2932 adhuc
2167 2869 2427 2947 extant,
2472 2863 2670 2933 veliti
2707 2862 3169 2950 aequivalenti,

550 2971 604 3039 si
658 2970 1037 3039 conservari
1088 2969 1506 3057 nequiverint
1555 2973 1604 3038 ⁶.
1658 2970 1772 3039 His
1823 2969 2097 3057 positis:

451 3070 454 3074 ’
651 3081 721 3148 R.
772 3080 833 3145 2.
885 3078 951 3146 Si
1003 3077 1561 3148 adhibita=debita
1610 3075 1970 3164 diligentia,
2006 3096 2136 3147 non
2177 3077 2894 3147 inveniaturdominus
2930 3078 3030 3146 rei
3069 3078 3171 3148 in-

561 3192 800 3269 ventae,
854 3185 1117 3254 cuinam
1166 3186 1271 3253 illa
1321 3186 1406 3254 sit
1457 3184 1772 3255 tradenda
1822 3184 1888 3253 in
1937 3186 2363 3271 conscientia,
2413 3185 2773 3274 disputant.

641 3292 767 3360 Alii
820 3311 899 3360 ex
946 3294 1234 3361 Navarro
1284 3300 1350 3361 et
1398 3294 1561 3362 Soto
1613 3292 1936 3370 inventor,
1967 3300 2188 3379 potest
2238 3299 2388 3363 tuto
2426 3294 2605 3362 illam
2639 3294 2928 3362 retinere
2944 3319 2964 3376 3
3003 3291 3170 3383 quia

551 3399 993 3486 proprietario
1044 3418 1179 3469 non
1228 3400 1515 3484 invento,
1583 3408 1736 3488 post
1799 3417 2067 3470 omnem
2137 3400 2583 3487 diligentiam,
2657 3419 2764 3469 res
2839 3407 3170 3468 censetur
3269 3425 3270 3460 ÷

551 3507 819 3575 domino
873 3525 1117 3591 carere,
1169 3514 1235 3576 et
1285 3506 1432 3576 ideo
1483 3508 1554 3576 fit
1606 3508 1797 3595 primi
1848 3508 2256 3595 occupantis.
2306 3508 2490 3579 Unde
2541 3510 2645 3577 lex
2693 3508 2905 3577 civilis
2956 3509 3170 3577 etiam

549 3614 772 3700 quoad
817 3615 1292 3683 conscientiam
1341 3607 1787 3701 quaestionem
1834 3615 2104 3684 resolvit
2121 3642 2139 3698 ;
2193 3616 2342 3686 ideo
2383 3616 2614 3703 magis,
2650 3616 2803 3703 quia
2839 3616 3169 3703 princeps

552 3729 791 3809 potest,
864 3739 1173 3808 suprema
1245 3741 1373 3809 qua
1444 3722 1684 3808 gaudet
1733 3728 2092 3810 potestate,
2135 3722 2224 3790 ad
2295 3724 2549 3794 bonum
2618 3724 3002 3810 publicum,
3082 3723 3170 3794 de

547 3828 743 3899 bonis
793 3828 1216 3898 subditorum
1259 3829 1637 3917 disponere.

609 4080 631 4120 ¹
667 4081 834 4131 Serm.
873 4092 1094 4140 ccxxix,
1132 4079 1264 4131 alias
1296 4091 1407 4140 xix,
1444 4091 1491 4130 c.
1525 4083 1574 4131 8.
2073 4078 2099 4119 ²
2133 4081 2280 4131 Hom.
2310 4090 2363 4130 iv
2393 4075 2605 4131 in'Lev.
2654 4090 2712 4130 x.

609 4144 630 4183 ⁸
668 4146 776 4194 Art.
813 4146 935 4204 715;
972 4168 1035 4179 —
1070 4142 1124 4192 C.
1161 4144 1223 4192 A.
1258 4141 1374 4204 3863
1411 4167 1477 4178 —
1510 4143 1560 4192 C.
1596 4141 1645 4191 S.
1682 4142 1808 4202 636;
1847 4166 1906 4179 -
1939 4141 1994 4193 C.
2033 4142 2091 4192 P.
2126 4143 2245 4203 5673
2280 4168 2344 4180 —
2380 4144 2438 4194 C.
2472 4144 2544 4193 Η.
2576 4146 2708 4206 65η
2743 4168 2808 4180 -
2844 4140 2899 4192 C.
2941 4142 2994 4192 T.
3043 4145 3168 4197 293.

608 4205 631 4246 ί
666 4207 776 4256 Art.
811 4207 931 4279 ⁶3³5
969 4231 1024 4240 -—
1064 4206 1117 4256 C.
1152 4204 1350 4276 n‘civ.
1387 4206 1484 4255 art.
1518 4204 1609 4254 ¹:1⁹5
1632 4215 1740 4276 ;·-
1775 4204 1827 4255 C.
1865 4206 1918 4255 T.
1956 4206 2050 4255 civ.
2086 4207 2182 4255 art.
2218 4206 2329 4257 293.

610 4268 634 4307 ⁸
668 4268 879 4328 Legitur
912 4280 964 4317 in
1001 4267 1123 4319 ezod.
1156 4265 1323 4317 civili:
1366 4285 1387 4308 ι
1424 4267 1460 4317 ll
1499 4267 1849 4328 proprietario
1882 4267 2014 4317 deve
2049 4278 2240 4330 pagare
2272 4278 2304 4318 a
2337 4267 2488 4319 titolo
2523 4266 2575 4316 dl
2614 4267 2820 4328 premio
2854 4266 2944 4317 all*
2966 4267 3170 4321 inven-

546 4332 678 4390 tore,
714 4340 770 4378 se
804 4328 978 4392 questi
1010 4331 1064 4380 lo
1100 4326 1350 4388 ricniede,
1385 4327 1664 4379 ildecimo
1699 4330 1836 4380 della
1869 4340 2080 4381 somma
2114 4341 2146 4378 o
2182 4329 2266 4379 del
2305 4342 2490 4392 prezzo
2544 4339 2777 4379 comune
2828 4328 2968 4380 della
3025 4340 3170 4382 cosa.
3269 4375 3270 4380 ,

550 4392 824 4443 ritrovata.
862 4391 973 4441 ove
1006 4393 1109 4443 tale
1142 4401 1353 4440 somma
1384 4402 1416 4441 o
1450 4403 1634 4453 prozzo
1668 4391 1862 4442 ecceda
1896 4391 1945 4443 le
1976 4391 2210 4441 duemila
2243 4392 2356 4451 lire,
2393 4393 2430 4443 il
2470 4392 2673 4455 premio
2710 4391 2792 4452 pel
2830 4394 3165 4455 sovrappiu,
3269 4403 3270 4430 ³

545 4455 671 4504 sai-a
704 4452 996 4526 solamente
1029 4453 1113 4504 del
1146 4453 1486 4526 vigesimo33
1527 4457 1631 4505 art.
1665 4453 1971 4528 ‘7¹8.‚Quod
2006 4454 2235 4527 quidem·
2261 4454 2453 4505 rationi
2488 4463 2586 4504 con
2628 4464 2785 4502 vuum
2837 4454 2955 4525 est„
2991 4456 3171 4528 atque

548 4517 749 4588 bonum
784 4513 1052 4575 publicum
1086 4515 1274 4565 fovens
1295 4525 1311 4576 3
1342 4514 1558 4566 facilius
1589 4526 1735 4566 enim
1769 4529 1848 4568 sic
1880 4515 2187 4567 alliciuntur
2223 4519 2526 4569 inventores
2561 4526 2593 4565 a
2662 4526 2774 4565 rem
2811 4515 3039 4587 domino
3080 4529 3169 4569 in-

546 4575 1935 4701 aulita-gudam&congelat-{ngzmffgaeelredldetilid{3133
1970 4577 2090 4629 ideo
2125 4580 2401 4641 praemium
2441 4580 2552 4629 tuto
2588 4578 2763 4640 potest
2795 4588 2932 4639 exigi
2972 4588 3041 4628 ac
3078 4590 3166 4632 re-
