3292 5167
526 267 611 334 26
1261 290 1373 335 ue.
1425 289 1487 334 ιι.
1536 290 1749 336 rimer.
1792 291 1844 334 v.
1895 290 2048 344 nise.
2094 292 2133 337 1.
2173 292 2306 337 cn.
2355 293 2395 338 1.

522 394 752 478 ficium,
805 391 1073 476 leqitimo
1142 404 1413 459 cessante
1466 392 1919 478 impedimento,
1983 413 2110 460 non
2169 394 2421 476 diderit,
2472 396 2920 481 Beneficiorum
2964 414 3114 461 suo-

526 520 667 567 rum
713 501 957 584 fructus
1012 517 1133 586 pro
1187 511 1330 566 rata
1402 500 1758 567 omissionis
1809 501 2005 588 Officii
2049 512 2104 568 et
2169 503 2460 588 temporis
2519 521 2664 568 suos
2706 521 2836 568 non
2878 503 3078 588 faciat
3093 527 3120 581 ;

520 607 628 674 sed
672 627 772 671 eos
817 618 1120 690 tanquam
1166 607 1393 692 injuste
1432 617 1749 692 perceptos
1807 608 1876 673 in
1928 607 2236 692 fabricam
2290 605 2569 693 ipsorum
2615 610 3067 695 Beneficiorum
3097 662 3113 689 ,

521 714 616 781 vel
656 730 1013 799 pauperum
1057 714 1470 800 eleemosynas
1514 733 1775 798 eroqare
1834 725 2090 782 tenetur.
2142 718 2354 796 Quare
2401 714 2688 800 legitima
2737 716 2903 784 facta
2952 733 3110 784 cen-

520 820 781 889 sebitur
828 821 1181 903 restitutio,
1232 821 1285 888 si
1338 820 1448 886 fiat
1499 821 1788 907 propriae
1839 821 2174 904 Ecclesiae,
2226 824 2322 890 vel
2375 822 2599 890 domui
2637 823 2971 903 Beneficii,
3011 823 3112 890 vel

524 928 585 995 in
637 928 960 1012 augendis
1005 928 1251 1014 proprii
1304 927 1615 995 Beneficii
1670 930 1863 1013 agris.
1916 932 2059 997 Non
2110 937 2328 996 autem
2380 937 2605 1014 potest
2655 929 2791 997 dari
2842 929 3111 998 fabrica)

521 1035 793 1103 alterius
866 1035 1201 1116 Ecclesiae,
1255 1035 1377 1103 nisi
1430 1036 1672 1103 fabrica
1721 1036 1985 1104 cederet
2033 1036 2096 1103 in
2166 1023 2513 1105 utilitatem
2563 1055 2949 1123 pauperum,
3000 1043 3114 1104 aut

520 1143 644 1210 nisi
696 1143 989 1211 Ecclesia
1040 1143 1302 1229 propria
1367 1162 1497 1211 non
1549 1143 1874 1228 indigeret
1923 1145 2428 1229 restauratione,
2468 1155 2533 1214 et
2582 1147 2726 1213 aliae
2776 1146 3010 1232 utique
3042 1145 3158 1211 in·

518 1259 813 1335 egestate
861 1259 1103 1333 essent,
1155 1259 1224 1318 ut
1272 1251 1361 1318 ait
1412 1252 1721 1320 Concina.
1771 1253 2049 1320 Nomine
2094 1272 2442 1340 pauperum
2490 1254 2596 1322 hic
2644 1254 3112 1339 intelliguntur

518 1377 846 1445 pauperes
897 1359 1354 1444 cujuscunque
1428 1360 1590 1427 loci:
1642 1360 1775 1427 imo
1826 1361 1968 1446 ipse
2016 1360 2448 1429 beneficiatus
2500 1362 2744 1446 poterit
2792 1361 2917 1431 sibi
2967 1361 3110 1428 fru-

517 1475 665 1537 ctus
714 1466 864 1534 illos
910 1467 1275 1555 applicare;
1330 1468 1528 1535 modo
1579 1468 1665 1536 sit
1713 1486 1865 1536 vere
1914 1467 2008 1555 (id
2057 1477 2159 1536 est
2209 1487 2340 1537 non
2390 1487 2512 1537 suo
2576 1469 2763 1538 facile
2823 1469 3109 1556 jndicio)

519 1592 801 1659 pauper,
855 1583 919 1642 et
967 1574 1296 1643 malitiose
1346 1575 1648 1643 Officium
1701 1594 1831 1643 non
1883 1575 2163 1658 omittat,
2214 1584 2286 1643 ut
2344 1577 2628 1662 applicet
2676 1577 2799 1645 sibi
2851 1577 3109 1645 fructus

408 1677 417 1692 '
512 1681 603 1749 *ob
665 1690 1120 1768 paupertatem
1138 1707 1157 1764 3
1208 1701 1322 1751 sua
1369 1683 1542 1750 enim
1592 1684 1770 1751 fraus
1821 1683 2064 1752 nemini
2119 1684 2512 1769 patrocinari
2568 1683 2785 1753 debet.

608 1792 762 1856 Haec
807 1798 1025 1858 autem
1062 1791 1393 1858 restitutio
1431 1790 1794 1859 nullimode
1825 1792 2104 1877 suppleri
2133 1804 2328 1878 potest
2362 1812 2475 1876 per
2503 1810 2918 1876 quascumque
2946 1791 3104 1858 elee-

514 1914 828 1982 mosynas,
880 1915 1037 1981 quas
1082 1910 1269 1965 antea
1315 1898 1701 1983 beneficiatus
1746 1897 1818 1963 'de
1861 1897 2168 1981 fructibus
2197 1900 2299 1964 sui
2329 1898 2617 1985 Beneficii
2638 1898 2887 1984 fecerit:
2924 1894 3108 1983 quod

508 2018 815 2070 asserere
863 2002 1243 2072 damnatum
1293 2013 1394 2072 est
1442 2004 1523 2072 ab
1572 2004 1943 2072 Alexandro
1991 2007 2103 2073 Vll
2157 2006 2613 2091 propositione
2661 2005 2745 2072 33
2793 2000 2818 2044 ¹
2872 2006 3015 2089 (G).

660 2289 734 2353 N.
782 2289 850 2355 2:
891 2323 980 2336 —
1024 2293 1115 2356 De
1160 2302 1445 2378 tempore,
1501 2292 1647 2373 loca,
1696 2291 1931 2364 ordine,
1979 2292 2188 2376 forma
2233 2301 2289 2356 et
2334 2291 2512 2357 modo
2557 2291 2959 2356 recitationis.

595 2527 735 2591 3⁷.
787 2525 860 2603 Q.
914 2525 970 2590 l.
1023 2525 1153 2603 Quo
1199 2534 1466 2608 tempore
1511 2525 1702 2589 Horae
1746 2524 2063 2589 canonica⁹
2107 2524 2440 2591 recitandae
2483 2530 2670 2592 sunt?

599 2634 670 2700 R.
717 2630 817 2699 Ad
866 2628 1196 2697 vitandum
1250 2636 1590 2714 peccatum
1625 2631 1907 2699 mortale
1939 2631 2198 2712 sufficit,
2236 2632 2287 2699 si
2342 2635 2536 2700 Horae
2584 2631 2922 2699 canonicae
2958 2649 3109 2717 per-

509 2739 851 2808 solvantur
897 2755 930 2803 a
980 2735 1191 2804 media
1243 2743 1437 2804 nocte
1487 2754 1699 2822 usque
1747 2736 1826 2803 ad
1876 2738 2067 2804 aliam
2117 2737 2400 2806 mediam
2463 2747 2725 2806 noctem
2761 2734 2812 2807 ².
2863 2740 2945 2806 Ut
2994 2755 3109 2804 au-

509 2854 646 2914 tem
694 2846 936 2913 vitetur
983 2844 1177 2910 etiam
1228 2843 1500 2924 veniale,
1552 2843 1854 2911 recitatio
1907 2844 2047 2912 fieri
2098 2843 2294 2912 debet
2333 2851 2635 2930 tempore
2684 2845 2766 2913 ab
2808 2843 3106 2913 Ecclesia

508 2953 864 3038 assignate,
915 2950 1039 3017 nisi
1103 2949 1324 3017 obstet
1380 2947 1788 3017 rationabilis
1838 2968 2062 3020 causa:
2114 2968 2263 3036 quae
2328 2951 2596 3036 quidem
2660 2951 3109 3019 communiter

510 3080 659 3130 esse
710 3065 933 3145 potest
981 3058 1299 3144 quaelibet
1368 3057 1548 3124 utilis
1621 3064 1688 3125 et
1758 3058 2075 3139 honesta,
2125 3077 2183 3125 v.
2233 3076 2335 3143 g.,
2384 3060 2618 3127 concio
2668 3059 2952 3144 paranda
3002 3057 3106 3127 vel

510 3164 854 3246 audienda,
908 3163 1274 3250 periculum
1322 3164 1851 3248 supervenientis
1889 3164 2368 3250 occupationis,
2405 3165 2529 3232 iter
2576 3165 2923 3249 agendum,
2958 3183 3103 3235 ma·-

504 3273 614 3361 J‘or
660 3271 942 3354 devotio,
991 3271 1089 3338 vel
1140 3278 1403 3356 tempus
1454 3271 1672 3357 aptius
1723 3271 1803 3339 ad
1851 3270 2271 3340 studendum.
2343 3275 2651 3340 Ceterum
2708 3273 2813 3341 hic
2883 3280 3102 3341 atten-

510 3381 721 3450 denda
771 3387 873 3447 est
922 3379 1145 3463 regula
1193 3397 1244 3446 s.
1295 3379 1640 3446 Antonini:
1683 3380 1941 3460 Quando
1994 3380 2274 3467 Officium
2303 3378 2428 3445 dici
2461 3399 2590 3446 non
2625 3393 2819 3466 potest
2841 3392 3103 3467 propter

509 3489 957 3574 occupationes,
1008 3486 1231 3551 melias
1276 3498 1363 3551 est
1404 3488 1754 3572 proevenire
1778 3539 1793 3568 ,
1841 3505 2028 3570 quam
2098 3485 2352 3552 tardare
2369 3510 2396 3563 ;
2439 3486 2589 3570 quia
2619 3487 2968 3573 praevenire
3013 3497 3102 3552 est

503 3593 926 3683 providentiae,
971 3591 1227 3658 tardare
1271 3610 1414 3658 vero
1461 3604 1548 3659 est
1591 3593 2000 3677 neqliqentioe.

601 3706 809 3770 Porro
857 3713 1043 3768 extra
1088 3701 1345 3766 chorum
1389 3702 1704 3786 Vesperae
1754 3708 1821 3767 et
1869 3699 2390 3785 completorium
2440 3698 2565 3766 dici
2602 3698 2844 3767 debent
2891 3717 2927 3765 a
2965 3715 3103 3768 me-

512 3809 677 3878 ridie
727 3807 804 3875 ad
855 3807 1136 3875 mediam
1189 3814 1472 3874 noctem.
1525 3806 1684 3874 Aliae
1723 3824 1877 3874 vero
1915 3810 2108 3874 Horae
2144 3804 2499 3873 recitandae
2550 3813 2705 3873 sunt
2746 3805 2827 3873 ab
2861 3822 3101 3874 aurora

512 3918 590 3986 ad
640 3916 1018 3996 meridiem3
1071 3913 1189 3982 sed
1234 3916 1438 3988 Nona,
1488 3921 1553 3982 et.
1597 3914 1783 4001 juxta
1820 3914 2002 3995 alios,
2038 3914 2233 3981 etiam
2269 3915 2465 3981 Sexta
2514 3913 2772 3981 recitari
2818 3919 3102 3999 possunt

514 4035 667 4112 post
714 4023 1078 4106 meridiem,
1131 4021 1329 4090 modo
1364 4041 1497 4090 non
1538 4023 1819 4089 multum
1857 4021 2341 4108 protrahantur.
2391 4024 2529 4089 lmo
2579 4020 2661 4087 ad
2706 4021 3105 4088 Matutinum

512 4150 664 4201 cum
708 4131 1041 4200 Laudibus
1092 4128 1272 4215 quod
1320 4130 1574 4212 attinet,
1624 4131 1820 4197 etiam
1872 4131 2014 4196 sine
2053 4147 2251 4197 causa
2298 4149 2374 4197 ex
2429 4127 2772 4197 universali
2825 4136 2890 4196 et
2942 4146 3092 4213 pro-

510 4243 663 4311 bata
712 4240 1192 4310 consuetudine
1243 4237 1452 4323 pridie
1501 4239 1760 4307 recitari
1815 4246 2055 4323 potest,
2106 4237 2408 4306 videlicet
2455 4246 2776 4323 tempore,
2814 4253 2948 4322 quo
2999 4235 3103 4303 sol

513 4349 743 4432 incipit
791 4366 938 4415 esse
987 4345 1263 4433 propior
1308 4344 1389 4412 ad
1436 4363 1747 4414 occasum
1818 4361 2015 4430 quam
2086 4344 2164 4413 ad
2233 4343 2611 4425 meridiem3
2662 4342 2874 4428 inquit
2922 4342 3104 4411 enim

392 4505 398 4514 -
511 4456 890 4541 Angelicus:
945 4457 1259 4535 Quantum
1304 4453 1388 4519 ad
1431 4453 1907 4536 ecclesiasticum
1980 4454 2257 4540 Officium
2327 4465 2385 4520 et
2442 4452 2907 4522 solemnitatum
2952 4450 3104 4517 cele·

574 4686 595 4726 ¹
632 4686 859 4747 Lignori,
896 4685 984 4747 Op.
1018 4684 1174 4746 Mor..
1208 4685 1243 4735 1.
1278 4697 1354 4747 ιιι,
1389 4696 1481 4735 nn.
1514 4687 1607 4736 673
1632 4686 1685 4736 et
1714 4695 1772 4735 se
1810 4695 1862 4746 q.
1903 4681 2028 4731 Vide
2062 4681 2176 4733 Lib.
2209 4695 2246 4741 t,
2277 4695 2332 4734 n.
2365 4685 2478 4735 6¹5.

572 4751 597 4790 ²
632 4751 709 4800 Ex
740 4759 857 4812 cap.
895 4748 1126 4799 Dolentes
1155 4750 1215 4800 de
1246 4750 1336 4800 cel.
1374 4748 1556 4798 Missoe.
1591 4772 1656 4783 —
1697 4747 1752 4797 V.
1825 4743 2020 4795 erraris
2033 4755 2046 4804 ;
2089 4745 2144 4795 V.
2183 4745 2425 4808 Officium,
2460 4745 2559 4797 art.
2598 4745 2629 4795 3
2656 4748 2708 4796 et
2737 4743 2785 4794 4.
