3292 5167
494 201 505 216 ⁸
555 209 687 275 ³190
1554 229 1672 277 ue.
1719 230 1788 278 ιι.
1836 234 2054 279 Tutor.
2103 228 2162 279 v.

639 329 701 393 V.
745 330 816 396 It.
862 329 1095 396 Civiltc'z
1141 329 1474 412 Cattolica,
1517 351 1639 398 ser.
1684 336 1770 412 6⁸,
1815 344 1856 399 t.
1900 351 1998 397 vr:
2042 332 2255 397 Simon
2297 335 2512 399 Pietro
2563 354 2596 401 e
2641 336 2854 404 Simon
2920 340 3144 423 Hapo,·
3253 409 3254 418 ,

550 411 631 473 Le
679 412 921 492 genda3
966 420 1032 475 et
1073 428 1198 475 ser.
1240 412 1325 490 6⁸,
1372 424 1411 478 t.
1454 430 1557 476 x1:
1600 416 1851 480 Notizie
1885 413 2265 479 statisticlte.

755 491 844 553 θ.
908 494 976 569 Q.
1039 492 1093 555 1.
1155 493 1256 557 An
1316 494 1646 559 vendatur*
1689 500 1826 560 sine
1874 498 2144 561 simonia
2176 497 2294 574 jus
2358 499 2788 576 praesentandi
2830 502 2915 564 ad
2955 501 3140 564 eccle·

542 576 878 644 siasticum
919 574 1297 655 Beneficium
1322 579 1354 639 9

624 660 695 723 R.
742 656 869 717 Hoc
908 657 1015 735 jus
1056 655 1265 734 quoad
1312 657 1591 718 honores
1634 664 1701 720 et
1743 657 2226 730 subventiones»,
2273 670 2412 737 quaa
2460 661 2752 737 patronis
2797 660 3144 736 debentur,

546 741 711 804 bene
756 736 949 798 vendi
996 745 1203 817 potest
1246 736 1483 818 absque
1529 738 1837 814 simonia3
1879 741 2025 819 quia
2072 736 2278 816 quoad
2328 736 2436 800 illa
2485 755 2613 801 non
2660 739 2901 804 dicitur
2947 743 3137 823 spiri·

547 823 718 885 tuale
761 817 838 896 (s.
874 817 1145 879 Thomas
1187 816 1286 892 22,
1321 834 1377 897 q.
1425 818 1560 893 100,
1605 835 1660 880 a.
1704 819 1773 892 43
1818 827 1883 882 et
1926 818 2205 897 Lignori,
2254 816 2421 884 Onus
2458 818 2638 896 Mor„
2684 821 2721 883 l.
2769 839 2867 897 ιιι,
2912 839 2973 885 n.
3020 822 3142 902 71).

540 902 652 966 Jus
695 914 850 964 vero
897 897 1330 978 praesentandi
1377 899 1426 960 si
1476 906 1573 960 est
1616 899 1873 963 affixum
1920 901 2036 973 rei,
2078 898 2340 961 vendita
2390 915 2478 975 re,
2523 901 2919 965 transfertur
2950 904 3141 967 simul
3253 973 3254 976 Ἴ

542 998 688 1046 cum
726 995 795 1043 re
841 979 905 1040 in
952 985 1305 1056 emptorem
1332 995 1351 1054 3
1394 979 1579 1041 sicuti
1627 982 1819 1043 etiam
1868 977 2208 1043 transferri
2257 987 2466 1057 potest
2511 979 2861 1045 donatione
2906 991 3019 1045 aut
3055 987 3130 1046 ti·

545 1064 678 1127 tulo
722 1058 1157 1123 haereditario.
1218 1059 1414 1120 Extra
1464 1059 1577 1120 bos
1640 1076 1823 1124 casus
1888 1059 2079 1122 vendi
2130 1060 2352 1138 nequit
2396 1059 2522 1124 tale
2580 1062 2686 1140 ,ius
2759 1073 3138 1141 patronatus
3253 1067 3254 1120 ἴ

545 1141 964 1207 ecclesiastici
1012 1140 1151 1201 sine
1195 1139 1463 1201 simonia
1511 1140 1589 1202 de
1632 1139 1785 1208 Jure
1832 1140 2141 1215 buman03
2190 1141 2339 1202 binc
2384 1150 2482 1203 est
2544 1144 2842 1219 simonia,
2907 1144 2960 1205 si
3036 1161 3137 1224 pa·
3253 1205 3254 1216 ,

548 1233 774 1288 tronus
819 1219 1057 1282 vendat
1101 1218 1303 1300 pluris
1348 1236 1482 1281 rem
1524 1222 1775 1285 ratione
1823 1221 1967 1284 talis
2006 1221 2196 1300 juris,
2240 1220 2337 1284 vel
2387 1221 2671 1300 imponat
2724 1232 3140 1302 praesentatO,

546 1321 604 1367 v.
649 1322 734 1383 g„
778 1312 848 1364 ut
891 1301 1022 1362 suis
1066 1301 1365 1378 expensis
1411 1301 1590 1363 litem
1637 1303 1958 1364 sustineat
2002 1300 2330 1380 probando
2375 1311 2664 1380 spectare
2708 1307 3139 1382 presentatio·

546 1399 695 1446 nem
739 1381 814 1446 ad
866 1381 1050 1444 illum
1097 1389 1434 1459 patronum
1461 1399 1478 1454 3
1521 1398 1601 1444 ex
1667 1397 1717 1444 c.
1775 1383 1848 1445 de
1881 1385 2035 1461 jure
2098 1390 2163 1443 et
2205 1399 2256 1444 c.
2300 1392 2630 1461 proeterea,
2697 1385 2770 1447 de
2802 1386 3028 1465 jurep.
3069 1420 3144 1433 —
3253 1433 3254 1438 η

544 1465 778 1528 Dicunt
821 1461 1403 1524 Salmanticenses:
1448 1461 1617 1541 quod
1668 1472 1963 1526 vertente
2007 1463 2215 1542 litigio
2266 1464 2434 1525 circa
2488 1463 2997 1543 juspatronatus,
3050 1482 3146 1546 po·

542 1554 667 1606 test
711 1545 943 1622 apponi
991 1542 1294 1616 conditi0,
1338 1551 1409 1605 ut
1467 1543 1517 1603 si
1564 1544 1736 1606 intra
1786 1552 1877 1606 tot
1924 1559 2175 1618 menses
2221 1550 2627 1622 presentatus
2693 1550 3136 1624 praesentatio-
3253 1595 3254 1598 ,

542 1640 688 1687 nem
733 1639 914 1687 suam
962 1638 1090 1684 non
1159 1620 1357 1685 fuerit
1401 1632 1800 1702 prosecutus,
1851 1632 2158 1703 patronus
2202 1626 2406 1704 possit
2461 1623 2655 1688 alium
2703 1636 3141 1705 praesentare3
3253 1665 3254 1704 3

542 1707 689 1784 quia
739 1715 889 1768 tunc
936 1702 1044 1764 ille
1089 1710 1383 1765 remanet
1426 1702 1492 1765 in
1539 1721 1651 1766 sua
1700 1704 2021 1780 libertate,
2073 1720 2190 1766 nec
2234 1703 2557 1784 obligatur
2608 1705 2686 1767 ad
2735 1707 3140 1785 probandum
3253 1747 3254 1786 ᾗ

534 1789 641 1864 jus
684 1785 937 1864 patroni
986 1799 1099 1862 pro
1147 1782 1279 1858 illo,
1344 1783 1454 1845 sed
1505 1799 1616 1861 pro
1662 1802 1749 1860 se,
1794 1786 1845 1847 si
1890 1783 2172 1848 voluerit
2216 1787 2517 1864 consequi
2564 1784 2977 1852 Beneficium.
3030 1786 3144 1851 Ve-
3253 1865 3254 1874 ἵ

539 1881 681 1929 rum
728 1868 789 1927 in
840 1865 959 1925 hoc
1006 1879 1308 1941 magnum
1378 1864 1734 1943 periculum
1801 1874 1918 1940 est,
1961 1863 2128 1946 quod
2198 1866 2568 1928 virtualiter
2622 1868 2943 1932 vendatur
2995 1868 3142 1932 talis

543 1946 954 2025 praesentatio
998 1959 1111 2023 pro
1158 1946 1478 2023 expensis,
1522 1962 1664 2024 quae
1709 1947 1786 2008 de
1827 1949 1973 2026 jure
2018 1962 2048 2009 a
2085 1956 2351 2026 patrono
2396 1945 2734 2009 debebant.

616 2027 710 2087 An
758 2042 909 2087 vero
954 2023 1244 2086 venditio
1294 2026 1435 2087 talis
1475 2027 2024 2105 jurispatronatus
2069 2029 2153 2089 sit
2207 2027 2405 2089 vetita
2453 2031 2647 2091 etiam
2692 2027 2848 2090 Jure
2892 2028 3143 2107 divino,

538 2105 862 2168 affirmant
904 2104 1180 2179 LessiuS,
1229 2105 1532 2185 Layman,
1576 2116 1736 2181 etc.;
1780 2109 1922 2186 quia
1974 2109 2090 2169 hoc
2129 2108 2236 2186 jns
2272 2114 2369 2168 est
2411 2108 2562 2187 quid
2596 2107 2954 2187 spirituale,
2993 2125 3139 2174 cum

533 2186 841 2328 grocedat
885 2201 917 2247 a
965 2194 1277 2263 potestate
1316 2187 1793 2267 jurisdictionis
1838 2187 2312 2251 ecclesiasticae.
2348 2187 2598 2266 Negant
2628 2206 2782 2251 vero
2827 2188 3140 2265 Sanchez,

582 2265 813 2346 ylvius,
861 2263 1047 2328 Sotus
1093 2277 1157 2327 et
1201 2265 1349 2341 alii;
1397 2272 1540 2347 qnia
1589 2270 1799 2347 potius
1845 2267 1970 2350 tale
1998 2269 2101 2348 jus
2138 2277 2234 2330 est
2278 2268 2428 2346 quid
2476 2269 2846 2348 temporale,
2879 2286 3022 2333 cum
3056 2273 3138 2334 sit
3253 2309 3254 2312 =

536 2347 909 2427 temporalis
956 2347 1136 2410 favor
1181 2364 1520 2411 concessus
1565 2348 1642 2411 ab
1687 2348 1992 2425 Ecclesia,
2030 2358 2344 2429 quatenus
2390 2350 2522 2427 ipsa
2570 2357 2831 2413 exercet
2864 2359 3137 2429 potesta·
3253 2397 3254 2422 i

538 2438 684 2504 tem,
727 2445 853 2490 non
896 2429 1027 2507 jam
1068 2427 1564 2505 jurisdictionis,
1600 2429 1710 2491 sed
1774 2430 2120 2508 politicam,
2163 2432 2526 2493 eminenter
2593 2431 2657 2492 in
2716 2428 2823 2492 illa
2872 2440 3137 2495 conten·
3253 2481 3254 2526 ζ

533 2517 685 2583 tam,
728 2508 804 2570 ad
853 2523 1041 2586 quam
1086 2517 1331 2586 spectat
1376 2509 1624 2571 favores
1671 2510 2054 2588 temporales
2100 2509 2513 2574 distribuere.
3253 2559 3254 2568 ,

608 2587 819 2649 9283.
865 2589 932 2661 Q.
978 2588 1035 2650 2.
1094 2587 1257 2664 Quid
1321 2591 1393 2652 de
1435 2590 1566 2666 illo,
1679 2592 1748 2651 ui
1789 2591 2166 2671 Beneficium
2233 2590 2725 2653 ecclesiasticum
2768 2590 3024 2672 confert
3065 2589 3136 2656 ob
3253 2587 3254 2664 ἔ

530 2670 854 2733 carnalem
895 2669 1302 2748 affectionem,
1345 2688 1556 2752 nempe
1598 2607 1673 2733 og
1715 2672 2156 2750 parentelam?
3253 2669 3254 2696 ¹

609 2748 678 2812 R.
716 2748 840 2812 Iste
885 2752 1273 2813 simoniacus
1316 2767 1443 2812 non
1491 2760 1606 2826 est,
1654 2753 1779 2813 nisi
1826 2751 2218 2814 conferendo
2251 2751 2547 2815 intendat
2576 2749 2815 2814 bonum
2860 2749 3125 2832 aliquod

529 2830 674 2906 sibi,
720 2828 821 2891 vel
870 2829 1132 2894 familiae
1180 2830 1330 2892 inde
1388 2830 1839 2907 obventurum,
1889 2849 1950 2895 v.
1991 2849 2049 2911 g.
2095 2840 2165 2895 ut
2208 2830 2499 2894 ditescat.
2545 2833 2649 2895 Ait
2693 2833 2868 2894 enim
2915 2833 3129 2914 Ange·

530 2909 727 2974 licus:
780 2909 850 2973 Si
890 2911 1125 2991 aliquis
1168 2910 1418 2990 aliquid
1459 2913 1797 2992 spirituale
1840 2914 2043 2976 alieni
2084 2911 2370 2993 conferat
2408 2913 2617 2993 pratis
2681 2920 2941 2991 propter
2983 2932 3131 2979 con-
3253 2957 3254 2974 2

528 2992 1028 3072 sanquinitatem
1058 2990 1154 3055 vel
1197 3008 1625 3072 quamcunque
1667 2994 1989 3056 carnalem
2018 2994 2428 3072 affectionem,
2470 3000 2566 3056 eet
2608 2994 2854 3072 quidem
2901 2993 3136 3059 illicito
3253 3011 3254 3076 g

525 3077 589 3133 et
628 3072 916 3135 carnalis
946 3072 1224 3147 collatio,
1263 3090 1385 3136 nort
1424 3080 1632 3136 tamen
1661 3075 2030 3148 simoniaca,
2064 3076 2214 3153 quia
2242 3072 2407 3136 nihil
2436 3071 2531 3136 ibi
2570 3075 2893 3154 accipitur
2915 3093 2936 3133 :
2968 3077 3131 3139 unde
3253 3095 3254 3130 ι

527 3151 638 3214 hoc
681 3170 805 3215 non
842 3154 1123 3231 pertinet
1160 3152 1245 3215 ad
1282 3162 1676 3217 contractum
1717 3155 2045 3299 emgtionis
2088 3160 2150 3216 et
2187 3154 2585 3230 venditioni&
2629 3155 2699 3216 in
2742 3171 2858 3235 quo
2897 3156 3130 3236 sunda·

528 3241 635 3295 tur
678 3232 949 3296 simonia
992 3234 1081 3313 (d.
1126 3233 1417 3309 Thomas,
1463 3236 1521 3308 2,
1563 3235 1622 3312 2,
1665 3250 1724 3314 q.
1770 3236 1798 3296 t
1849 3236 1905 3312 0,
1949 3253 2005 3300 a.
2033 3235 2136 3315 5).

607 3310 766 3375 Illud
816 3323 1028 3376 autem
1072 3313 1237 3393 quod
1285 3314 1443 3377 dicit
1487 3315 1676 3378 Croix
1723 3331 1850 3377 non
1897 3332 2036 3379 esse
2082 3315 2451 3389 simoniam,
2494 3316 2546 3376 si
2594 3314 2888 3377 conferat
2933 3314 3013 3378 ad
3062 3333 3131 3379 se

529 3390 932 3456 liberandum
965 3395 1042 3457 ab
1072 3395 1286 3473 aliquo
1333 3396 1572 3474 injusto
1617 3395 1853 3459 damno
1884 3414 2012 3459 non
2046 3404 2197 3476 puto
2228 3393 2734 3459 admittendum:
2782 3410 2931 3458 nam
2971 3396 3131 3460 licet

524 3471 827 3536 damnum
875 3475 957 3535 si·-
1001 3474 1333 3553 injustum,
1378 3491 1628 3555 semper
1676 3485 1887 3538 tamen
1934 3478 2190 3539 videtur
2236 3473 2641 3556 intercedere
2687 3475 2897 3555 aliqua
2946 3493 3130 3540 com·

533 3556 799 3616 mutatio
839 3555 932 3616 rei
978 3553 1333 3634 spiritualis
1377 3572 1525 3626 cum
1567 3555 1849 3619 utilitate
1896 3555 2254 3637 temporali.

599 3633 807 3694 7284.
853 3635 919 3707 Q.
962 3635 1018 3697 3.
1061 3636 1164 3697 An
1191 3636 1282 3697 sit
1311 3636 1581 3699 simonia
1623 3637 1957 3717 resignare
1983 3638 2179 3701 alteri
2205 3636 2582 3718 Beneficium
2609 3635 2745 3697 sine
2771 3642 2977 3716 paeto,
3019 3637 3131 3700 sed

523 3729 663 3776 eum
705 3732 830 3793 spe,
873 3722 948 3776 ut
989 3716 1098 3778 ille
1138 3733 1219 3778 ex
1261 3715 1396 3779 sola
1436 3717 1837 3798 qratitudine
1878 3721 2110 3781 iterum
2150 3718 2429 3797 resignet
2455 3719 2523 3781 in
2563 3719 2659 3781 tui
2697 3715 3005 3806 favorem,
3028 3718 3130 3782 vel

519 3794 772 3875 aliquid
813 3796 1019 3859 solvat
1056 3797 1129 3859 de
1151 3796 1447 3876 Beneficii
1487 3796 1870 3879 fructibus?
2727 3839 2745 3865 2
3060 3848 3074 3861 .

601 3873 671 3938 R.
717 3875 972 3940 Certum
1018 3885 1117 3939 est
1161 3892 1288 3939 non
1334 3894 1475 3941 esse
1517 3863 1856 3942 sstnoniam
1903 3877 1983 3941 de
2024 3878 2177 3941 Jure
2221 3877 2478 3952 divino;
2569 3878 2670 3941 uia
2716 3874 2894 3940 nulla
2937 3876 3128 3941 adest

519 3957 728 4035 pactio
773 3957 871 4019 vel
921 3966 1353 4021 commutatio.
1387 3958 1610 4023 Utrum
1642 3975 1795 4022 vero
1827 3960 1912 4022 sit
1940 3959 2166 4023 saltem
2198 3959 2471 4021 simonia
2516 3894 2597 4021 ge
2631 3957 2785 4049 Jure
2820 3956 3130 4035 humano,

520 4028 739 4114 plures
783 4038 1129 4113 affirmant,
1177 4042 1321 4117 quia
1370 4038 1545 4102 Bulla
1595 4037 1684 4101 Pii
1732 4038 1806 4115 V,
1848 4040 2006 4102 dicit
2047 4038 2389 4103 simoniam
2421 4036 2950 4104 confidenttalem
2979 4054 3129 4101 esse

517 4118 577 4177 si
618 4118 825 4195 quid...
869 4120 1063 4182 etiam
1105 4120 1413 4199 simplicis
1454 4120 1814 4184 donationis
1859 4120 2046 4184 titulo
2089 4122 2453 4200 perceperit.
2521 4117 2644 4182 Sed
2718 4115 2934 4198 plures
2982 4134 3128 4197 pro-

516 4194 794 4260 babilius
839 4208 1102 4277 negant,
1150 4216 1294 4262 cum
1338 4199 1588 4264 nullum
1634 4202 1719 4262 sit
1746 4212 1995 4280 pactum
2041 4216 2123 4263 ne
2174 4216 2250 4263 ue
2294 4215 2669 4280 expressum
2715 4213 2927 4278 neque
2971 4202 3130 4262 taci-

519 4285 689 4351 tum;
733 4294 847 4356 per
909 4279 1107 4341 verba
1172 4288 1388 4342 autem
1450 4280 1671 4344 allata·
1712 4280 2010 4345 Pontifex
2052 4288 2191 4345 vut
2260 4280 2429 4360 quod
2494 4280 2769 4343 simonia
2841 4283 2911 4342 in
2977 4278 3127 4342 foro

516 4364 788 4442 externo
833 4357 914 4420 de
958 4358 1132 4423 facili
1179 4361 1383 4439 possit
1427 4364 1753 4441 praesumi,
1796 4365 1846 4424 si
1897 4360 2203 4443 probetur
2248 4370 2464 4440 postea
2513 4362 2677 4424 facta
2715 4357 3006 4437 donatio,
3047 4371 3127 4424 ut

520 4452 599 4498 ex
647 4445 855 4500 onunt
896 4436 1437 4504 Salmanticenses
1483 4458 1625 4504 cum
1674 4440 1938 4519 Suarez,
1979 4441 2217 4518 Lessio‚
2258 4440 2570 4518 Sancbez,
2618 4448 2742 4503 etc.

518 4593 532 4605 ·
649 4518 714 4583 ni
761 4525 974 4580 autem
1019 4520 1306 4599 resignat
1349 4519 1743 4586 Beneficium
1779 4537 1923 4586 cum
1968 4523 2329 4606 intentione
2360 4521 2689 4601 obligandi
2736 4519 3010 4585 alterum
3035 4518 3119 4583 ad

517 4601 754 4660 iterum
799 4598 1256 4676 resignandum
1305 4602 1371 4664 in
1419 4601 1728 4681 futurum,
1773 4603 1883 4665 sed
1945 4602 2113 4665 bane
2154 4604 2586 4666 intentionem
2651 4617 2781 4664 non
2841 4597 3122 4665 manife-

514 4684 661 4753 stat,
709 4677 1056 4740 committit
1097 4677 1298 4742 solam
1342 4681 1686 4745 simoniam
1733 4682 2100 4746 mentalem.
2142 4682 2308 4758 Quid
2353 4685 2406 4746 si
2472 4683 2652 4746 illam
2716 4681 3124 4758 manifestat,
3171 4741 3186 4749 -
3253 4691 3254 4698 ’
