3292 5167
1116 242 1194 289 ot
1240 242 1498 290 vrnrnu:
1540 238 1824 289 suern-m
2625 216 2755 288 365

184 347 486 420 cautione
539 346 877 434 dispensat
934 350 1188 432 patrem
1244 352 1310 415 et
1366 354 1642 416 matrem
1692 346 1866 416 circa
1914 345 2400 414 usumfructum·
2449 344 2512 412 in
2564 345 2757 413 bonis

186 457 507 537 ffliorum;
553 462 619 523 et
666 452 1075 535 venditorem
1123 470 1197 522 ac
1242 453 1632 523 donatorem
1682 452 1794 540 qui
1847 454 2328 521 usumfructum
2373 452 2441 519 in
2491 470 2564 519 re
2611 468 2762 521 ven*

185 562 310 631 dita
382 563 489 630 vei
561 561 799 630 donata
870 560 995 629 sibi
1070 567 1429 630 reservant.
1486 562 1553 630 Si
1602 561 2003 629 fructuarius
2054 567 2336 647 nequeat
2385 559 2759 628 cautionem

187 676 523 759 praestare,
571 672 744 740 bona
788 668 1299 738 committuntur
1346 668 1883 751 administratori,
1931 668 2042 753 qui
2088 668 2174 734 illi
2210 669 2465 736 fructus
2499 668 2763 734 tribuat.
2823 720 2834 729 ,

352 780 417 848 3.
468 782 553 849 Ut
600 778 863 860 tributa,
907 795 1057 863 quae
1106 786 1261 845 sunt
1309 796 1509 848 onera
1558 778 1909 858 fructuum,
1961 776 2168 844 solvat
2216 782 2280 858 ¹3
2318 776 2765 861 reparationes

101 868 115 887 ’
183 885 546 956 ordinarias
604 893 872 972 peragat
906 881 971 950 ²:
1018 892 1088 952 ¹et
1135 886 1382 953 abusus
1433 893 1497 953 et
1545 885 1781 952 damna
1830 884 2050 951 omnia
2101 890 2508 969 praecaveat,
2569 882 2768 951 etiam

187 993 327 1062 lites
370 990 797 1075 sustinendo,
846 991 900 1059 si
952 999 1181 1076 agatur
1228 991 1309 1059 de
1356 993 1504 1076 ipso
1553 991 1900 1060 usufructu
1954 989 2221 1057 tuendo.
2276 993 2565 1058 Tenetur
2607 990 2768 1059 item

184 1099 529 1168 dominum
556 1100 773 1184 ipsum
799 1115 1241 1181 commonere,
1268 1099 1321 1167 si
1355 1098 1586 1167 tertius
1621 1097 1823 1166 fundo
1857 1115 1973 1166 seu
2026 1096 2409 1182 proprietati
2462 1096 2770 1165 damnum

187 1207 439 1288 inferat,
494 1205 693 1291 idque
740 1207 865 1274 sub
916 1223 1106 1291 poena
1156 1206 1373 1274 omnia
1424 1205 1657 1272 damna
1707 1205 1882 1271 iliata
1933 1202 2329 1271 resarciendi
2371 1203 2419 1271 ⁸.

358 1317 424 1381 4.
502 1315 581 1382 Ut
648 1312 861 1380 solvat
910 1330 1029 1397 pro
1096 1317 1231 1378 rata
1281 1330 1421 1379 suae
1472 1313 1676 1397 partis
1727 1310 2206 1392 annualitateS‚
2257 1311 2499 1395 quibus
2548 1327 2654 1377 res
2707 1308 2772 1377 in

189 1420 681 1489 usumfructum
731 1419 877 1487 data
913 1427 1252 1505 gravatur3
1286 1419 1541 1487 si-iiiud
1575 1420 1812 1487 habeat
1848 1418 2040 1486 titulo
2078 1417 2447 1485 universali.
2491 1416 2556 1483 Si
2601 1416 2775 1485 enim

190 1529 678 1598 usumfructum
729 1528 963 1596 babeat
1011 1528 1201 1595 titulo
1248 1527 1670 1619 particulari,
1724 1526 1802 1593 ad
1853 1527 1996 1593 haec
2043 1544 2244 1594 onera
2295 1545 2423 1593 non
2479 1530 2772 1592 tenetur:

196 1637 367 1724 quod
420 1636 478 1705 si
528 1635 724 1703 fuerit
773 1634 1178 1719 compulsuS,
1229 1635 1422 1702 habet
1474 1653 1848 1720 regressum
1901 1640 2131 1701 contra
2181 1631 2523 1700 dominum
2560 1630 2688 1712 rei.

285 1743 630 1812 Diximus:
679 1742 747 1809 in
787 1762 1046 1828 qenere;
1095 1759 1241 1809 nam
1292 1741 1372 1811 de
1422 1742 1768 1809 usufructu
1819 1740 2087 1827 speciali
2141 1748 2481 1807 notamus:
2567 1798 2600 1816 .,

372 1853 432 1918 1.
489 1849 717 1931 Quoad
767 1850 1251 1918 usumfructum
1299 1851 1462 1936 aqri,
1515 1849 1766 1916 nulium
1814 1849 1922 1934 J'us
1971 1847 2288 1934 competit
2321 1845 2680 1914 fructuario
2716 1844 2778 1911 in

197 1960 448 2027 metalli
524 1957 781 2026 fodinas
828 1957 927 2024 vei
977 1956 1407 2045 lapidicinas,
1458 1975 1605 2044 quae
1660 1975 1788 2024 non
1842 1955 2084 2024 fuerint
2133 1963 2378 2041 apertae
2429 1952 2783 2039 incipiente

199 2066 572 2136 usufructu.
611 2069 741 2135 Nec
770 2065 832 2133 in
862 2064 1020 2133 alias
1057 2066 1359 2135 materias
1389 2065 1467 2132 ad
1496 2065 2021 2135 comburendum
2057 2071 2262 2149 aptas,
2306 2080 2453 2148 quaa
2492 2059 2784 2129 nondum

200 2174 399 2243 effodi
455 2180 824 2260 coeperant:
879 2191 1000 2241 nec
1051 2173 1113 2240 in
1165 2174 1591 2257 thesaurum,
1645 2173 1756 2259 qui
1809 2170 2388 2258 quidem-durante
2438 2169 2783 2237 usufructu

210 2282 642 2350 inveniretur.

270 2466 279 2479 ,
378 2391 444 2455 2.
489 2384 719 2467 Quoad
754 2386 1240 2455 usumfructum
1267 2387 1495 2473 qreqis,
1534 2388 1584 2454 si
1627 2386 1738 2454 ilie
1781 2385 1844 2453 in
1882 2402 2014 2451 uno
2049 2389 2303 2450 tantum
2340 2382 2599 2449 animali
2637 2399 2791 2449 con-

212 2496 426 2579 sistat,
481 2514 560 2564 eo
610 2496 752 2563 sine
801 2496 992 2581 culpa
1042 2505 1381 2581 pereunte,
1432 2495 1512 2563 ad
1561 2495 1719 2562 nihii
1774 2502 2037 2563 tenetur
2081 2492 2499 2560 fructuarius.
2535 2490 2600 2556 Si
2635 2506 2791 2555 vero

208 2602 516 2670 consistit
567 2602 630 2668 in
682 2608 823 2669 toto
875 2619 1113 2687 grege,
1164 2603 1558 2669 fructuarius
1609 2601 1718 2687 qui
1771 2601 2003 2683 foetus,
2053 2599 2186 2682 lac,
2244 2600 2410 2685 pilos
2460 2615 2534 2664 ac
2579 2596 2793 2662 ianam

209 2711 535 2797 percipit,
574 2718 875 2778 ·tenetur
946 2710 1010 2777 in
1081 2709 1303 2778 locum
1367 2708 1867 2778 demortuorum
1919 2708 2039 2775 alia
2090 2708 2301 2794 capita
2351 2705 2791 2773 substituere:

214 2817 440 2887 habita
488 2818 745 2885 ratione
777 2824 1121 2903 natorum.
1170 2817 1298 2885 Sed
1347 2817 1400 2884 si
1451 2817 1709 2901 integer
1756 2834 1911 2901 grex
1946 2833 2101 2882 casu
2139 2813 2327 2899 perit,
2366 2831 2496 2880 non
2535 2817 2797 2878 tenetur

211 2926 333 2993 nisi
386 2925 470 2992 ad
520 2924 921 2992 reddendam
971 2924 1294 2992 rationem
1343 2924 1698 3005 coriorum,
1751 2928 1861 2989 ant
1909 2938 2142 2990 eorum
2193 2918 2672 2989 aestimationis

392 3035 456 3100 3.
508 3031 735 3113 Quoad
781 3032 1239 3118 usumfructum
1281 3032 1473 3119 syloae
1518 3030 1664 3098 baec
1711 3036 2122 3107 statuuntur:
2171 3030 2241 3110 a)
2292 3026 2468 3112 quod
2516 3026 2799 3111 pertinet

215 3138 293 3206 ad
364 3140 582 3225 sylvas
658 3137 964 3221 caeduas,
1030 3156 1179 3225 quae
1232 3156 1467 3224 nempe
1514 3137 1793 3206 succisae
1843 3154 1924 3203 ex
1970 3134 2288 3220 stirpibus
2337 3133 2800 3219 radicibusque
2880 3151 2884 3154 ’

219 3255 699 3330 renascuntur,
768 3247 1168 3316 fructuarius
1239 3252 1463 3333 potest
1534 3245 1794 3314 iliarum
1843 3245 2116 3312 arbores
2165 3239 2550 3325 succidere,
2603 3240 2798 3309 modo

218 3363 436 3424 servet
509 3355 809 3424 ordinem
882 3363 1246 3437 statutum,
1321 3362 1430 3422 aut
1478 3369 1856 3422 mensuram
1904 3348 2390 3419 consuetudine
2438 3349 2802 3429 inductam3

217 3483 320 3529 ma
364 3484 497 3529 non
540 3464 621 3529 ha
667 3463 877 3530 diritto
926 3461 1132 3548 (addit
1180 3461 1312 3547 lex)
1358 3481 1400 3528 a
1444 3479 1764 3547 compenso
1803 3460 1907 3546 pei
1937 3459 2093 3544 taqli
2122 3476 2249 3524 non
2279 3457 2551 3543 esequiti,
2585 3457 2661 3524 ne*
2689 3474 2805 3542 per

224 3571 274 3637 le
310 3571 532 3657 pionte
575 3569 874 3636 riservate
918 3569 1175 3657 uffinchd
1218 3588 1526 3656 crescone,
1572 3568 1652 3635 nd
1689 3585 1807 3653 per
1848 3566 2042 3651 quelle
2088 3565 2152 3632 de·
2189 3566 2315 3632 alto
2342 3567 2509 3651 fusto
2543 3566 2650 3631 che
2676 3582 2806 3629 non

285 3761 307 3801 1
349 3780 369 3804 ι
406 3759 850 3822 L’ususruttuario
883 3760 910 3810 ὲ
941 3762 1112 3811 tentato
1142 3761 1363 3813 durante
1393 3760 1693 3825 l’ususrutto
1742 3774 1778 3812 a
1810 3761 1928 3813 tutti
1979 3759 1997 3811 i
2040 3758 2233 3809 enrichi
2263 3757 2494 3808 manuali
2524 3756 2605 3806 del
2629 3753 2804 3817 fondo,

222 3836 365 3875 come
396 3835 519 3873 sono
553 3826 571 3872 i
604 3824 803 3882 tributi,
838 3825 857 3872 i
887 3825 1073 3873 canoni
1105 3824 1165 3873 ed
1196 3826 1322 3875 altri
1350 3825 1476 3886 pest,
1510 3826 1598 3875 che
1628 3823 1841 3874 secondo
1876 3825 1929 3873 {a
1959 3822 2319 3871 consuetudine
2349 3831 2576 3882 qravano
2607 3820 2625 3867 i
2652 3816 2806 3878 fructi
2908 3801 2921 3823 ⁸

225 3888 347 3948 (art.
381 3887 515 3945 506).
550 3886 614 3936 At
639 3890 946 3949 papamento
998 3885 1075 3935 dei
1106 3887 1297 3935 enrichi
1328 3886 1531 3951 imposta·
1576 3888 1713 3937 sulla
1738 3882 2008 3947 prom-teta
2037 3885 2259 3935 durante
2290 3881 2587 3943 t’musmtto
2637 3882 2809 3950 (come

228 3947 453 3999 sai-ebbe
488 3946 809 4010 un’imposta
841 3946 1220 3998 straordinaria
1252 3946 1303 3997 di
1338 3958 1544 4009 guerra,
1578 3961 1652 3999 un
1689 3949 1905 4010 prestito
1938 3944 2159 4005 sorzato)
2192 3946 2220 3994 e
2261 3947 2429 3994 tenuta
2461 3944 2498 3993 it
2524 3945 2809 4003 propr-teca-

230 4012 345 4071 rt’o,·
379 4022 468 4059 ma
500 4010 922 4073 t'uausruttuario
953 4012 1024 4073 qli
1055 4011 1173 4060 deve
1205 4011 1590 4073 corriapondere
1624 4010 1903 4060 t'interesse
1934 4009 2072 4059 detta
2104 4019 2305 4056 somma
2331 4009 2521 4067 papatu
2548 4003 2756 4065 (poiche
2779 4003 2808 4053 e

231 4083 385 4124 come
431 4082 541 4122 una
589 4075 907 4124 sottrazione
956 4071 1007 4122 di
1058 4073 1205 4134 parte
1239 4072 1358 4124 dett’
1379 4076 1496 4124 ente
1551 4074 1602 4122 in
1638 4072 1921 4123 usufrutto.
1973 4069 2033 4120 Se
2065 4068 2483 4130 l'usufruttuario
2532 4078 2595 4115 ne
2628 4066 2806 4115 antici·

226 4146 375 4198 passe
408 4135 447 4184 it
474 4140 781 4197 paaammto
814 4137 882 4186 ha
910 4135 1090 4185 diri-tto
1122 4136 1174 4186 di
1205 4148 1367 4185 essere
1420 4133 1727 4185 rimborsato
1758 4134 1839 4185 det
1870 4133 2089 4194 capitale
2134 4132 2245 4181 atta
2285 4131 2385 4193 fine
2430 4126 2809 4189 detl'ususrutto

233 4199 525 4331 manag&
554 4215 621 4309 ad
656 4257 1067 4309 instaurationes
1097 4256 1550 4330 extraordinarias
1584 4259 1806 4319 tenetur,
1825 4256 1869 4307 si
1897 4254 2016 4327 ideo
2043 4253 2150 4305 sint
2175 4232 2388 4316 agendae
2413 4253 2539 4326 quia
2564 4250 2811 4326 neglectae
2853 4281 2863 4299 ,

233 4324 362 4372 sunt
413 4320 714 4372 ordinarias.
753 4321 878 4381 Quae
926 4332 1084 4379 porro
1133 4322 1240 4371 sint
1286 4319 1697 4370 instaurationes
1747 4316 2188 4371 extraordinariae
2235 4316 2373 4367 ctare
2422 4316 2619 4365 indicat
2652 4315 2812 4364 civitas

240 4384 425 4443 codex,
461 4385 559 4434 art.
593 4385 702 4435 504.
757 4398 777 4426 ε
834 4383 977 4434 Souo
1025 4384 1067 4434 ri
1110 4382 1342 4433 araztont
1375 4378 1770 4433 straordinariae
1823 4381 1996 4445 queue
2040 4378 2124 4430 dei
2173 4378 2304 4430 muri
2363 4377 2574 4429 maesti-t
2608 4375 2812 4427 e'dette

239 4445 399 4508 volte,
434 4445 482 4495 le
513 4445 842 4497 sostituzioni
877 4445 929 4496 di
964 4449 1077 4497 trav
1127 4444 1191 4497 ed
1225 4445 1258 4495 il
1292 4445 1700 4494 rinnovamento
1733 4442 1920 4500 intero,
1957 4453 1990 4492 o
2024 4440 2075 4492 di
2115 4452 2219 4493 una
2255 4441 2399 4503 parte
2435 4438 2686 4499 notabile,
2718 4438 2809 4489 dei

241 4508 371 4565 tetti,
407 4507 489 4559 dei
521 4508 675 4565 solat,
710 4507 843 4568 degti
879 4507 1063 4569 argini,
1101 4507 1237 4570 degli
1270 4506 1589 4571 aequedotti.
1612 4517 1640 4557 e
1667 4505 1750 4557 dei
1780 4504 1915 4556 muri
1953 4503 2006 4555 di
2041 4507 2290 4567 sostegno
2322 4513 2350 4553 e
2379 4502 2430 4553 di
2465 4503 2628 4554 cinta.
2661 4501 2813 4552 Tutte

241 4568 290 4621 le
321 4571 450 4621 altre
481 4569 794 4632 riparazioni
829 4580 962 4622 sono
994 4569 1279 4620 ordinarie.
1316 4588 1335 4610 ·
1373 4591 1439 4606 -
1471 4570 1524 4621 C.
1561 4569 1622 4619 A.
1658 4570 1780 4634 5113
1811 4594 1876 4606 -
1910 4565 1965 4618 C.
2003 4568 2061 4619 G.
2097 4569 2218 4629 0005
2248 4565 2385 4616 —C.
2423 4564 2470 4616 S.
2507 4563 2634 4628 5253
2670 4574 2733 4601 -·-
2758 4563 2810 4613 C.

244 4633 452 4692 2245&
483 4656 548 4668 —
580 4632 634 4683 G.
669 4633 743 4682 Μ.
775 4631 902 4695 4703
935 4656 999 4668 —
1033 4632 1087 4684 G.
1126 4633 1179 4683 T.
1212 4631 1323 4683 204.

305 4694 327 4734 ⁸
364 4693 546 4754 Quoad
582 4693 1035 4746 denuntiationem
1070 4691 1487 4746 damnificatoris
1518 4692 1641 4746 vide
1674 4693 1797 4746 cod.
1825 4704 1971 4759 proc.
2005 4695 2123 4753 civ„
2161 4691 2259 4742 art.
2291 4691 2405 4743 ἰοὶ.
