3292 5167
1179 216 1633 264 Annon-rioms
2443 197 2456 212 ’
2569 200 2691 267 751

118 325 446 407 potuisset,
491 320 804 400 ,1033311113
866 318 1178 396 catalani,
1220 320 1327 400 qui
1388 319 1501 383 diu
1564 318 1778 384 fuerat
1837 335 1979 383 cum
2041 329 2307 384 auctore
2355 320 2702 385 familiari·

119 414 247 470 tate
290 403 697 481 conjunctus,
738 401 955 466 extitit
996 400 1210 464 fidelis
1254 400 1540 463 defuncti
1608 399 1959 466 voluntatis
2024 412 2365 482 executor,
2428 404 2701 483 ejusque
2743 443 2749 450 -

119 502 276 564 opus
332 486 500 546 notis
543 482 840 558 munivit,
884 483 950 543 in
994 482 1231 561 quibus
1266 481 1414 560 jura
1459 480 1842 559 Apostolicae
1901 479 2084 545 Sedis
2130 480 2280 543 loedi
2346 485 2563 558 nuvit;
2633 493 2704 546 ut

125 574 298 647 patet
338 581 419 628 ex
460 561 761 625 Editione
808 560 1289 624 romana-1752.
1333 560 1619 623 Primum
1671 568 1765 623 est
1832 560 1952 640 (311
2007 561 2388 639 Cassianus,
2457 564 2541 625 De
2604 563 2705 626 In-

95 663 321 720 vam„
360 644 405 706 l.
452 661 499 714 ι,
547 658 599 705 3.
644 643 711 721 4)
754 655 1031 705 errorem
1067 642 1321 721 penitus
1364 658 1487 703 non
1529 642 1886 710 inem-rere,-
1931 644 2269 705 secundum
2312 642 2459 708 bene
2517 661 2701 723 repu-

113 729 329 790 diare:
377 735 525 787 3013
574 721 733 786 illud
783 722 950 787 bene.
1000 755 1079 769 -
1120 722 1192 785 V.
1236 722 1487 784 Leuci-a
1524 721 1896 801 parenetica
1938 724 2174 785 scritta
2204 724 2284 786 da
2315 741 2402 784 im
2432 725 2705 788 Diacono

112 808 386 871 Romano
427 822 466 867 a
502 802 783 883 Scipione
814 803 1116 866 De-Ricci.
1166 802 1469 879 vercelli,
1526 802 1701 865 1795.
1746 837 1822 847 —
1867 801 2152 880 Epistola
2195 803 2522 866 Benedicti
2568 803 2706 866 xiv

115 890 198 952 ad
240 901 598 966 supremum
638 883 964 963 Hispania:
1006 882 1473 962 Inquisitorem,
1513 882 1585 944 31
1628 880 1775 961 julii
1824 882 1996 946 1748.
2331 953 2343 961 .
2573 955 2577 960 g

195 967 497 1045 Turpiter
541 974 717 1026 errat
773 965 881 1043 qui
928 972 1117 1042 negat
1160 962 1674 1037 sta-submittere,
1720 961 1822 1025 vel
1868 961 2068 1025 libros
2119 964 2351 1040 vetitos
2382 979 2708 1042 respuere,

115 1051 263 1127 quia
309 1046 844 1126 Congregationis
891 1044 1240 1124 probibitio
1285 1059 1414 1105 non
1455 1054 1555 1105 est
1598 1053 1770 1105 certa
1819 1042 1899 1105 de
1943 1044 2073 1106 fide
2117 1052 2182 1106 et
2244 1060 2430 1117 error
2503 1045 2701 1108 inter·

120 1129 344 1191 venire
392 1134 618 1205 potest,
664 1133 735 1187 ut
779 1126 844 1186 in
889 1125 1034 1188 aliis
1072 1124 1354 1203 judiciis.
1400 1122 1581 1206 Absit
1626 1133 1694 1185 ut
1735 1123 2038 1188 Ecclesiae
2080 1133 2321 1187 tautum
2361 1127 2442 1186 sit
2474 1140 2704 1202 paren-

116 1208 293 1282 dum,
337 1204 593 1285 quando
638 1204 879 1282 aliquid
908 1206 1017 1267 -uti
1066 1203 1191 1266 tide
1234 1205 1587 1267 tenendum
1634 1205 1946 1283 praecipit,
2008 1204 2109 1267 vel
2178 1216 2273 1268 est
2340 1204 2708 1269 infallibilis

119 1290 187 1349 in
232 1289 366 1350 suis
411 1286 886 1349 decisionibus:
949 1295 1098 1348 tunc
1142 1286 1240 1346 cui
1290 1285 1608 1364 superiori
1698 1285 2061 1347 arendum‘l
2127 1285 2204 1347 ad
2271 1287 2709 1348 obedientiam

120 1383 247 1430 non
295 1368 608 1447 quaeritur
657 1363 1105 1439 infallibilitas,
1136 1364 1246 1427 sed
1279 1367 1625 1428 auctoritas
1681 1367 1962 1443 egitima.
2007 1364 2301 1429 Ceterum
2351 1369 2469 1429 bac
2512 1365 2592 1428 de
2640 1382 2709 1429 re

116 1465 308 1528 quam
353 1451 440 1511 sit
484 1446 872 1508 rationabile
915 1446 1290 1524 obsequium
1337 1455 1647 1520 nostrum,
1711 1454 1885 1526 patet
1938 1463 2015 1509 ex
2062 1439 2352 1526 rigo'roso
2413 1447 2711 1510 examine

121 1529 414 1592 adhibito
458 1536 801 1606 antequam
847 1525 1011 1589 liber
1057 1526 1494 1606 prohibeatur.
1535 1526 1718 1590 Unde
1762 1529 1811 1588 si
1862 1542 1987 1589 non
2026 1526 2238 1602 fidem,
2277 1527 2711 1590 obedientiam

122 1620 294 1674 certe
341 1607 589 1672 laedunt
632 1607 748 1670 sub
792 1608 973 1685 gravi
1017 1610 1123 1685 qni
1173 1616 1456 1670 renuunt
1508 1624 1580 1670 se
1645 1607 2064 1685 prohibitioni
2132 1608 2533 1671 submittere.
2581 1607 2752 1669 1130.

118 1698 185 1752 31
228 1690 423 1752 iidem
474 1687 717 1751 laedunt
745 1690 810 1752 .si
844 1687 1212 1767 ,probibitio
1258 1704 1372 1765 per
1415 1706 1461 1750 s.
1500 1687 1873 1750 Pontificem
1917 1706 2000 1751 ex
2040 1687 2375 1762 cathedra,
2431 1706 2544 1750 seu
2609 1687 2714 1752 de·

118 1767 397 1832 cretorie
466 1768 589 1830 lata
649 1770 771 1830 sit:
816 1777 993 1830 recte
1035 1768 1206 1830 enini
1271 1765 1502 1830 docent
1546 1769 1847 1830 Doctores
1913 1784 2052 1831 cum
2118 1768 2480 1848 Tournely‚
2543 1767 2712 1847 quod

119 1850 427 1913 Ecclesiae
472 1852 640 1910 circa
699 1847 898 1910 libros
962 1863 1227 1909 censura
1300 1858 1399 1909 est
1459 1849 1842 1912 infallibilis.
1906 1849 2209 1913 Ecclesiae
2272 1853 2443 1913 enim
2507 1848 2717 1928 (addit

124 1931 363 1996 Natalis
415 1928 799 2005 Alexander,
842 1927 1031 2003 Hist„
1072 1944 1213 1989 saec.
1245 1926 1345 2001 Vl·,
1376 1927 1523 1990 diss.
1567 1930 1662 2006 5⁸)
1707 1945 1928 1992 sanam
1973 1933 2335 1994 doctrinam
2383 1930 2461 1992 ab
2519 1932 2717 2008 baere-
2793 2001 2804 2010 ,

122 2014 241 2074 1133
269 2012 647 2074 discernere
674 2010 891 2071 datum
937 2017 1035 2070 est
1063 2025 1092 2069 a
1132 2007 1404 2070 Christo,
1452 2008 1508 2070 V.
1540 2010 1824 2089 Lignori.
1851 2009 2016 2090 Opas
2047 2012 2228 2089 Mor„
2253 2012 2291 2074 l.
2317 2029 2358 2087 1,
2394 2028 2453 2072 3.
2478 2010 2613 2072 347.
2639 2043 2714 2056 -

128 2091 361 2155 Civiita
422 2089 611 2163 Cam,
653 2106 774 2151 ser.
818 2089 903 2163 2⁸,
940 2088 1063 2150 vol.
1109 2105 1214 2149 vt:
1257 2087 1616 2151 L’aatorita
1661 2092 1907 2153 sociale.

202 2170 474 2232 1⁰33.
519 2167 837 2230 monita
878 2166 984 2227 ad
1027 2173 1320 2248 patu-es
1359 2174 1445 2229 et
1471 2169 1977 2251 magistu-ost
2024 2169 2546 2251 patresfamiliae,
2587 2185 2714 2231 ma·

122 2255 304 2332 gistri
350 2251 744 2324 scholarum,
791 2251 930 2311 beri
976 2261 1040 2310 et
1087 2265 1310 2312 omnes
1353 2253 1726 2328 qui.curam
1772 2237 2047 2317 :iliorum
2079 2254 2338 2332 babent,
2377 2251 2719 2314 inferiores

122 2350 155 2396 a
202 2334 487 2394 lectione
539 2329 851 2392 librorum
897 2332 1374 2392 romanensium
1429 2341 1738 2410 quantum
1786 2343 2054 2412 possunt
2116 2342 2444 2410 avertant,
2486 2346 2720 2409 eosque

123 2416 263 2495 piis,
304 2414 555 2475 sanctis
598 2429 676 2473 ac
720 2411 1024 2488 gravibus
1066 2410 1301 2472 studiis
1355 2410 1807 2477 assuefaciant.
1875 2415 2002 2478 Hac
2046 2419 2218 2479 enim
2266 2413 2399 2477 sola
2445 2414 2541 2475 via
2591 2411 2716 2473 for·

121 2485 374 2558 maniur
434 2494 555 2554 viri
600 2492 861 2556 eruditi.
907 2492 1167 2564 sensati,
1213 2491 1557 2554 virtutibus
1622 2495 1903 2573 praediti,
1961 2495 2315 2575 Religionis
2383 2511 2454 2555 ac
2522 2493 2718 2554 socie·
2825 2555 2830 2560 ,

126 2578 267 2638 tatis
313 2573 726 2647 defensoreS,
772 2571 851 2634 ad
898 2570 1247 2649 regendam
1293 2574 1610 2652 propriam
1661 2573 1967 2640 familiam
2018 2577 2228 2639 idonei
2276 2584 2342 2637 et
2398 2571 2562 2635 nulli
2610 2588 2719 2634 ne·

126 2660 295 2735 gotio
348 2658 655 2732 impares.
702 2652 868 2714 Sane
914 2668 1040 2741 303
1088 2650 1323 2715 desunt
1365 2661 1552 2715 aetate
1619 2666 1833 2719 nostra
1903 2661 2120 2737 optimi
2195 2657 2386 2730 libri,
2435 2654 2543 2733 qui
2612 2652 2721 2714 ob·

128 2737 364 2798 lectant
414 2737 724 2809 animum,
780 2734 934 2812 quin
980 2733 1207 2794 vitium
1255 2733 1622 2796 insinuent:
1669 2737 1795 2799 imo
1841 2740 1902 2799 in
1950 2754 2026 2800 eo
2074 2739 2188 2799 toti
2236 2744 2425 2811 sunt,
2491 2743 2558 2795 ut
2602 2734 2726 2794 vir·

138 2828 333 2880 tutem
381 2813 720 2887 extollant,
769 2813 847 2875 ad
883 2828 1151 2891 eamque
1185 2811 1515 2876 alliciant:
1550 2832 1711 2894 quos
1747 2834 1938 2897 porro
1968 2825 2230 2898 praestat
2266 2832 2399 2899 prae
2427 2812 2726 2877 manibus

135 2895 643 2961 adolescentium
691 2910 948 2972 ponere,
995 2902 1061 2955 ut
1104 2911 1160 2954 v.
1205 2911 1263 2973 g.
1308 2891 1540 2964 8131111,
1583 2896 1930 2971 Βαοσοητί,·
1973 2901 2052 2944 -’
2095 2898 2443 2970 Wiseman,
2473 2896 2562 2958 La
2597 2893 2728 2956 Fae

132 2977 342 3049 biola;
374 2974 911 3049 —Newman,La
939 2972 1424 3037 Calliam—lt.
1470 2992 1663 3054 opera
1709 2980 1922 3043 013313
1967 2979 2212 3041 clariss.
2261 2976 2617 3052 Bresciaui3
2649 3007 2726 3019 —

131 3059 383 3123 Lattare
425 3056 783 3131 cattolae'che,
824 3054 1356 3130 Lecture'amene,
1404 3072 1532 3118 ecc.
2205 3101 2214 3109 .
2479 3067 2486 3078 ¹

290 3139 383 3201 Ad
413 3153 545 3199 rem
573 3143 790 3198 orator
824 3133 1019 3197 David
1054 3137 1117 3197 13
1149 3134 1420 3215 quadam
1456 3135 1907 3214 Conferentia:
1954 3165 1976 3194 ι
2007 3139 2281 3228 Pigliate
2311 3154 2393 3200 un
2424 3150 2729 3198 romanzo

133 3219 468 3292 modern0‚
508 3215 948 3291 analizzatelo,
991 3215 1108 3278 che
1155 3232 1236 3277 ne
1280 3218 1486 3280 uscira
1532 3218 1717 3296 egli?
1760 3218 1869 3281 Cio
1915 3220 2032 3282 ebe
2077 3223 2138 3283 vi
2178 3222 2258 3283 ho
2290 3218 2494 3279 detto:
2527 3214 2571 3276 11
2602 3215 2728 3276 dis·

134 3303 355 3379 pregio
402 3298 503 3359 dei
551 3300 720 3361 santi
767 3295 1071 3371 costumi3
1120 3295 1173 3358 la
1215 3299 1708 3360 consacrazione
1740 3299 2259 3374 dell’adulterio;
2293 3299 2350 3362 la
2391 3296 2560 3360 virtu
2622 3311 2728 3375 po·

134 3383 319 3443 stain
349 3376 909 3442 ridicolo.Eccole
938 3377 1078 3440 idee
1109 3390 1227 3438 con
1261 3379 1359 3439 cui
1399 3378 1450 3438 si
1498 3377 1891 3443 alimentano
1936 3380 2031 3443 fra
2070 3384 2178 3443 301
2225 3381 2266 3444 11
2319 3382 2618 3457 giovane,
2673 3375 2731 3438 13

135 3478 343 3540 sposa,
391 3461 449 3521 13
495 3458 733 3532 madre,
778 3457 820 3518 il
868 3455 1177 3520 fanciullo
1248 3456 1617 3520 medesimo.
1681 3460 1761 3522 La
1829 3460 2054 3539 logica,
2123 3456 2732 3542 quest’inflessibile

135 3542 432 3613 divinita,
478 3553 603 3600 non
659 3536 938 3600 indietre
986 3539 1127 3617 gia:
1176 3537 1231 3599 la
1279 3553 1662 3602 corruzione
1706 3544 1968 3619 passera
2012 3542 2112 3603 dal
2165 3541 2333 3604 libro
2382 3539 2484 3602 nel
2521 3552 2734 3599 cuore.

134 3622 230 3685 Un
269 3622 490 3685 ulcere
533 3617 812 3679 scbifoso
856 3619 906 3678 si
984 3621 1261 3688 0113313,
1308 3619 1360 3679 si
1410 3618 1684 3682 dilatera
1735 3624 1800 3683 in
1840 3621 1997 3684 seno'
2031 3622 2454 3694 31133031313,
2486 3618 2530 3680 11
2567 3615 2761 3680 male.

139 3699 602 3783 giganteggera
645 3698 796 3775 ogni
841 3697 911 3759 di
954 3698 1080 3777 313,
1124 3714 1158 3758 3
1205 3698 1262 3759 13
1311 3699 1733 3777 prima-volta
1795 3702 1912 3764 cbe
1958 3719 2082 3764 una
2132 3718 2320 3766 mano
2366 3699 2736 3777 coreggiosa

135 3785 350 3847 levera
416 3788 638 3861 questo
696 3779 856 3854 velo,
900 3779 1007 3840 voi
1068 3777 1340 3840 andrete
1405 3785 1767 3857 spaveu'tati
1848 3781 1970 3845 3113
2018 3783 2250 3846 veduta
2290 3781 2350 3842 di
2385 3787 2604 3860 questa
2646 3783 2739 3841 iu-

135 3865 505 3929 caucrenita
556 3861 759 3938 piaga.
805 3884 827 3912 n
885 3857 1055 3919 Talis
1103 3859 1274 3920 inter
1318 3859 1537 3937 plures
1577 3860 1740 3924 alios
1784 3873 1884 3926 est
1956 3862 2119 3926 liber
2184 3861 2376 3925 bodie
2439 3875 2738 3939 expresse

136 3948 475 4010 damnatus
520 3942 867 4019 inscriptus
911 3940 1140 4001 Pastor
1179 3939 1379 4018 fidus:
1426 3940 1570 4003 talis
1615 3954 1733 4018 est,
1780 3945 1904 4005 imo
1950 3955 2014 4005 et
2062 3943 2486 4023 perniciosior
2558 3940 2732 4002 liber

135 4027 541 4090 Noveiiarum
582 4015 848 4083 Joannis
885 4020 1176 4082 Boccacci
1217 4020 1440 4099 (etiam
1478 4023 1583 4100 qui
1620 4021 1857 4085 dicitur
1891 4024 2355 4103 expurgatus);
2402 4022 2506 4083 bic
2556 4022 2738 4083 enirn

135 4118 358 4171 nostra
403 4101 661 4185 quidem
705 4103 1050 4171 sententia,
1102 4099 1241 4179 plus
1279 4099 1627 4178 ,iuvenibus
1673 4118 1912 4166 nocere
1990 4113 2226 4183 potest,
2293 4118 2482 4182 quam
2549 4116 2740 4181 opera

138 4188 403 4250 Lutberi
453 4195 517 4249 31
559 4183 851 4250 calvini:
896 4196 1085 4262 quem
1118 4181 1378 4259 quidem
1414 4186 1682 4262 ipsemet
1716 4194 1942 4246 auctor
1976 4184 2352 4264 reprobavit
2379 4184 2443 4245 in
2469 4182 2742 4260 quadam

135 4282 244 4330 sua
292 4265 574 4346 Epistola
621 4264 698 4328 ad
738 4262 1170 4338 mainardum,
1215 4269 1284 4323 31
1328 4263 1530 4325 refert
1594 4262 1673 4327 cl.
1739 4262 2070 4340 De-Luca,
2136 4263 2379 4328 Annali
2439 4262 2745 4349 reliyioai,

138 4356 182 4419 t,
224 4363 310 4409 xi.
356 4379 436 4391 —
494 4344 551 4407 V.
597 4345 885 4414 Tassoui.
927 4343 1233 4418 Pensieri,
1280 4342 1316 4403 1.
1360 4360 1471 4405 vn.
1512 4376 1591 4388 —-
1635 4342 1917 4422 Roberti,
1961 4345 2073 4409 Dei
2139 4347 2194 4409 ie
2238 4362 2381 4426 qere
2463 4341 2618 4406 libri
2678 4343 2746 4405 di

134 4427 592 4489 divertimento.
638 4460 711 4471 —
754 4425 945 4504 0333,
964 4424 1055 4486 La
1078 4424 1211 4498 ipro
1241 4420 1588 4487 baccatum
1609 4424 1886 4502 sepolcro
1919 4434 2157 4504 aperto.
2194 4363 2423 4504 garmi,
2458 4425 2632 4490 1841.
2655 4457 2734 4469 -

135 4507 397 4583 Tui-chi,
448 4505 684 4584 omelia
713 4509 885 4569 suita
930 4507 1169 4572 tenura
1208 4504 1310 4566 dei
1353 4504 1544 4566 libri:
1576 4506 1686 4568 ubi
1715 4515 1938 4570 contra
1985 4505 2128 4570 illos
2157 4509 2437 4569 maxime
2469 4505 2748 4582 insurgit

139 4592 246 4666 qui
315 4587 464 4650 ideo
528 4587 767 4667 legunt,
831 4589 977 4668 quia
1035 4600 1198 4664 opus
1242 4583 1636 4664 probibitu‘m
1681 4583 1920 4648 est.'-
1958 4584 2180 4668 Stapf,
2229 4586 2261 4666 ς
2306 4587 2444 4651 310.
2488 4617 2568 4635 ---
2610 4584 2744 4647 Ρ31-

139 4666 355 4738 113331,
398 4667 437 4730 Ῑ
475 4667 653 4732 Libri
693 4668 806 4731 rei.
2721 4675 2724 4680 ’
