3292 5167
1028 274 1106 321 na:
1155 272 1602 323 arsurem-lona
1641 274 1702 320 m
1749 274 1959 323 sraela
2674 260 2817 327 485

205 376 344 444 ium
392 376 480 444 sit
527 376 865 464 injustum,
918 379 1012 446 vel
1064 380 1117 447 si
1170 379 1384 451 media
1419 381 1793 449 necessaria
1845 380 1925 448 ad
1976 380 2192 463 vitam,
2235 379 2315 449 ad
2348 381 2628 451 salutem
2668 402 2811 453 non

205 483 548 567 haberent,
598 485 699 553 vel
746 487 799 553 si
838 484 1174 555 redeundo
1212 486 1615 573 grarissimis
1654 487 1865 573 poenis
1917 496 2141 559 essent
2192 489 2557 574 plectendi;
2610 510 2807 560 nemo

199 591 385 660 enim
437 576 920 663 ridetur'ultro
971 597 1176 663 teneri
1231 595 1463 665 iisdem
1514 615 1586 664 se
1634 595 1983 684 subjicere.
2170 664 2175 671 ,

302 700 421 782 Qui
474 720 629 770 vero
680 721 752 771 se
800 703 1186 772 locaverunt
1237 723 1355 791 pro
1409 705 1574 787 aliis,
1609 713 1677 773 et
1725 704 2025 775 militiam
2060 704 2202 771 sine
2237 722 2431 771 causa
2466 705 2805 797 deserunt,

199 814 522 876 tenentur
568 810 842 896 insuper
890 812 1175 896 pretium
1217 815 1567 881 restituere
1602 813 1683 894 ei,
1724 832 1757 878 a
1798 828 1931 897 quo
1975 811 2134 878 illud
2169 819 2605 897 acceperunt;
2653 814 2805 901 quia

201 932 341 982 non
391 915 514 982 fuit
563 916 908 999 tributum,
959 918 1082 985 nisi
1136 920 1261 987 sub
1310 936 1514 989 onere
1563 918 1839 987 militiae.
2432 962 2449 979 -

295 1017 512 1083 von.
563 1025 636 1104 Q.
688 1027 747 1092 4.
803 1025 965 1106 Quid
1009 1025 1081 1091 de
1125 1025 1272 1108 iltis,
1319 1027 1444 1117 qui‘
1473 1025 1718 1092 militiae
1782 1046 1847 1091 se
1915 1025 2287 1091 subtrahunt
2354 1026 2845 1111 ezr-emptionem-

195 1128 341 1195 sine
385 1132 551 1197 veris
595 1133 806 1199 causis
850 1133 1223 1200 obtinendo?
1609 1168 1612 1175 ›
2692 1184 2711 1205 .

299 1238 368 1304 R.
421 1238 543 1316 Qui
580 1240 876 1322 pecunia,
904 1226 1296 1308 seductione
1320 1247 1431 1311 aut
1467 1241 1881 1327 protectione
1915 1240 2339 1326 magistratus
2372 1240 2473 1309 vel
2510 1238 2803 1308 medicos

203 1353 677 1431 corrumpunt,
724 1346 802 1414 ad
847 1347 1337 1437 restitutionem
1368 1355 1716 1430 tenentur3
1767 1367 1914 1416 nam
1951 1349 2182 1419 morali
2217 1350 2502 1418 efficacia
2542 1353 2809 1417 movent

175 1458 272 1533 ‚et
338 1450 588 1521 directe
646 1454 948 1538 publicos
999 1455 1314 1524 officiales
1363 1455 1443 1523 ad
1489 1456 1907 1525 inserendum
1956 1456 2268 1526 damnum
2320 1458 2506 1526 alteri
2537 1463 2575 1539 ‚¹
2605 1456 2665 1524 ei
2713 1455 2800 1522 vi·

195 1549 446 1627 delicet
495 1564 605 1647 qui
656 1561 720 1629 in
776 1581 1007 1631 eorum
1058 1564 1204 1630 loco
1256 1564 1335 1631 ad
1385 1564 1684 1633 militiam
1732 1573 2004 1634 vocatus
2053 1566 2195 1648 suit,
2246 1567 2349 1635 cui
2394 1563 2671 1651 proinde
2706 1582 2807 1631 re·

195 1667 617 1737 stituendum
668 1679 788 1753 est.
838 1672 918 1737 Et
968 1669 1030 1737 in
1073 1670 1332 1741 defectu
1384 1672 1797 1757 corruptoris
1828 1727 1844 1753 ,
1896 1680 2211 1741 tenentur
2260 1675 2687 1758 magistratus
2735 1676 2802 1739 et

201 1774 468 1856 medici,
518 1795 667 1844 cum
721 1777 865 1863 ejus
917 1760 1248 1864 iniquitati
1302 1778 1657 1847 efficaciter
1704 1782 2043 1867 cooperati
2095 1783 2228 1848 sint
2277 1778 2325 1849 ¹.

299 1883 422 1964 Qui
473 1902 628 1952 vero
680 1885 1136 1953 tantummodo
1190 1886 1568 1969 mendaciis,
1620 1886 1981 1971 fraudibuS‚
2033 1907 2103 1955 se
2155 1887 2541 1970 mutilandO,
2605 1884 2801 1971 magi-

195 1996 457 2057 stratus
491 1989 830 2078 decipiunt
863 2000 928 2061 et
962 1993 1197 2077 legem,
1241 2010 1322 2061 an
1359 1994 1738 2079 obligentur
1771 1995 1851 2062 ad
1893 1995 2404 2078 restitutionem,
2441 1994 2816 2080 disputant:

193 2097 315 2164 alii
380 2099 747 2182 affirmant,
813 2102 964 2186 quia
1007 2102 1284 2187 juvenes
1333 2103 1619 2188 exempti
1664 2102 1773 2188 jus
1823 2102 2126 2171 strictum
2179 2102 2467 2185 babent,
2516 2121 2598 2170 ne
2648 2101 2800 2168 talia

197 2204 424 2273 media
472 2206 536 2272 in
589 2207 888 2293 ipsorum
946 2207 1405 2294 praejudicium
1454 2207 1909 2291 adhibeantur,
1963 2228 2109 2276 cum
2164 2209 2312 2278 ideo
2366 2211 2488 2294 ipsi
2539 2220 2805 2275 tenean-

125 2342 134 2348 ·
199 2319 322 2380 tur
390 2313 700 2382 militare.
771 2314 894 2405 Alii
950 2334 1104 2384 vero
1159 2323 1395 2401 negant
1444 2317 1652 2385 teneri
1705 2317 1800 2385 sic
1848 2317 2256 2402 decipientes
2307 2316 2388 2388 ad
2438 2315 2803 2384 restitutio-

200 2439 394 2494 nem:
455 2426 576 2491 etsi
640 2423 816 2492 enim
882 2433 1158 2511 peccent
1225 2431 1363 2491 tum
1413 2428 1476 2491 in
1528 2425 1789 2511 seipsos
1839 2444 1909 2494 se
1958 2426 2322 2495 mutilando
2372 2427 2514 2494 sine
2562 2440 2800 2504 causa,

199 2536 351 2617 tum
402 2537 629 2598 contra
666 2530 993 2617 ,iustitiam
1043 2530 1318 2619 legalem
1370 2532 1694 2617 gubernio
1746 2551 1875 2601 non
1928 2533 2323 2612 obediend0,
2358 2551 2430 2600 ac
2465 2524 2806 2617 ideo'gra·

196 2637 476 2705 vissime
541 2639 901 2725 puniantur
948 2641 1026 2705 ²:
1073 2644 1227 2707 inon
1278 2647 1494 2708 tamen
1540 2630 1847 2708 videntfir
1891 2642 2096 2710 teneri
2140 2642 2221 2708 ad
2269 2640 2802 2720 restitutionem,

197 2744 363 2833 quia
415 2765 546 2814 non
596 2746 949 2816 efficaciter
995 2748 1279 2815 influunt
1329 2747 1391 2814 in
1441 2746 1605 2815 alios
1641 2748 1994 2831 vocandoS,
2045 2750 2162 2817 sed
2197 2749 2417 2817 solum
2457 2748 2521 2815 in
2556 2767 2629 2816 se
2670 2746 2805 2845 exi-

195 2852 486 2919 mendo:
560 2852 862 2939 deceptio
932 2857 1102 2922 enim
1175 2854 1422 2924 directe
1483 2873 1558 2922 ac
1610 2872 1728 2940 per
1774 2875 1849 2945 ss
1895 2875 2026 2924 non
2079 2855 2332 2924 inducit
2378 2854 2802 2939 magistratus

191 2958 292 3027 ad
357 2959 522 3027 alios
586 2960 1078 3029 adscribendos
1135 2964 1362 3049 Neque
1411 2962 1463 3030 si
1515 2960 2143 3048 deprehenduntur,
2194 2962 2341 3033 ideo
2392 2963 2455 3030 in
2508 2964 2804 3047 ipsorum

201 3067 365 3135 ioco
441 3068 747 3154 appellati
820 3068 1279 3153 dimittuntur,
1332 3071 1431 3140 vel
1482 3069 1699 3156 aliqua
1749 3070 2206 3156 compensatio
2258 3072 2625 3157 imponitur
2671 3068 2801 3136 illis

193 3190 236 3240 a
298 3172 770 3260 deceptoribus
818 3176 1185 3245 tribuenda.

302 3280 634 3367 Quidquid
682 3283 788 3369 sit,¹
843 3283 905 3351 in
946 3285 1124 3370 praxi
1164 3303 1294 3353 non
1331 3286 1602 3374 praestat
1642 3284 1828 3354 valde
1860 3302 2096 3371 urgere
2122 3286 2425 3371 JuveneS,
2468 3282 2585 3370 qui
2614 3283 2799 3351 hisce

191 3384 718 3476 deceptionibus
765 3410 800 3458 a
847 3393 1079 3461 militia
1129 3412 1199 3462 se
1249 3395 1561 3478 liberant3
1598 3395 1899 3482 plerique
1933 3395 2108 3463 enim
2142 3394 2468 3480 ignorant,
2505 3410 2576 3461 se
2624 3404 2811 3462 com-

194 3496 475 3563 mittere
524 3496 933 3582 injustitiam,
983 3508 1048 3568 et
1083 3518 1228 3567 raro
1281 3502 1511 3569 moniti
1550 3480 2113 3587 obtemperarent3
2152 3501 2613 3587 relinquantur
2644 3514 2804 3584 ergo

151 3602 270 3669 ,in
325 3601 591 3670 illorum
639 3604 810 3673 bona
857 3603 1007 3673 fide.
1061 3608 1336 3691 Gousset,
1367 3612 1683 3697 ipsomet,
1732 3611 1928 3696 Gury,
1982 3616 2085 3676 etc
2134 3601 2186 3678 ⁸.
2350 3602 2353 3607 ’

293 3742 480 3807 Plura
527 3746 731 3825 quoad
781 3751 1031 3826 praxim
1076 3749 1154 3812 de
1200 3750 1437 3816 militia
1484 3768 1554 3816 ac
1596 3750 1911 3816 militibus
1955 3750 2089 3814 Lib.
2136 3768 2227 3825 ιν,
2274 3749 2550 3829 Append.
2591 3747 2690 3811 37.

267 3985 292 4026 ¹
328 3987 410 4035 An
442 3987 619 4038 autem
655 3991 926 4052 acceptam
959 4000 992 4039 a
1023 3988 1303 4042 seductore
1333 3991 1616 4053 pecuniam
1688 3992 1858 4042 ossint
1890 3991 2112 4042 retinere
2141 3987 2327 4039 medici
2352 3989 2406 4039 et
2435 3986 2797 4059 magistratus»,

193 4049 518 4111 negandum
550 4052 836 4114 autequam
871 4050 1203 4103 seductorem
1238 4052 1533 4104 invalidum
1589 4003 1683 4104 adp
1708 4053 1949 4103 militiam
2000 4049 2425 4110 declaraverint,
2475 4060 2597 4099 cum
2653 4057 2801 4100 enum

185 4112 515 4162 contractus
546 4113 615 4162 sit
649 4111 713 4164 de
745 4114 832 4165 tur
871 4114 906 4173 i,
942 4114 1122 4165 irritus
1157 4116 1248 4166 est.
1288 4117 1443 4166 Facta
1476 4116 1653 4165 autom
1690 4114 2049 4165 declaratione
2083 4111 2443 4171 fraudulenta,
2479 4111 2786 4161 controver-

195 4174 338 4225 titur
351 4183 366 4234 ;
399 4177 741 4226 communius
776 4190 807 4226 a
872 4180 1045 4228 rmant
1078 4179 1354 4240 acceptum
1393 4190 1550 4241 posse
1583 4178 1795 4228 retineri
1829 4189 1897 4229 ex
1931 4176 2085 4227 dictis
2119 4187 2170 4225 n.
2208 4175 2320 4225 393.
2407 4235 2417 4245 ·

268 4234 296 4274 ἱ
329 4234 628 4307 Alii-legem
665 4238 862 4290 militioe
894 4238 991 4301 legi
1029 4240 1348 4292 tributorum
1381 4240 1715 4304 aequiparant
1746 4241 1799 4289 et
1848 4240 1963 4300 pari
2014 4237 2173 4287 modo
2231 4244 2582 4307 quaestionem
2632 4233 2804 4305 resor-

193 4301 382 4348 vnnt:
418 4311 462 4347 ει
491 4300 635 4350 enim
672 4300 874 4353 tributa
897 4304 1024 4353 sunt
1053 4300 1310 4353 sotvenda
1342 4302 1409 4353 ad
1442 4300 1761 4352 sustinenda
1793 4311 1963 4353 onera
1993 4302 2158 4359 regni,
2214 4298 2406 4368 unilt-tes
2455 4297 2582 4369 suut
2625 4294 2799 4347 dandt

194 4360 276 4409 ad
309 4359 435 4410 illuct
474 4362 748 4412 tuendum.
782 4365 875 4415 Est
906 4366 1062 4428 quast
1094 4365 1431 4416 contractus:
1466 4364 1693 4415 societas
1731 4362 1921 4414 milites
1956 4362 2142 4413 tribuit
2172 4360 2223 4412 et
2262 4370 2504 4430 princeps
2533 4369 2658 4419 jura
2699 4368 2792 4430 qo·
2860 4394 2866 4399 -

187 4425 321 4474 stra
354 4424 555 4475 tuetur:
591 4435 752 4487 porro
785 4429 876 4490 qui
909 4426 1196 4479 commoda
1225 4428 1384 4478 sentit
1415 4429 1466 4478 et
1499 4423 1845 4477 incommoda
1876 4426 2140 4475 sustinere
2173 4421 2353 4472 debet:
2391 4432 2482 4484 qul
2509 4422 2692 4472 autem
2720 4430 2804 4471 m·

192 4484 408 4535 servire
434 4483 643 4548 debeat,
674 4486 826 4539 illum
861 4499 969 4541 non
1069 4500 1353 4541 rsonarum
1387 4489 1642 4551 acceptio,
1680 4486 1770 4539 sed
1805 4498 1923 4540 sors
1957 4487 2223 4548 desimam
2258 4485 2337 4534 est
2379 4495 2503 4547 ergo
2556 4484 2789 4546 (conclu-

199 4545 365 4607 dunt)
399 4548 583 4598 stricta
614 4548 870 4612 obligatio
887 4551 944 4613 ju
1019 4553 1122 4603 ttae.
1392 4573 1405 4585 ·
2390 4606 2401 4617 .

273 4609 296 4648 ⁸
334 4627 352 4650 ι
390 4608 498 4659 ebe
529 4621 590 4660 se
621 4614 706 4672 poi
739 4613 805 4675 gl‘
818 4614 978 4675 impie
1013 4615 1085 4666 ati
1112 4613 1195 4665 del
1225 4625 1459 4673 governo
1489 4612 1733 4674 sapendo
1763 4612 1861 4663 ebe
1893 4622 1968 4662 un
2000 4608 2165 4667 padre
2198 4606 2253 4658 dt
2278 4606 2513 4669 iamlglia
2535 4605 2795 4679 potrebbe

193 4671 466 4732 spondere
507 4686 535 4723 e
591 4672 689 4722 dar
723 4677 837 4725 loro
872 4687 978 4739 qua
1001 4679 1097 4728 che
1149 4675 1548 4729 considet-evole
1581 4677 1778 4737 regam,
1813 4675 1861 4726 si
1894 4681 2243 4725 mostrassero
2275 4674 2576 4731 ripuguanu
2614 4680 2807 4719 arico·

198 4742 433 4785 noscere
480 4734 497 4784 i
547 4728 704 4798 giusti
751 4739 935 4789 motivi
965 4741 1066 4791 ebe
1094 4750 1282 4791 avesse
1314 4739 1350 4790 il
1384 4740 1542 4804 agno,
1604 4753 1633 4789 e
1683 4751 1788 4791 cun
1840 4737 2123 4789 manifesta
2172 4734 2469 4800 iugi-isuaia
2522 4732 2803 4783 vole-wera

305 4815 574 4900 Scavmt,
629 4821 953 4906 Theoloyia
1002 4828 1126 4890 ete.
1177 4825 1248 4891 Τ.
1307 4825 1378 4891 ll.
2537 4817 2614 4887 31
