3292 5167
568 185 700 269 658
1234 221 1350 266 ιω.
1400 220 1464 265 ιι.
1511 221 1724 267 Timor.
1774 216 1899 266 vm.
1947 220 2099 266 mse.
2148 221 2187 265 1.
2234 220 2365 266 car.
2413 221 2491 265 ιν.

571 341 868 411 peccare,
917 320 1031 409 qui
1079 340 1159 390 ex
1202 322 1343 390 sola
1392 322 1778 391 curiositate
1833 322 1994 390 tales
2044 321 2250 391 libros
2300 322 2552 408 legunt,
2604 321 2662 389 si
2712 321 2831 408 (ob
2904 325 3156 388 aetatem

563 438 973 518 provectam,
1023 430 1551 516 complexionem
1601 430 1923 516 frigidam,
1972 436 2085 497 aut
2126 429 2679 499 consuetudinem
2714 427 2796 497 de
2829 428 3038 496 rebus
3067 444 3155 496 ve-

561 539 781 607 nereis
830 536 1178 624 tractandi)
1228 555 1423 622 grave
1472 537 1845 624 periculum
1886 543 2069 608 certo
2119 554 2252 605 non
2302 538 2662 606 incurrant.
3122 554 3143 569 ·

739 645 805 711 2⁸
850 644 975 712 Alii
1022 652 1175 712 sunt
1225 638 1370 713 libri
1428 661 1688 712 amores
1738 644 1956 712 licitos
2006 642 2104 711 vel
2152 643 2426 713 illicitos
2493 627 2978 722 describenteS,
3056 639 3155 725 qui

564 750 645 818 ad
688 750 1027 819 libidinem
1075 751 1356 836 graviter
1416 768 1554 819 non
1608 749 1924 834 excitant,
1973 768 2095 820 nec
2142 769 2380 820 sensus
2424 740 3030 832 commovent,'nec
3062 765 3157 833 pe-

563 859 771 927 riculo
822 858 1094 928 notabili
1144 867 1503 944 exponunt,
1552 867 1625 927 ut
1659 865 1816 927 sunt
1850 859 2076 927 multae
2126 857 2490 945 tragoediae,
2526 855 2876 927 comoediae
2911 856 3157 942 aliaque

562 958 891 1054 poemata.
945 966 1067 1047 Qui
1116 966 1381 1034 secluso
1432 967 1612 1052 gravi
1669 967 1966 1053 periculo
2018 975 2084 1035 et
2130 966 2414 1034 aliorum
2461 964 2792 1047 scandalo,
2838 962 3154 1051 eiusmodi

562 1071 770 1141 libros
820 1090 899 1140 ex
949 1070 1090 1139 sola
1139 1070 1523 1140 curiositate
1593 1071 1849 1157 legunt,
1924 1070 2296 1140 mortaliter
2353 1084 2484 1138 non
2548 1076 2843 1156 peccant.
2895 1068 2964 1136 Si
3016 1082 3156 1135 vero

564 1181 651 1248 ob
701 1196 965 1248 causam
1013 1177 1392 1263 legitimam,
1426 1176 1506 1244 ad
1535 1177 1950 1261 discendam,
2004 1176 2086 1245 ad
2133 1176 2607 1264 acquirendam
2655 1182 2768 1245 aut
2822 1174 3159 1261 perficien-

563 1286 714 1355 dam
758 1286 1204 1372 eloquentiam
1252 1284 1316 1352 id
1363 1285 1619 1368 faciant,
1673 1284 2036 1355 nullimode
2100 1293 2393 1372 peccant.
2461 1286 2769 1354 Attamen
2818 1283 2873 1351 si
2926 1289 3160 1368 agatur

563 1393 644 1462 de
677 1393 1143 1462 ecclesiasticis
1180 1411 1327 1461 raro
1363 1390 1738 1463 istiusmodi
1793 1393 2060 1463 lectioni
2096 1410 2321 1462 vacare
2347 1399 2633 1480 possunt
2680 1391 2826 1459 sine
2861 1397 3153 1477 peccato:

564 1502 696 1588 qui,
746 1502 1168 1587 experientia
1217 1508 1416 1584 teste,
1482 1501 1636 1569 huic
1685 1502 1890 1570 semel
1936 1500 2305 1587 indulgent,
2365 1508 2431 1567 et
2479 1499 2691 1568 officia
2740 1498 3015 1585 propria
3058 1515 3157 1565 ne·

562 1610 833 1695 giigunt,
874 1615 939 1678 et
988 1607 1135 1676 aliis
1184 1607 1495 1676 scandalo
1534 1616 1723 1689 sunt3
1767 1626 1916 1677 nam
1949 1609 2100 1679 inde
2139 1606 2417 1678 toedium
2454 1605 3146 1694 pietatis,*studiorum

562 1715 926 1801 neglectUS,
980 1716 1292 1784 extinctio
1343 1698 1617 1802 spiritus
1667 1716 2123 1798 ecclesiastici,
2176 1724 2301 1785 etc.

651 1823 773 1904 Qui
822 1829 1042 1890 autem
1091 1821 1452 1908 praedictos
1502 1823 1710 1893 libros
1761 1843 1890 1892 non
1944 1824 2227 1909 graviter
2289 1823 2649 1892 obscoenos
2719 1825 3147 1906 componunt,

561 1948 742 2016 saepe
810 1930 1181 1999 mortaliter
1249 1940 1559 2016 peccant3
1612 1933 1767 2017 quia
1816 1931 2042 1999 multis
2093 1931 2395 2018 praebent
2460 1929 2883 1999 occasionem
2934 1929 3151 2009 minat,

560 2036 704 2106 sine
750 2037 1006 2104 ratione
1061 2036 1436 2106 sufficienti.
1485 2040 1630 2106 Non
1681 2039 1769 2106 ita
1825 2055 2092 2123 semper
2162 2038 2445 2123 graviter
2515 2053 2790 2123 peccare
2862 2032 3154 2101 videntur

562 2146 675 2232 qui
726 2163 841 2214 eos
912 2143 1203 2214 vendunt
1225 2171 1244 2226 3
1311 2161 1462 2213 cum
1533 2146 1750 2229 enim,
1823 2147 2010 2214 multi
2083 2163 2200 2215 eos
2270 2146 2522 2232 absque
2578 2148 2852 2230 peccato
2919 2141 3141 2209 saltem

558 2252 822 2321 mortali
882 2252 1101 2337 legere
1163 2252 1444 2337 possint,
1496 2270 1576 2320 eo
1629 2252 1776 2338 ipso
1828 2260 2127 2322 ementes
2198 2252 2485 2339 supponi
2559 2255 2845 2337 possunt
2918 2247 3148 2316 habere

551 2360 798 2447 justam
844 2377 1109 2428 causam
1157 2362 1323 2428 tales
1373 2361 1579 2429 libros
1631 2361 1916 2430 emendi.
1964 2364 2137 2447 Ergo
2202 2362 2532 2441 librariuS‚
2585 2357 2696 2446 qui
2746 2376 2867 2427 eos
2915 2364 3139 2443 peten-

559 2468 736 2537 tibus
785 2467 1005 2536 vendit
1055 2486 1204 2536 cum
1254 2467 1678 2551 discretione,
1734 2469 2090 2555 inquietari
2141 2488 2273 2538 non
2324 2467 2541 2537 debet.
2592 2466 2883 2534 Bouvier.

648 2574 863 2641 939.
916 2580 987 2658 Q.
1040 2579 1141 2644 102
1189 2579 1292 2646 An
1340 2579 1516 2645 liceat
1587 2578 1856 2646 dominis
1929 2577 2339 2664 hospitiorum
2407 2575 2622 2661 (vulgo
2692 2573 2878 2655 caffe,
2948 2571 3147 2651 bazar,

558 2683 885 2767 trattorie)
932 2684 1169 2768 quoevis
1210 2684 1369 2769 folia
1406 2685 1662 2770 publica
1706 2684 2045 2772 hospitibus
2090 2682 2347 2770 leyenda
2389 2681 2723 2748 eoehibere?

645 2790 716 2857 R.
767 2791 930 2857 Cum
981 2791 1189 2874 Gury:
1269 2799 1552 2876 possunt
1625 2791 1860 2877 utique
1929 2789 2244 2859 exhibere
2291 2805 2442 2875 quae
2492 2785 2577 2856 de
2622 2786 2822 2854 rebus
2874 2780 3151 2870 politicis

561 2902 863 2979 tractant,
915 2915 1036 2965 nec
1085 2895 1388 2964 videntur
1436 2898 1645 2967 teneri
1697 2898 1781 2966 ad
1826 2895 2257 2983 rejiciendum
2323 2895 2567 2981 folium,
2630 2891 2904 2980 aliquod
2955 2911 3035 2959 ex
3080 2907 3152 2957 eo

558 3003 738 3091 quod
787 3004 1116 3073 interdum
1166 3005 1413 3091 aliquid
1461 3008 1683 3074 minus
1730 3015 1984 3075 rectum
2037 3004 2260 3092 quoad
2329 3002 2737 3087 Religionem
2788 2999 2889 3069 vel
2940 3014 3153 3066 mores

557 3112 911 3180 contineat.
942 3115 1131 3181 —At
1174 3111 1521 3183 admittere
1557 3133 1686 3183 non
1723 3120 2003 3201 possunt
2035 3130 2128 3196 ea,
2171 3129 2322 3198 quae
2371 3110 2725 3193 evidenter,
2774 3108 3051 3186 directe,
3094 3111 3157 3172 et

556 3217 887 3287 ordinarie
957 3227 1115 3287 sunt
1191 3219 1513 3305 Religioni
1565 3227 1630 3289 et
1681 3220 2012 3289 moribus·
2054 3219 2344 3302 adversa,
2394 3235 2471 3286 ac
2518 3216 2668 3285 ideo
2715 3234 2797 3285 ex
2854 3214 3155 3301 professo

556 3334 621 3394 et
661 3326 1016 3396 intrinsece
1067 3328 1253 3410 mala,
1298 3328 1615 3396 insidiosa
1667 3337 1733 3397 et
1781 3328 2201 3411 subversiva3
2248 3325 2503 3396 etiamsi
2540 3330 2891 3411 propterea
2927 3320 3155 3407 hospi-

554 3440 656 3502 tes
705 3432 801 3500 ad'
835 3433 1018 3519 ipsos
1069 3434 1406 3504 confluere
1454 3434 1780 3504 desinant.
1828 3435 2064 3520 Agitur
2110 3434 2193 3503 de
2241 3433 2482 3502 damno
2550 3430 2965 3518 gravissimo,
3019 3426 3156 3514 spi-

557 3540 776 3609 rituali
824 3559 898 3610 ac
947 3540 1253 3627 publico:
1305 3542 1479 3612 unde
1529 3540 1820 3629 publicae
1893 3560 2127 3612 eorum
2198 3540 2532 3609 diffusioni
2606 3538 2952 3624 cooperari
3027 3552 3156 3604 non

550 3647 728 3731 licet,
800 3665 1198 3735 quacunque
1274 3649 1358 3718 de
1408 3668 1638 3733 causa;
1690 3651 1816 3719 boc
1868 3651 2043 3719 enim
2093 3668 2225 3718 non
2293 3656 2541 3716 tantum
2588 3652 2688 3717 est
2738 3662 2992 3734 ponere
3041 3660 3155 3713 oc-

557 3755 893 3825 casionem
949 3753 1099 3821 mali
1152 3756 1319 3841 (rem
1381 3775 1618 3843 nempe
1668 3756 1749 3826 de
1797 3775 1869 3825 se
1918 3774 2050 3826 non
2100 3755 2331 3824 stricte
2400 3753 2955 3842 peccaminosam‚
3029 3766 3155 3837 qua

553 3870 774 3932 tamen
832 3862 997 3930 alter
1063 3862 1396 3931 abusurus
1465 3863 1923 3950 praevidetur);
1974 3861 2092 3932 sed
2139 3863 2335 3933 etiam
2389 3860 2467 3929 ad
2515 3860 2763 3928 malum
2811 3858 2881 3927 in
2930 3876 3009 3927 se
3058 3856 3157 3926 di-

552 3978 732 4041 recte
780 3970 1063 4039 allicere.
1112 3972 1320 4038 Porro
1370 3971 1423 4039 si
1478 3971 1642 4039 illud
1689 3972 1979 4060 primum
2012 3989 2092 4039 ex
2126 3970 2189 4040 d.
2228 3971 2481 4040 Thoma
2530 3975 2753 4056 potest
2799 3965 3158 4053 aliquando

553 4098 700 4149 esse
762 4078 1017 4146 licitum
1082 4076 1164 4144 ad
1226 4079 1603 4148 evitandum
1679 4080 2023 4167 proprium
2094 4080 2409 4148 damnum
2431 4104 2450 4161 3
2524 4093 2864 4162 nunquam
2936 4083 3159 4142 tamen

552 4186 917 4258 secundum
968 4203 1162 4270 agere
1210 4187 1610 4271 permissum
1663 4196 1783 4255 est.

640 4298 861 4361 94⁰.
916 4295 987 4373 Q.
1040 4294 1142 4357 Η.
1188 4292 1287 4359 Ad
1329 4294 1478 4378 quid
1521 4306 1762 4361 tenetur
1805 4296 1913 4379 qui
1959 4295 2136 4362 habet
2182 4293 2373 4360 libros
2411 4290 2799 4379 prohibitos?

641 4400 709 4467 R.
755 4400 948 4465 Juxta
997 4397 1255 4466 Bullam
1300 4399 1456 4468 Julii
1506 4402 1594 4468 111
1645 4402 1800 4477 Cum
1838 4400 2176 4483 meditatio,
2213 4406 2280 4468 et
2320 4396 2886 4467 constitutionem
2936 4394 3036 4464 Pii
3073 4394 3157 4463 lv

549 4505 865 4572 Dominici
907 4507 1133 4592 precis,
1187 4515 1452 4575 tenetur
1497 4509 1610 4594 qui
1661 4508 1861 4578 habet
1909 4508 2116 4577 libros
2167 4504 2540 4594 prohibitos
2597 4502 2959 4589 cuiuslibet
3006 4518 3158 4588 spe·

551 4610 697 4693 ciei,
749 4627 865 4678 eos
913 4612 1037 4679 sub
1087 4612 1483 4682 obedientiae
1551 4624 1913 4701 praecepto,
1964 4613 2112 4683 ideo
2161 4616 2286 4683 sub
2335 4613 2534 4700 gravi,
2592 4610 2853 4680 tradere
2913 4626 3157 4697 quam·
