3292 5167
997 262 1081 307 nn
1127 263 1572 309 nesriru‘riomz
1620 262 1687 310 m
1732 265 1941 314 spacia
2597 245 2603 251 ’
2654 246 2791 314 533
2854 287 2861 298 ,

171 386 426 438 summa
469 367 698 434 totalis.
746 369 962 435 Porro
1011 367 1068 434 si
1118 365 1370 435 domini
1425 368 1662 437 incerti
1713 375 1888 452 sunt,
1938 385 2015 436 ea
2063 367 2399 442 restitutio
2439 371 2564 439 sub
2609 373 2786 455 gravi

173 473 470 547 facienda
517 482 617 542 est
653 473 1087 561 ,pauperibus
1136 484 1248 542 ant
1296 475 1461 544 locis
1511 475 1658 562 piiS,
1701 475 1886 562 juxta
1958 484 2435 563 praesumptam
2482 477 2790 547 videlicet

167 584 599 654 dominorum
649 582 1061 651 voluntatem
1113 590 1160 651 1.
1211 583 1278 651 Si
1330 601 1483 652 vero
1532 583 1783 653 domini
1832 584 1994 653 certi
2055 584 2209 666 sint,
2278 591 2437 652 tunc
2506 586 2786 672 singulis

166 710 291 761 sua
337 689 557 776 portio
607 690 735 758 sub
786 690 963 774 gravi
1014 689 1366 758 tribuenda
1415 699 1538 773 est,
1587 691 1642 758 si
1695 690 1919 777 portio
1970 691 2253 776 singulis
2296 692 2507 759 ablata
2559 712 2680 778 per
2712 711 2786 763 se

171 798 512 868 materiam
579 814 842 881 gravem
891 796 1297 879 constituat;
1348 817 1470 867 nec
1517 799 1707 867 fieret
1753 798 1916 866 satis
1970 815 2087 884 per
2133 798 2593 884 eleemosynas
2647 801 2784 886 jam

179 906 452 974 tributas
499 903 602 971 vel
651 904 1059 987 tribuendae,
1109 922 1263 974 cum
1312 923 1418 974 res
1468 906 1706 973 clamet
1755 905 1836 972 ad
1883 922 2080 972 suum
2129 904 2492 973 dominum.

266 1010 425 1092 Quid
470 1011 731 1097 (addes)
779 1013 837 1079 si
872 1013 1110 1096 sinquti
1154 1012 1398 1079 domini
1440 1032 1570 1079 non
1609 1013 1737 1080 sint
1780 1014 2063 1098 graviter
2105 1012 2546 1098 damnificati?

183 1119 320 1186 Etsi
370 1118 585 1187 adbuc
631 1120 918 1186 dominis
968 1119 1080 1204 qui
1130 1119 1633 1205 dignoscuntur,
1706 1119 2005 1188 videatur
2073 1119 2371 1188 facienda
2439 1119 2780 1188 restitutio

167 1226 353 1313 juxta
404 1226 700 1310 regulam
749 1221 1144 1311 generalem,
1199 1227 1378 1313 quod
1430 1245 1668 1314 nempe
1700 1246 1808 1296 res
1850 1227 2167 1314 quaelibet
2210 1228 2346 1296 sive
2382 1244 2596 1313 parva,
2635 1230 2775 1297 sive

174 1333 400 1417 ingens
471 1332 597 1415 sit,
666 1352 932 1420 semper
994 1335 1236 1403 clamet
1303 1334 1384 1403 ad
1440 1334 1830 1418 dominum3
1895 1335 2330 1404 nihilominus
2396 1336 2782 1420 Alphonsus

178 1448 411 1508 noster
459 1449 650 1526 putat
699 1442 1109 1527 probabilius
1157 1460 1308 1511 cum
1358 1442 1502 1511 aliis
1550 1442 1789 1525 doctiS,
1840 1460 2011 1529 quos
2063 1441 2420 1526 consuluit,
2463 1460 2595 1510 non
2636 1461 2788 1528 pec-

169 1564 319 1615 care
367 1549 653 1632 graviter
701 1549 812 1634 qui
862 1549 1248 1619 restitueret
1319 1551 1725 1636 pauperibus
1776 1550 1949 1632 loci3
2011 1568 2161 1618 nam
2209 1550 2315 1617 fur
2360 1550 2425 1617 in
2475 1567 2555 1619 eo
2627 1568 2785 1618 casu

175 1673 303 1723 non
355 1655 581 1723 intulit
628 1655 943 1724 damnum
991 1675 1186 1742 grave
1233 1657 1540 1741 dominiS,
1590 1657 1709 1726 sed
1759 1657 2189 1742 reipublicae:
2241 1658 2384 1725 baec
2421 1674 2579 1725 vero
2640 1673 2782 1725 me-

166 1762 295 1828 rito
345 1763 785 1848 praesumitur
834 1783 966 1833 non
1017 1766 1106 1831 ita
1153 1783 1304 1833 esse
1351 1764 1634 1850 graviter
1680 1765 1902 1846 invita,
1953 1764 2010 1831 si
2045 1765 2445 1832 restituatur
2481 1764 2782 1849 partibus

165 1869 369 1956 magis
431 1870 879 1957 indigentibus
930 1871 1343 1959 reipublicae.
1392 1873 1557 1941 Hinc
1596 1872 1751 1941 licet
1798 1872 2417 1940 communissimum
2451 1871 2556 1956 sit,
2601 1871 2784 1957 quod

172 1976 532 2044 tabernarii
582 1996 703 2064 pro
753 1977 1025 2046 minutis
1073 1978 1267 2047 furtis
1317 1996 1436 2064 per
1483 1997 1554 2047 se
1617 1978 1992 2064 loquendo,
2075 1979 2356 2046 debeant
2426 1978 2782 2047 restituere

168 2067 447 2164 civibiis,
497 2085 607 2170 qui
663 2084 950 2151 minutas
1001 2102 1254 2153 merces
1307 2084 1388 2152 ab
1437 2085 1598 2172 ipsis
1664 2092 1970 2153 emerunt
2001 2111 2019 2166 ;
2093 2093 2493 2153 excusantur
2563 2093 2780 2154 tamen
2899 2173 2905 2179 .

165 2205 201 2254 a
248 2191 416 2274 gravi
479 2189 672 2276 culpa
721 2207 800 2258 ex
849 2189 1023 2258 dicta
1104 2191 1382 2273 ratione,
1432 2191 1488 2259 si
1537 2191 1717 2277 quod
1771 2191 2062 2259 ablatum
2112 2198 2214 2260 est
2284 2191 2422 2259 sive
2491 2207 2612 2277 per
2655 2195 2780 2259 Pa-

165 2297 456 2365 rochum
504 2298 616 2384 qui
673 2316 952 2366 suorum
1002 2298 1430 2383 indigentiam
1480 2299 1682 2382 novit,
1732 2300 1870 2367 sive
1919 2299 2108 2366 aliter
2153 2299 2219 2366 in
2268 2316 2592 2384 pauperes
2628 2298 2777 2381 loci,

169 2404 276 2472 ubi
323 2405 504 2473 fui-ta
553 2413 958 2487 evenerunt,
1009 2406 1376 2475 diffundere
1423 2415 1678 2503 curent,
1731 2407 1830 2475 vel
1878 2406 1945 2473 in
1995 2406 2123 2473 alia
2167 2423 2368 2491 opera
2415 2405 2609 2472 eidem
2650 2406 2779 2474 loco

174 2511 356 2579 utilia
402 2513 764 2580 insumant.
798 2515 941 2580 Imo
989 2513 1190 2582 etiam
1237 2532 1273 2580 a
1325 2513 1555 2581 veniali
1607 2514 2147 2595 excusabuntur,
2199 2513 2253 2579 si
2324 2510 2392 2578 id
2465 2520 2778 2597 suggerat

180 2620 590 2689 rationabilis
653 2620 871 2705 aliqua
937 2638 1153 2703 causa,
1206 2629 1364 2706 puta
1411 2619 1465 2689 si
1514 2628 1746 2706 urgeat
1795 2619 2157 2689 necessitas
2224 2636 2612 2705 pauperum,
2675 2615 2777 2686 vel

183 2726 397 2812 aliqua
447 2727 711 2796 infamia
761 2727 1092 2796 timeatur.

179 2883 184 2890 .
263 2834 567 2903 Diximus
616 2835 812 2902 eidem
856 2836 1004 2919 loco,
1054 2835 1166 2904 ubi
1219 2852 1456 2921 nempe
1511 2834 1826 2902 damnum
1895 2834 2152 2901 illatum
2212 2842 2315 2900 est
2346 2858 2364 2914 ;
2432 2851 2583 2900 nam
2649 2832 2777 2901 etsi

175 2958 313 3008 non
360 2942 893 3028 improbabiliter
938 2943 1139 3029 aliqui
1190 2950 1524 3025 censeant,
1575 2941 1754 3027 quod
1799 2940 2133 3010 restitutio
2184 2940 2326 3008 fieri
2369 2940 2582 3026 possit
2622 2956 2780 3025 pau·

173 3050 441 3132 peribus
503 3051 962 3136 cujuscunque
1032 3051 1180 3129 loci,
1231 3050 1284 3117 si
1326 3048 1688 3118 defraudati
1758 3049 2102 3144 pauciores
2180 3048 2314 3114 sint
2385 3047 2572 3133 (puta
2641 3054 2778 3116 tres

176 3166 291 3224 aut
341 3158 676 3244 quatuor),
728 3157 813 3224 ita
865 3166 937 3225 ut
984 3177 1090 3228 res
1139 3177 1271 3226 non
1321 3158 1409 3227 ita
1461 3156 1928 3225 verosimiliter
1974 3155 2061 3222 sit
2108 3162 2389 3222 ventura
2442 3156 2510 3222 in
2542 3171 2778 3223 manus

173 3263 421 3347 proprii
472 3261 720 3331 domini
737 3289 755 3343 3
804 3270 1091 3332 attamen
1147 3262 1770 3331 communissimum
1804 3267 1906 3328 est
1939 3266 2004 3328 et
2038 3259 2451 3328 suadendum
2508 3259 2775 3328 restitue

169 3366 424 3438 'tionem
472 3368 835 3437 faciendam
883 3388 1032 3437 esse
1081 3369 1337 3437 civibus
1383 3368 1564 3436 illius
1617 3367 1766 3449 loci,
1816 3367 1926 3435 ubi
1972 3365 2154 3433 fraus
2220 3365 2574 3434 commissa
2622 3372 2774 3445 est3

175 3475 331 3560 quia
381 3494 534 3544 cum
583 3476 866 3544 existant
915 3476 1228 3544 damnum
1277 3475 1453 3563 passi
1503 3481 1574 3544 et
1619 3475 1842 3561 aliquo
1893 3473 2094 3542 modo
2149 3472 2422 3558 cogniti,
2458 3473 2539 3541 iis
2573 3489 2782 3558 quan·-
2818 3523 2845 3550 .

177 3589 322 3650 tum
370 3582 511 3652 fieri
563 3591 781 3668 potest
832 3582 1146 3650 damnum
1193 3581 1611 3668 compensari
1663 3580 1858 3654 debet
1891 3606 1911 3662 ;
1946 3580 2183 3648 saltem
2222 3580 2367 3648 haec
2402 3587 2505 3647 est
2543 3593 2778 3648 eorum

171 3698 586 3775 praesumpta
633 3689 958 3770 voluntas,
1009 3701 1081 3756 ut
1127 3689 1462 3757 restitutio
1509 3688 1622 3756 fiat
1675 3687 1960 3774 propriis
2008 3686 2266 3755 civibus
2314 3686 2366 3755 ².

259 3796 467 3864 ⁸204·
518 3803 590 3878 Q.
638 3800 698 3865 6.
750 3796 914 3878 Quid
958 3796 1030 3862 de
1074 3797 1172 3878 iic,
1219 3797 1328 3881 qui
1373 3796 1548 3883 liqna
1593 3797 1664 3863 in
1704 3797 1888 3884 sylva
1931 3794 2409 3863 communitatis
2452 3791 2742 3860 credunt?

261 3905 332 3972 R.
383 3905 653 3974 Certum
702 3912 804 3971 est
852 3903 1328 3970 communitati
1364 3903 1635 3972 cuilibet
1675 3902 1771 3970 fas
1808 3918 1958 3970 esse
1992 3902 2079 3971 ob
2119 3901 2369 3969 bonum
2425 3897 2766 3983 publicum

173 4010 310 4078 sub
355 4010 575 4098 aliqua
625 4027 818 4097 poena
867 4017 1107 4093 vetare,
1141 4028 1225 4078 ne
1257 4009 1408 4095 quis
1462 4011 1635 4095 ligna
1671 4009 1737 4076 in
1771 4027 1891 4076 sua
1924 4008 2105 4093 sylva
2141 4005 2378 4089 caedat,
2411 4002 2774 4074 dummodo

167 4116 443 4186 aliunde
490 4118 797 4205 oppidani
851 4118 1110 4203 possint
1158 4118 1284 4187 sibi
1335 4117 1686 4187 commode
1734 4116 2109 4202 providere.
2160 4118 2292 4184 Hac
2341 4118 2563 4181 tamen
2612 4128 2775 4197 pro-

171 4222 505 4294 bibitione
553 4225 719 4308 data,
775 4226 1220 4295 communiter
1274 4224 1520 4293 docent
1589 4241 1744 4293 cum
1812 4223 2167 4304 Bonacina‚
2225 4219 2552 4318 Fiiliucio,
2602 4220 2771 4305 Lay-

168 4347 406 4424 mano,
444 4335 648 4420 Lugo,
700 4333 956 4417 molina,
1006 4332 1666 4413 salmanticensibuS,
1721 4330 2016 4398 Sancbez
2067 4335 2132 4398 et
2181 4329 2368 4411 Soto,
2423 4326 2605 4413 quod
2639 4343 2778 4396 non

239 4556 262 4598 ¹
295 4558 380 4609 Ex
416 4560 560 4613 Decr.
597 4560 634 4612 G
734 4597 768 4623 .‚
802 4560 838 4611 l.
871 4571 924 4620 v,
962 4561 1002 4612 t.
1036 4571 1133 4611 xix
1165 4560 1236 4611 De
1269 4571 1437 4619 mur„
1473 4567 1521 4608 c.
1553 4560 1603 4607 5.
1637 4553 1955 4607 Distributio
1986 4552 2102 4607 fleri
2131 4553 2285 4605 debet
2308 4549 2789 4617 pauperibusioci.

166 4617 268 4671 nbi
301 4620 452 4672 iaesio
481 4622 620 4674 iacta
651 4635 708 4674 es
734 4660 748 4684 ‚
784 4623 830 4673 si
865 4622 1239 4675 verosimiliter
1272 4622 1516 4685 speretur
1552 4630 1635 4669 res
1670 4617 1739 4669 ad
1774 4618 2025 4670 dominos
2059 4617 2397 4682 perventura.
2426 4625 2437 4632 ·

237 4682 262 4722 ²
303 4681 356 4733 V.
391 4684 618 4745 Lignori,
655 4686 821 4737 Homo
857 4686 1056 4748 Apost„
1093 4685 1241 4737 tract.
1276 4696 1333 4745 x,
1370 4694 1422 4735 n.
1457 4685 1549 4744 Ξὸς
1585 4682 1638 4734 et
1674 4680 1764 4744 Op.
1798 4680 1953 4742 Mona,
1987 4679 2024 4732 1.
2066 4691 2142 4741 ui,
2178 4690 2270 4729 nn.
2307 4680 2403 4732 595
2435 4678 2490 4731 et
2519 4675 2628 4728 534.

281 4766 549 4850 Scnvint,
605 4768 929 4853 Theoloqia
979 4776 1102 4837 etc.
1154 4771 1225 4837 Τ.
1276 4768 1352 4835 Π.
2517 4760 2601 4826 34
