3292 5167
577 171 710 238 254
1296 189 1416 237 ιιιι.
1465 187 1531 237 ιι.
1577 190 1788 238 ruer.
1834 188 1914 238 vt.
1960 189 2108 238 mss.
2156 185 2221 237 ιι.
2273 188 2406 237 cn.
2453 186 2496 236 1.

522 314 843 385 -possesso
910 305 1047 362 non·
1080 289 1205 380 ριιό
1274 292 1686 380 oltrepassare
1729 312 1818 360 im
1883 313 2053 362 anno
2099 292 2505 382 conmutabile
2558 290 2666 361 dal
2730 292 2956 380 piot-no
3005 290 3176 360 delia

564 422 686 470 sm
726 413 922 469 morte
967 401 1116 487 (art.
1161 400 1345 486 806).
1395 401 1556 481 Quae
1597 400 1935 487 possessio
2000 418 2133 470 non
2210 399 2302 469 illi
2367 399 2775 483 conceditur,
2826 406 2899 468 ut
2966 399 3173 470 bonis

568 507 1054 595 ipsistruatur,
1104 505 1225 575 sed
1254 513 1328 574 ut
1377 511 1586 574 tutam
1634 505 1863 576 reddat
1905 506 2316 577 solutionem
2360 507 2731 593 legatorum
2780 506 3173 589 mobilium3

565 613 743 684 unde
787 612 844 681 si
891 614 1106 683 haeres
1151 612 1294 700 ipse
1342 630 1417 681 ea
1462 612 1694 695 solvat,
1737 613 1886 682 talis
1936 614 2273 700 possessio
2320 612 2545 683 statim
2591 620 2828 684 cessat.

742 724 802 789 2.
851 721 954 791 Gli
999 721 1295 789 esecutori
1321 722 1750 789 testamentari
1791 720 2068 807 faramw
2114 740 2382 811 appot-re
2429 721 2455 790 i
2499 721 2716 808 siqilli,
2767 720 3018 807 quando
3057 721 3176 808 fra

560 827 654 916 qli
697 828 864 897 erodi
922 827 986 896 vi
1030 828 1199 896 simo
1265 826 1520 909 minori,
1566 826 1879 894 interdetti
1922 847 1959 895 o
2030 828 2265 896 assenti
2308 827 2389 894 od
2431 848 2521 895 tm
2577 847 2765 918 corpo
2826 827 3070 895 morale
3121 823 3173 902 Ἴ.

559 938 861 1005 Faronuo
893 935 1169 1003 stendere
1215 934 1607 1004 l'inventario
1640 933 1739 1002 dei
1785 934 1922 1002 beni
1953 934 2331 1003 dell’eredit&
2351 931 2354 936 ⁴
2378 931 2447 1002 in
2490 953 2802 1022 presenza
2846 932 3176 1001 deli'erede

556 1054 872 1130 presumo,
919 1062 955 1110 o
1000 1041 1154 1128 dopo
1196 1040 1406 1107 averio
1452 1039 1658 1109 citam.
1708 1042 1853 1108 Non
1899 1039 2216 1108 essendovi
2245 1039 2489 1107 donaro
2538 1040 2817 1107 bastante
2857 1058 2972 1126 per
3016 1037 3172 1106 sod-

559 1150 797 1238 disfare
841 1151 866 1218 i
912 1150 1118 1237 leyati,
1165 1149 1442 1236 saratino
1479 1148 1728 1216 istanza
1769 1167 1888 1237 per
1934 1148 1996 1215 la
2027 1146 2275 1216 vendita
2319 1145 2420 1215 dei
2464 1147 2697 1214 mobili.
2761 1146 3172 1232 Viyileranno

556 1258 777 1345 perche
820 1257 869 1324 il
912 1266 1271 1324 testamento
1337 1256 1438 1323 sia
1481 1256 1768 1341 esequito,
1814 1254 1890 1323 ed
1955 1254 2026 1322 in
2069 1273 2213 1322 caso
2276 1252 2344 1321 di
2404 1252 2824 1321 controversia
2892 1270 3172 1339 possono

558 1364 931 1432 intervenire
976 1364 1045 1430 in
1088 1361 1365 1453 qiudizio
1405 1379 1522 1449 per
1584 1374 1936 1430 sostenerne
1984 1361 2048 1429 la
2094 1360 2376 1430 validae.
2426 1360 2676 1448 Spirato
2725 1360 2937 1426 Panno
2982 1358 3172 1426 dalla

512 1483 753 1542 ·m0rte
811 1470 909 1537 del
952 1480 1257 1553 testatore,
1326 1468 1558 1537 devono
1619 1468 1847 1537 render
1903 1480 2083 1537 conto
2145 1468 2308 1535 dello
2373 1469 2505 1536 loro
2573 1467 3173 1535 amministrazione

559 1577 710 1663 (art.
763 1579 898 1645 908
953 1582 1018 1645 et
1065 1575 1282 1662 seqq.)
1797 1653 1804 1662 ,

735 1686 796 1752 3.
843 1687 917 1753 Se
960 1684 1025 1750 vi
1067 1703 1217 1751 sono
1253 1680 1373 1771 piz't
1415 1683 1713 1750 esemori
1771 1680 2197 1749 testamentari
2240 1681 2349 1749 che
2393 1682 2604 1748 hanno
2647 1690 2943 1747 accettato
2967 1732 2985 1762 ,
3034 1699 3167 1747 mo

553 1792 684 1860 solo
722 1790 850 1879 pud
917 1790 1093 1878 aqire
1131 1791 1201 1857 in
1245 1809 1600 1858 mancanza
1667 1788 1833 1876 deyli
1875 1789 2029 1857 altri
2050 1814 2077 1868 ‚·
2140 1808 2248 1855 ma
2293 1808 2443 1855 sono
2490 1786 2686 1856 tenuti
2757 1788 2828 1854 in
2871 1786 3078 1854 solido
3124 1806 3167 1853 a

553 1901 777 1967 render
821 1909 997 1967 conto
1043 1898 1141 1965 dei
1185 1898 1323 1965 beni
1369 1898 1580 1964 mobili
1628 1897 1761 1965 loro
1806 1896 2062 1985 officiati,
2109 1895 2343 1984 purch&
2386 1894 2438 1961 il
2481 1906 2772 1962 testatore
2816 1914 2946 1961 non
2977 1896 3164 1962 abbia

552 2006 753 2075 divise
792 2008 845 2073 le
910 2007 1040 2073 loro
1084 2004 1394 2091 funzioni,
1442 2023 1475 2071 e
1543 2005 1838 2071 ciascuno
1885 2003 1952 2070 di
1996 2004 2119 2071 essi
2160 2022 2290 2070 non
2334 2001 2493 2070 siasi
2537 2002 2816 2069 ristretto
2862 2021 2905 2069 a
2950 2002 3164 2089 quella

561 2114 673 2182 che
716 2114 807 2201 qli
850 2115 925 2199 fu
969 2112 1292 2179 attribuito
1339 2111 1489 2198 (art.
1537 2113 1724 2196 910).
3261 2109 3262 2112 ’

639 2218 844 2282 387.
897 2220 970 2300 Q,
1021 2222 1081 2286 7.
1135 2216 1448 2299 Quomodo
1493 2217 1659 2284 cadit
1704 2228 2133 2285 testamentum
2155 2216 2188 2284 9

643 2330 714 2395 R.
766 2324 1170 2395 Testamenti
1219 2324 1553 2394 caducitas
1600 2322 2060 2410 multipliciter
2104 2324 2472 2413 contingit:

728 2434 798 2517 a)
849 2434 945 2501 Ex
996 2438 1180 2517 parte
1227 2430 1605 2501 testamenti
1656 2431 1756 2500 vel
1804 2431 1948 2517 eius
1997 2431 2266 2517 objecti,
2294 2433 2350 2501 si
2400 2451 2640 2520 nempe
2674 2431 2840 2501 iliud
2891 2431 3155 2500 deficiat

554 2538 618 2604 in
667 2537 877 2605 forma
926 2536 1366 2619 substantiali,
1402 2535 1502 2605 vel
1537 2554 1644 2605 res
1672 2535 1810 2623 ipsa
1845 2536 2182 2606 testatoris
2209 2538 2499 2625 perierit,
2526 2540 2625 2608 vel
2652 2539 2935 2608 alienata
2959 2538 3158 2607 tuerit

555 2645 708 2729 (art.
757 2646 909 2727 804,
957 2644 1140 2729 893).

728 2751 793 2834 b)
841 2753 937 2818 Ex
985 2756 1170 2835 parte
1217 2747 1524 2832 haeredis,
1587 2748 1641 2817 si
1691 2765 1931 2835 nempe
1979 2747 2122 2836 ipse
2177 2750 2653 2818 renuntiaverit
2701 2749 2806 2819 vel
2857 2767 2994 2818 non
3047 2767 3157 2816 su-

550 2856 904 2944 pravixerit
953 2855 1254 2924 testatori
1282 2881 1301 2936 3
1350 2855 1449 2925 vel
1520 2856 1799 2943 incapax
1848 2856 1939 2924 sit
1987 2856 2070 2923 ad
2117 2855 2632 2941 succedendum,
2681 2856 2806 2944 etsi
2879 2863 3153 2925 vocatus

549 2965 746 3034 fuerit
795 2983 913 3052 per
966 2963 1393 3050 interpositas
1443 2981 1762 3052 personas
1789 2989 1808 3046 3
1856 2969 2053 3047 esset,
2101 2974 2159 3033 v,
2211 2982 2289 3050 g„
2339 2964 2395 3033 si
2446 2964 2657 3033 Titius
2700 2970 2894 3042 vocet
2943 2964 3153 3031 haere-

553 3070 704 3141 dem
753 3072 983 3157 cajum
1032 3071 1155 3139 sub
1204 3078 1398 3157 pacto
1468 3077 1544 3139 ut
1592 3076 1852 3139 secreto
1925 3070 2380 3140 haereditatem
2429 3072 2677 3139 tribuat
2749 3069 3149 3157 Sempronio

548 3177 840 3264 incapaci
892 3182 1123 3264 utpote
1171 3174 1540 3246 adulterino
1568 3202 1587 3258 3
1633 3176 2048 3262 interpositas
2098 3195 2404 3264 personae
2453 3184 2610 3246 sunt
2657 3185 2866 3265 pater,
2917 3184 3147 3259 mater,

548 3284 981 3354 ascendentes
1030 3290 1094 3351 et
1143 3284 1381 3369 conjux
1439 3283 1651 3368 ipsius
1717 3282 2033 3369 incapaci.
2065 3283 2435 3371 Aliquando
2484 3273 2707 3353 tanfen
2757 3282 3147 3371 praemortui

548 3395 613 3459 et
678 3390 1022 3476 incapaces
1071 3395 1636 3475 repraesentantur
1685 3406 1765 3456 ex
1813 3389 1981 3458 civili
2010 3390 2160 3477 Jure
2195 3391 2276 3460 ab
2320 3408 2553 3460 eorum
2585 3388 3147 3459 descendentibus

550 3497 703 3581 (art.
775 3498 937 3578 890,
976 3498 1127 3578 891,
1177 3495 1357 3582 764).

723 3604 788 3687 c)
833 3606 927 3670 Ex
976 3609 1160 3688 parte
1205 3603 1575 3671 testatoris:
1613 3640 1703 3653 —
1738 3604 1803 3689 Ι)
1851 3602 1907 3671 si
1955 3621 2036 3672 ex
2084 3604 2228 3690 lege
2272 3605 2417 3691 ipse
2464 3606 2738 3693 incapax
2786 3606 2875 3675 sit
2923 3605 3004 3674 ad
3049 3613 3146 3674 te·

548 3709 876 3790 standum,
917 3730 972 3775 v.
1014 3727 1094 3793 g.,
1130 3708 1182 3776 si
1219 3708 1514 3776 nondum
1548 3705 1795 3776 annum
1841 3708 2176 3778 decimum
2213 3719 2516 3779 octavum
2555 3713 3144 3799 compleverit3—

551 3817 622 3903 2)
672 3816 727 3885 si
778 3824 1082 3901 tempore
1129 3815 1379 3883 conditi
1427 3816 1804 3885 testamenti
1855 3834 1988 3885 non
2039 3825 2226 3886 erant
2281 3818 2340 3887 ei
2391 3817 2505 3886 filii
2541 3815 2665 3886 ‘aut
2738 3817 3145 3889 descenden-

547 3930 669 4007 tes,
718 3923 817 3993 vel
868 3923 1211 4010 ignorabat
1257 3941 1329 3992 se
1376 3923 1663 4005 habere;
1743 3922 1862 3993 sed
1908 3942 2134 3994 revera
2205 3925 2444 3995 existat
2491 3927 2612 4006 ‚vel
2683 3926 2775 3994 ilii
2827 3947 3142 4014 superve-

552 4031 691 4098 niat
737 4031 912 4098 filius
962 4038 1074 4098 aut
1122 4028 1534 4099 descendens
1585 4029 1739 4116 (etsi
1790 4037 2169 4116 postumus,
2225 4049 2466 4118 nempe
2520 4045 2660 4121 post
2714 4034 2979 4101 humum
3023 4051 3142 4103 sen

552 4137 958 4224 sepulcrum,
1007 4137 1072 4206 id
1142 4145 1244 4207 est
1312 4145 1504 4205 natus
1554 4145 1705 4223 post
1768 4145 2053 4206 mortem
2101 4139 2354 4225 patris),
2408 4140 2741 4225 legitimus
2811 4143 2911 4210 vei
2987 4142 3143 4230 legi-

547 4245 815 4313 timatus
894 4244 991 4313 vel
1060 4245 1454 4333 adoptivus,
1526 4244 1639 4332 qui
1712 4250 1932 4315 tamen
2002 4264 2137 4316 non
2186 4249 2651 4334 praemoriatur
2722 4250 3036 4321 testatori
3111 4250 3140 4294 ²

609 4491 851 4551 bonoad
888 4492 1039 4553 sigini
1076 4490 1464 4557 appositionem
1496 4490 1618 4543 vide
1654 4492 1773 4543 cod.
1806 4504 1951 4556 proc.
1981 4494 2098 4554 civ„
2133 4497 2232 4546 art.
2265 4497 2379 4550 847.

607 4555 632 4595 ι
669 4574 690 4597 «
729 4555 845 4604 Non
879 4553 1107 4606 avrebbe
1135 4555 1260 4619 pero
1290 4555 1449 4617 luogo
1481 4555 1533 4604 la
1567 4553 1901 4607 rivocazione
1932 4555 2157 4618 qualora
2211 4558 2245 4608 n
2300 4561 2550 4612 testatore
2602 4571 2791 4613 avesse
2841 4562 2927 4613 nei
2987 4564 3138 4618 testa·

546 4621 726 4670 mento
762 4616 1051 4679 preveduto
1084 4616 1133 4666 a!
1166 4627 1294 4666 caso
1324 4615 1423 4667 che
1454 4617 1768 4667 eststessero
1798 4628 1833 4668 o
1865 4618 2300 4678 sept-evenissem
2355 4621 2458 4682 flgii
2493 4634 2527 4674 o
2559 4622 2891 4676 discendenti
2925 4623 2999 4676 da
3030 4628 3134 4680 essi
