3292 5167
511 187 648 254 390
1534 210 1648 253 ue.
1696 210 1760 255 ti.
1809 209 2020 255 rucr-
2066 208 2146 254 vt.

516 310 691 385 dum,
742 310 968 388 partim
1016 309 1398 373 invalidum:
1443 310 1726 375 validum
1794 318 2109 391 quatenus
2154 311 2361 375 liaeres
2407 310 2741 375 institutus
2785 319 3002 390 potest
3034 314 3105 375 vi

518 390 694 454 illius
738 390 1182 453 haereditatem
1230 392 1408 455 adire
1452 400 1520 454 et
1550 394 1852 467 retinere,
1896 391 2100 454 donec
2132 407 2243 471 per
2286 391 2677 454 sententiam
2715 390 2960 469 judicis
3004 408 3097 456 re·

519 471 892 545 scindatur;
957 471 1315 534 invalidum
1373 481 1691 565 quatenus
1756 474 1962 535 baeres
2025 472 2104 534 ab
2166 472 2469 535 intestato
2535 478 2742 551 potest
2784 487 2865 535 ex
2937 473 3109 552 legis

520 550 832 614 beneficio
875 568 1066 628 agere
1105 554 1170 613 in
1211 552 1457 630 judicio
1501 552 1578 614 ad
1614 551 1790 615 illius
1834 552 2307 628 rescissionem,
2350 561 2415 615 et
2457 566 2530 614 ea
2575 551 2964 619 rescissione
2998 553 3105 634 ob·

522 640 716 706 tenta,
749 641 881 693 tuto
928 632 1369 695 baereditatem
1399 648 1710 712 occupare
1753 643 1820 696 et
1849 634 2151 695 retinere.
2184 632 2275 694 Ex
2309 649 2434 712 quo
2480 640 2654 710 patet
2686 632 2902 709 etiam,
2932 632 3103 712 quod

522 720 640 774 etsi
688 711 1033 773 babeamus
1078 712 1430 788 meliorem,
1471 729 1544 775 ac
1591 722 1790 776 tutam
1836 713 2271 785 conditionem
2304 712 2712 792 possidentis,
2753 713 2965 777 adhuc
3010 723 3099 777 ta·

525 808 670 855 men
721 801 924 870 potest
968 792 1348 856 beneficium
1396 792 1556 872 legis
1602 794 1811 856 civilis
1858 794 2164 856 invocari.

604 870 668 933 Si
727 890 879 935 vero
945 873 1150 935 liaeres
1215 875 1503 936 testatori
1568 874 1953 937 moribundo
2020 873 2418 953 promisisset
2477 890 2544 935 se
2612 881 3111 949 testamentum,

525 952 775 1014 etiamsi
824 951 1070 1015 nullum
1117 953 1300 1029 foret,
1345 953 1622 1016 fideliter
1666 964 2084 1017 executurum
2128 969 2288 1029 esse,
2335 954 2740 1032 promissioni
2787 969 2919 1015 suae
2967 968 3107 1033 pro·

527 1032 627 1119 cul
675 1032 867 1094 dubio
911 1041 1080 1095 stare
1123 1033 1389 1097 deberet
1421 1051 1498 1097 ex
1544 1033 1854 1097 fidelitate
1898 1044 1962 1097 et
1993 1033 2410 1112 probabiliter
2453 1050 2531 1097 ex
2570 1034 2844 1113 iustitia,
2886 1032 2966 1095 ob
3004 1049 3106 1113 pe-

532 1113 821 1176 titionem
869 1112 1155 1176 defuncti
1201 1117 1302 1177 cui
1348 1118 1641 1177 assensit.
1690 1114 1890 1194 Gury,
1936 1115 2147 1178 Collet.
3010 1130 3019 1135 ’

611 1192 831 1255 Dices:
865 1194 1063 1256 eodem
1109 1195 1280 1257 modo
1323 1195 1426 1257 lew
1467 1197 1862 1274 pronuntiat,
1910 1197 2156 1259 nullum
2196 1211 2326 1255 esse
2372 1200 2814 1256 testamentum
2855 1191 2958 1254 cui
2999 1208 3094 1255 re·

527 1274 802 1352 quisiti'ae
842 1275 1066 1336 desunt
1118 1274 1562 1355 fermentatas,
1625 1294 1744 1355 quo
1787 1277 1957 1338 modo
2011 1276 2388 1355 pronuntiat
2428 1275 2676 1338 nulium
2736 1290 2865 1335 esse
2920 1279 3109 1336 testa·

528 1362 799 1415 mentum
842 1353 1009 1416 inter
1034 1372 1331 1433 personas
1360 1355 1674 1418 inhabiles
1704 1358 2038 1432 conditum,
2081 1362 2197 1418 aut
2226 1356 2599 1435 permissam
2631 1352 2929 1418 bonorum
2958 1369 3099 1433 por-

531 1433 755 1496 tionem
789 1436 1123 1497 excedens:
1166 1453 1310 1516 erqo
1341 1436 1434 1498 vei
1477 1437 1542 1498 iu
1579 1446 1842 1517 utroque
1869 1455 2044 1507 casu,
2076 1435 2171 1499 vel
2195 1444 2419 1498 neutro
2451 1441 2891 1499 testamentum
2928 1433 3109 1496 istud

526 1530 643 1593 pro
683 1514 823 1594 foro
866 1516 1112 1578 interno
1152 1526 1248 1578 est
1287 1518 1583 1580 validum.

613 1592 681 1656 R.
724 1595 894 1674 Nego
926 1614 1200 1676 conseq..·
1239 1599 1340 1659 liic
1371 1599 1655 1675 genuina
1694 1596 2077 1677 legislatoris
2112 1596 2389 1660 intentio
2418 1593 2765 1675 quaerenda
2796 1603 2925 1655 est:
2957 1607 3109 1655 nam

532 1674 756 1738 eadem
817 1692 942 1737 non
991 1675 1112 1738 suit
1174 1680 1239 1739 in
1287 1688 1556 1757 utroque
1612 1694 1764 1741 casu
1808 1676 2197 1757 legislatoris
2261 1679 2552 1740 intentio.
2598 1673 2864 1748 Quando
2930 1674 3107 1734 enim

532 1757 835 1818 statuitur
865 1756 1110 1835 aliquas
1147 1775 1450 1837 personas
1493 1776 1631 1821 esse
1670 1758 2010 1833 inhabiles,
2051 1768 2161 1821 aut
2198 1758 2452 1820 nonnisi
2491 1756 2569 1819 ad
2606 1755 3105 1816 determinatam

537 1846 778 1914 partem
806 1835 910 1914 jus
955 1836 1212 1911 habere,
1249 1847 1397 1901 tunc
1429 1838 1765 1901 manifesta
1813 1847 1912 1902 est
1946 1838 2334 1917 legislatoris
2369 1837 2660 1899 voluntas
2689 1834 3112 1896 decernentis

535 1916 698 1994 quod
749 1915 907 1993 bona
941 1916 1040 1978 vel
1086 1917 1257 1980 nulla
1290 1922 1575 1994 omnine,
1623 1919 1720 1981 vel
1760 1920 2015 1982 nonnisi
2063 1935 2203 1982 cum
2237 1919 2379 1980 data
2406 1917 2791 1979 limitatione
2823 1913 2901 1976 ad
2940 1915 3109 1976 lianc

542 1995 639 2058 vel
678 1996 851 2058 illam
900 2014 1232 2075 personam
1277 1998 1552 2062 debeant
1595 2001 1890 2062 transire.
1935 1999 1983 2060 E
2024 2010 2246 2062 contra
2279 2014 2431 2059 vero
2473 1998 2578 2061 ubi
2627 1995 2706 2075 de
2753 1994 3105 2057 formalita-

542 2076 710 2138 tibus
744 2079 1068 2155 requisitis
1107 2079 1544 2142 tantummodo
1573 2085 1804 2158 agitur,
1835 2090 2075 2142 certum
2109 2089 2206 2141 est
2237 2077 2670 2157 legislatorem
2704 2074 2875 2137 nolle
2908 2075 3107 2154 impe·

540 2155 681 2219 dire
726 2173 806 2218 ne
851 2158 1009 2220 bona
1055 2158 1132 2221 ad
1180 2176 1486 2238 personas
1530 2160 1896 2239 designatas
1943 2168 2311 2229 transeant,
2373 2156 2690 2237 siquidem
2737 2170 3104 2234 supponun-

542 2244 644 2299 tur
687 2236 967 2309 habiles,
1021 2251 1084 2301 et
1126 2239 1386 2302 aliunde
1430 2243 1638 2319 portio
1683 2258 1717 2303 a
1763 2241 1903 2319 lege
1968 2241 2334 2320 praescripta
2395 2248 2797 2302 reservatur:
2843 2251 2999 2313 ergo
3044 2234 3108 2297 id

541 2330 735 2379 unuin
782 2318 1093 2393 intendit,
1153 2320 1397 2384 scilicet
1440 2322 1877 2384 determinare
1931 2333 1994 2383 et
2038 2322 2366 2399 assignare
2412 2319 2652 2393 media,
2723 2316 2954 2395 quibus
2996 2332 3095 2377 vo-

540 2395 753 2460 luntas
799 2402 1121 2462 testatoris
1164 2401 1329 2479 apud
1370 2401 1619 2480 judices
1661 2412 1957 2464 constare
2002 2400 2226 2464 valeat.
2273 2400 2505 2473 Porro,
2555 2399 2621 2460 in
2666 2396 3116 2475 suppositione

540 2488 780 2553 nostra,
803 2479 1097 2542 voluntas
1129 2486 1453 2544 testatoris
1482 2482 1839 2544 certissime
1875 2491 2143 2556 constat,
2181 2481 2330 2543 licet
2360 2479 2640 2558 juridice
2672 2479 2805 2556 ipsa
2848 2475 3107 2555 probari

541 2568 831 2636 nequeat.
890 2584 911 2614 ι
948 2561 1161 2623 Dietro
1194 2560 1317 2625 tale
1348 2571 1734 2625 sentimento
1778 2562 1897 2642 (ait
1925 2560 2193 2625 Gousset
2222 2563 2425 2639 juxta
2468 2559 2628 2622 lianc
2674 2559 2929 2621 tertiam
2970 2572 3107 2619 seu·

541 2639 837 2719 tentiam)
883 2640 926 2700 il
958 2641 1289 2704 donatario
1321 2659 1356 2704 o
1404 2642 1446 2704 il
1477 2642 1787 2720 legatario
1831 2644 1947 2705 clie
1978 2645 2013 2704 3
2046 2645 2109 2704 in
2143 2658 2430 2721 possesso
2462 2638 2630 2717 degli
2658 2639 2898 2717 oggetti
2951 2652 2984 2698 a
3018 2634 3109 2699 lui

541 2717 757 2781 donati
791 2738 826 2780 o
866 2721 1055 2799 legati
1101 2738 1285 2784 senza
1331 2738 1661 2785 osservare
1696 2723 1755 2785 le
1802 2723 2119 2786 formalita
2159 2722 2495 2802 prescritte
2522 2717 2689 2783 dalla
2728 2718 2831 2796 leg
2879 2733 2937 2792 e,
2985 2718 3114 2796 puo

541 2802 931 2862 conservarit
984 2802 1046 2863 in
1093 2803 1299 2865 sicura
1347 2806 1693 2866 coscienza.
1741 2803 1834 2865 Ma
1881 2803 1968 2881 gli
2013 2802 2191 2866 eredi
2228 2803 2330 2865 del
2364 2802 2645 2864 donante
2689 2816 2725 2861 o
2769 2799 2848 2861 de
2921 2804 3086 2860 testa

541 2886 679 2941 tore
725 2898 992 2958 possono
1036 2882 1440 2960 egualmente
1487 2888 1545 2945 in
1594 2888 1921 2947 coscienza
1956 2886 2238 2946 ricusare
2283 2883 2712 2960 d’adempiere
2744 2878 2805 2942 le
2847 2877 3111 2955 disposi-

540 2961 713 3021 zioni
762 2961 861 3022 del
910 2962 1044 3023 loro
1091 2972 1333 3041 autore,
1379 2963 1645 3028 iacendo
1690 2966 1827 3028 cioe
1891 2964 2232 3027 annullare
2280 2963 2323 3026 il
2384 2969 2765 3025 testamento
2820 2974 2855 3021 o
2923 2956 3115 3020 l’atto

541 3038 608 3102 di
645 3041 767 3101 tale
811 3041 1185 3106 donazione.
1227 3069 1249 3099 ι

617 3119 817 3180 587.
852 3121 1123 3185 Casus
1152 3120 1547 3205 praeficit
1598 3149 1621 3179 ι
1652 3123 1727 3203 a)
1755 3124 1849 3186 Un
1888 3124 2181 3199 Parroco,
2212 3139 2295 3187 un
2327 3122 2695 3184 confessore
2725 3115 3122 3193 consultatu,

544 3215 611 3262 se
637 3202 686 3262 si
722 3217 900 3279 possa
935 3204 1000 3265 in
1032 3205 1361 3269 coscienza
1410 3207 1659 3269 ricever
1689 3204 1857 3283 dagli
1884 3205 2062 3269 eredi
2088 3204 2188 3267 del
2218 3212 2519 3267 testatore
2548 3216 2583 3263 o
2608 3213 2996 3263 conservare
3024 3214 3113 3260 un

544 3278 753 3358 legato
796 3299 831 3343 o
869 3300 992 3346 una
1026 3286 1382 3349 donazione
1418 3284 1589 3350 nulla
1623 3302 1736 3365 per
1765 3285 1933 3349 vizio
1968 3286 2031 3348 di
2079 3285 2302 3361 forma,
2337 3281 2710 3363 rispondera
2743 3280 2862 3342 che
2894 3279 3018 3370 ben
3056 3279 3111 3370 si

551 3361 696 3451 pue.
740 3360 827 3423 Lo
871 3374 1069 3427 stesso
1114 3364 1344 3430 Codice
1377 3366 1437 3430 lo
1482 3369 1830 3442 riconosce,
1875 3367 2101 3446 poiche
2136 3381 2261 3428 non
2312 3370 2625 3445 permette
2660 3360 2786 3438 agli
2833 3358 3013 3423 eredi
3047 3356 3114 3420 di

545 3439 998 3507 ridomandare
1030 3447 1127 3507 cio
1158 3447 1275 3510 che
1313 3449 1526 3510 banno
1557 3445 2132 3511 volontariamente
2164 3455 2415 3526 pagato,
2460 3456 2574 3524 per
2616 3439 3117 3529 adempiemssn

546 3519 758 3583 simile
804 3521 1034 3602 legato,
1084 3542 1205 3589 una
1253 3528 1609 3591 donazione
1652 3528 1771 3590 che
1815 3543 1942 3591 non
1988 3526 2157 3589 fosse
2200 3526 2490 3589 rivestita
2556 3520 2727 3586 delle
2774 3526 3119 3599 prescritte

546 3598 866 3665 formalita
906 3604 1150 3684 (Codeoe
1195 3605 1470 3688 Gallim).

593 3705 646 3774 ,ι
706 3680 742 3747 b
817 3683 1184 3751 Consultato
1214 3689 1381 3770 dagli
1408 3689 1609 3763 eredi,
1648 3704 1716 3752 se
1758 3704 1916 3751 sono
1949 3686 2254 3766 obbligati
2301 3686 2366 3748 in
2413 3684 2740 3748 coscienza
2786 3681 2848 3744 di
2896 3680 3116 3772 adem·

547 3779 684 3843 pire
755 3782 789 3825 e
823 3766 1078 3831 volonta
1123 3769 1247 3832 ben
1291 3775 1544 3849 cognite
1572 3768 1676 3834 del
1725 3776 2047 3851 testatore,
2088 3767 2133 3829 li
2178 3763 2562 3846 consigliera
2606 3762 2687 3827 ad
2733 3757 3117 3842 adempirle,

546 3860 583 3907 o
629 3843 691 3905 di
742 3854 1005 3909 trattare
1048 3848 1564 3914 all'amicbevole
1608 3849 1706 3913 col
1753 3850 2081 3927 legatario.
2110 3847 2203 3912 Ma
2234 3847 2477 3911 evitera
2513 3845 2575 3907 di
2608 3843 2793 3907 tarne
2832 3842 2970 3904 loro
3024 3854 3113 3902 un

546 3923 802 4004 obbligo
846 3943 958 4005 per
1004 3938 1164 3993 tema
1213 3930 1277 3993 di
1323 3948 1450 3994 non
1494 3931 1698 3993 andar
1745 3940 1966 4009 troppo
1998 3930 2195 4000 oltre,
2225 3927 2591 3992 eccettoche
2622 3925 2673 3987 si
2711 3924 2889 3986 tratti
2921 3922 2986 3984 di
3028 3935 3117 3985 un

551 4004 767 4081 legato
815 4010 940 4086 pio,
988 4026 1022 4072 e
1065 4012 1116 4074 si
1162 4009 1436 4075 abbiano
1481 4011 1629 4074 torti
1680 4011 1927 4089 regioni
1974 4010 2037 4073 di
2083 4009 2350 4073 credere
2393 4009 2513 4069 clie
2573 4005 2618 4067 il
2677 4012 2986 4066 testatore
3051 3999 3119 4062 lo

546 4085 729 4149 abbia
765 4088 920 4151 fauo
952 4107 1064 4169 per
1096 4093 1382 4172 riparare
1413 4092 1926 4170 un’ingiustizia,
1955 4108 1990 4153 o
2024 4107 2137 4170 per
2166 4088 2524 4152 soddistare
2568 4086 2628 4149 al
2665 4083 2899 4146 dovere
2945 4079 3116 4145 della

549 4165 866 4243 limosina,
928 4188 996 4233 se
1061 4189 1188 4234 non
1238 4172 1297 4235 lo
1340 4189 1562 4237 avesse
1624 4172 1782 4235 fatto
1830 4173 1894 4235 in
1954 4173 2083 4235 vita
2140 4169 2401 4251 quando
2443 4183 2552 4231 era
2598 4164 2948 4244 obbligato,
3001 4177 3121 4240 per

547 4248 949 4314 consessione
995 4252 1057 4315 di
1105 4255 1207 4317 clii
1256 4253 1317 4316 lo
1363 4256 1440 4318 lia
1487 4254 1878 4316 conosciuto.
2844 4323 2857 4336 .

517 4394 524 4401 ,
625 4349 650 4381 ³
704 4329 771 4408 c)
814 4329 894 4392 Se
937 4334 971 4394 3
1015 4333 1381 4400 consultato
1426 4338 1685 4398 intorno
1729 4335 1787 4395 ai
1832 4332 1983 4395 doni
2028 4328 2332 4402 manuali,
2384 4331 2861 4407 accompagnati
2921 4337 2958 4384 o
3013 4336 3115 4385 se·

513 4408 706 4484 'guiti
754 4410 920 4472 dalla
970 4414 1324 4479 tradizione
1369 4414 1535 4479 della
1582 4432 1727 4479 cosa
1757 4415 1875 4476 clie
1911 4428 1988 4475 ne
2018 4428 2174 4473 sono
2208 4410 2522 4488 l'objetto,
2565 4404 2953 4494 rispondera
2988 4401 3119 4494 che

547 4502 707 4548 sono
750 4491 968 4553 validi.
1011 4493 1074 4556 Si
1121 4512 1407 4578 suppone
1452 4495 1571 4558 che
1600 4497 1725 4558 essi
1772 4510 1896 4557 non
1931 4492 2247 4556 eccedano
2277 4490 2336 4554 la
2370 4489 2672 4570 porzione
2702 4481 3123 4564 disponibile‚

549 4568 631 4629 ne
675 4567 816 4632 fatti
862 4571 926 4632 in
974 4573 1157 4641 troile
1191 4575 1359 4641 della
1405 4576 1610 4656 legge,
1654 4576 1773 4637 che
1815 4576 1983 4637 vieta
2028 4571 2092 4634 di
2137 4571 2379 4634 donare
2429 4567 2873 4646 all’incapace.
3098 4644 3113 4655 ο

628 4672 653 4703 ι
708 4650 782 4731 d)
825 4650 956 4714 Una
1003 4672 1275 4734 persona
1319 4657 1486 4721 dona
1518 4652 2144 4731 irrevocabilmente,
2172 4667 2270 4717 ma
2301 4664 2491 4717 senza
2524 4656 2659 4713 atto
2691 4643 2923 4726 legale,
2951 4652 3118 4708 certi
