3292 5167
1220 213 1298 259 ur,
1349 209 1795 259 comum-mus
2671 194 2807 261 309

382 424 533 517 ᾼιιτ.
580 422 659 490 11.
707 456 797 471 --
842 422 931 491 De
979 423 1278 492 locatione
1325 432 1382 487 et
1428 421 1848 501 conductione,
1886 421 1959 488 de
1998 440 2184 489 censa
2228 435 2284 491 et
2327 425 2614 493 vitalitio.

294 652 506 725 aa».
555 658 627 737 Q.
682 658 737 722 1.
794 655 956 737 Quid
1000 655 1071 721 de
1116 666 1434 722 contractu
1478 652 2263 723 locationis-conductionis
2310 662 2393 723 ¹?
2487 684 2508 705 ··

295 765 363 831 R.
413 760 1073 831 Locatio-couductio
1115 768 1215 828 est
1263 771 1633 843 contractus,
1684 776 1802 846 quo
1849 762 2028 846 quis,
2078 762 2403 830 constituto
2440 766 2683 851 pretio,
2734 785 2799 832 se

186 858 435 956 'obiiqat
480 870 579 937 vel
620 871 706 937 ud
748 868 1194 949 concedendum
1238 867 1423 934 atteri
1468 867 1553 934 ad
1581 879 1816 934 certum
1863 878 2102 954 tempus
2146 866 2419 955 alicujus
2463 871 2557 936 rei
2594 890 2797 953 usum,

198 977 301 1042 vel
342 976 428 1042 ad
472 978 755 1062 aliquam
801 994 1052 1062 operam
1090 973 1453 1040 illiberalem
1488 992 1604 1058 pro
1637 973 1772 1059 ipso
1807 975 2252 1060 proestandam,
2283 986 2470 1061 pacta
2500 978 2795 1045 mercede.

204 1082 511 1150 Diximus
560 1083 924 1149 illiberalem
940 1107 965 1160 ;
1004 1098 1202 1167 opera
1253 1078 1428 1148 enim
1478 1079 1773 1148 liberalia
1825 1080 2014 1161 artis,
2063 1080 2495 1167 scientiaeque
2549 1100 2583 1149 a
2628 1101 2798 1150 mer-

200 1188 386 1258 cedis
437 1207 513 1256 ac
558 1189 906 1256 locationis
956 1187 1223 1256 nomine
1271 1187 1651 1269 abhorrent,
1702 1195 1766 1255 et
1815 1205 1934 1272 pro
1985 1205 2064 1255 eo
2102 1188 2280 1273 quod
2317 1188 2652 1271 tribuitur,
2685 1193 2797 1258 sti-

192 1295 412 1383 pendii
460 1302 527 1364 et
573 1296 898 1363 honorarii
946 1297 1215 1363 nomine
1260 1294 1573 1380 appellari
1625 1299 1831 1361 amat:
1882 1302 2167 1363 attamen
2209 1296 2269 1363 in
2323 1297 2566 1366 Codice
2615 1297 2795 1366 nulla

203 1402 379 1470 inter
427 1420 665 1489 operas
717 1401 1076 1470 distinctio

290 1511 416 1591 Qui
468 1529 608 1578 rem
658 1511 911 1578 confert
959 1509 1059 1578 vel
1126 1507 1393 1576 mandat
1463 1524 1733 1593 operam
1799 1507 2310 1593 perficiendam,
2361 1510 2635 1590 locator;
2684 1510 2796 1597 qui

198 1634 358 1684 vero
406 1635 481 1684 re
530 1616 808 1700 fruitur,
849 1616 947 1684 vel
1001 1633 1271 1701 operam
1326 1609 1795 1700 perficiendam
1859 1615 2186 1701 suscipit,
2236 1617 2594 1701 generatim
2643 1636 2795 1685 con-

194 1721 423 1790 ductor
468 1730 763 1804 vocatur,
813 1722 913 1791 vel
966 1723 1323 1789 locatarius.
1376 1720 1845 1788 substantialia
1909 1721 2257 1790 locationis
2308 1723 2681 1791 consistunt
2729 1724 2793 1791 in

196 1848 272 1897 re
323 1849 475 1915 quae
526 1850 653 1899 usu
702 1849 833 1898 non
884 1829 1411 1909 consummitur,
1464 1845 1535 1895 ac
1586 1829 1646 1894 in
1723 1829 2049 1897 mercede.
2117 1829 2240 1911 Qui
2309 1838 2688 1899 contractus
2740 1831 2797 1899 si

198 1937 316 2005 fiat
364 1938 537 2005 ultra
587 1938 987 2007 novennium
1039 1936 1119 2003 ad
1169 1936 1311 2022 ejus
1363 1933 1765 2002 validitatem
1814 1937 2093 2022 requirit
2132 1937 2528 2023 scripturam
2583 1938 2793 2025 publi-

194 2063 366 2128 cam,
418 2046 518 2113 vel
570 2046 770 2114 etiam
822 2045 1140 2132 privatam
1190 2042 1388 2111 modo
1440 2043 1907 2111 authenticam.
1960 2045 2167 2113 Secus
2218 2046 2461 2114 sufficit
2501 2048 2698 2114 etiam
2736 2047 2790 2114 si

202 2152 318 2220 fiat
366 2152 619 2233 verbis3
685 2170 1060 2239 quanquam
1105 2151 1169 2218 in
1222 2150 1400 2219 omni
1467 2168 1622 2218 casu
1674 2149 1754 2217 ad
1802 2150 1944 2236 ejus
1992 2152 2311 2238 majorem
2366 2155 2789 2223 securitatem

204 2266 484 2346 praestat
532 2278 797 2347 semper
843 2259 1240 2345 scripturam
1289 2257 1602 2326 adhibere
1652 2260 1803 2342 (art.
1859 2261 2049 2342 1314,
2103 2261 2293 2365 1932,
2352 2262 2572 2348 1935).

264 2370 474 2461 lizi.
520 2401 612 2463 Ex
654 2399 842 2470 allata
892 2399 1267 2463 definitione
1313 2405 1503 2476 patet,
1549 2396 1871 2476 duplicem
1910 2398 2432 2465 esse.locationis
2476 2403 2777 2481 speciem,

198 2496 413 2543 rerum
456 2491 521 2543 et
562 2498 852 2559 operum:
896 2497 1037 2560 quae
1081 2479 1223 2541 duae
1268 2480 1511 2558 species
1558 2479 1623 2539 in
1670 2479 1830 2540 alias
1878 2478 2386 2559 distinguuntur.

360 2563 423 2638 1)
466 2561 683 2634 Quoad
729 2578 852 2636 reS,
900 2564 949 2624 si
999 2560 1243 2622 locatur
1288 2560 1533 2629 domuS,
1570 2558 1809 2620 dicitur
1839 2560 1990 2621 dare
2034 2577 2074 2622 a
2117 2563 2384 2641 piqione,
2424 2578 2464 2624 a
2506 2563 2691 2635 nolo,·
2721 2574 2787 2627 et

196 2642 309 2720 qui
355 2658 495 2703 eam
541 2641 860 2717 conducit,
923 2641 1282 2720 appellatur
1352 2640 1681 2719 inquilino.
1747 2638 1811 2701 Si
1883 2639 2130 2704 locatur
2190 2660 2346 2727 ,ager
2411 2642 2665 2719 ruralis,
2727 2653 2795 2707 ut

195 2721 364 2783 alter
406 2738 481 2783 eo
518 2721 791 2798 fruatur,
840 2722 1076 2784 dicitur
1119 2720 1382 2795 colonia,
1425 2720 1802 2799 affictanza;
1849 2728 1914 2782 et
1958 2722 2066 2800 qui
2133 2738 2277 2784 eum
2325 2723 2645 2799 conducit,
2690 2740 2796 2786 co-

201 2801 360 2877 lono,
402 2803 769 2882 affictuario.
814 2801 878 2863 Si
925 2819 1076 2881 ager
1139 2802 1402 2875 locatur,
1447 2810 1517 2862 ut
1564 2815 1706 2862 cum
1781 2800 2042 2862 domino
2099 2800 2472 2865 dividantur
2519 2804 2784 2880 fructus,

198 2881 443 2945 dicitur
496 2885 884 2956 mezzadria,
951 2883 1193 2944 colonia
1246 2882 1628 2961 parziaria;
1673 2887 1887 2959 etqui
1954 2898 2100 2944 eum
2165 2883 2482 2959 conducit,
2540 2900 2791 2947 mezza-

186 2962 393 3040 jnolo,
434 2981 735 3038 mussare,
779 2964 987 3026 colono
1026 2963 1377 3044 parziario.
1430 2962 1497 3042 2)
1541 2958 1762 3034 Quoad
1808 2979 2054 3039 operas,
2121 2967 2172 3024 si
2229 2965 2371 3043 quis
2415 2981 2490 3025 eo
2538 2965 2781 3044 obligat

201 3043 275 3105 ad
322 3043 515 3107 alicui
565 3043 1021 3119 famulandum,
1062 3042 1167 3105 vel
1211 3043 1285 3105 ad
1352 3058 1453 3104 res
1496 3053 1606 3104 aut
1640 3057 1957 3120 personas
1991 3042 2496 3120 transferendas,
2543 3045 2780 3108 dicitur

195 3127 598 3202 prestazione
641 3126 916 3203 d'opera.
2619 3168 2626 3177 -

278 3203 521 3283 Operas
582 3205 827 3327 aliquas
893 3202 1320 3285 perficiendas
1391 3202 1739 3280 suscipere,
1802 3201 2043 3264 dicitur
2106 3204 2383 3283 appalto,
2433 3207 2704 3281 commo,
2752 3223 2794 3270 a

194 3301 429 3364 prono
470 3287 640 3366 fatto
770 3286 902 3348 Huc
949 3289 1096 3346 item
1147 3291 1483 3345 revocatur
1550 3281 1781 3343 locatio
1826 3282 2223 3361 animalium,
2286 3302 2404 3364 qua
2453 3303 2616 3350 unus
2681 3287 2792 3350 dat

194 3363 384 3428 alteri
419 3365 722 3429 animalia
768 3363 1181 3429 custodienda
1229 3372 1293 3425 et
1338 3361 1717 3436 nutrienda;
1761 3370 1825 3424 et
1871 3363 2106 3425 dicitur
2141 3381 2181 3427 a
2209 3367 2454 3429 soccida
2486 3386 2519 3429 o
2548 3360 2768 3430 s'occio.

286 3507 500 3574 422.
554 3510 626 3589 Q.
675 3509 736 3575 2.
789 3510 1090 3589 Quaenam
1135 3517 1283 3571 sunt
1326 3503 1559 3588 requlae
1604 3523 1956 3571 communes
1989 3525 2113 3592 pro
2163 3509 2460 3577 locatione
2504 3523 2638 3578 tum
2688 3511 2795 3579 do-

200 3635 466 3698 morum,
513 3628 646 3682 tum
687 3616 1029 3702 fundorum
1073 3615 1450 3680 rusticorum
1487 3609 1517 3654 ²
1533 3619 1564 3679 ἲ

163 3722 171 3734 ’
289 3724 359 3790 R.
411 3723 677 3807 Regulae
728 3740 1116 3791 communes
1164 3738 1236 3788 ac
1285 3720 1625 3805 generales
1661 3722 1782 3790 hac
1821 3722 1902 3790 de
1951 3741 2021 3792 re
2064 3741 2097 3790 a
2137 3723 2306 3792 civili
2342 3725 2485 3810 lege
2519 3733 2787 3794 statutae

200 3828 345 3897 aliae
398 3830 763 3915 respiciunt
809 3831 1201 3908 locatorem
1253 3826 1396 3894 aliae
1437 3827 1802 3913 respiciunt
1851 3830 2347 3899 conductorem.

373 3939 446 4021 a)
499 3937 690 4018 Quod
740 3939 1066 4005 locatorem
1114 3935 1367 4015 attinet,
1419 3934 1561 4018 ipse
1609 3936 1667 4002 vi
1721 3945 2122 4021 contractus,
2173 3939 2295 4006 alia
2347 3939 2786 4007 conventione

203 4045 480 4128 seclusa,
533 4046 868 4132 praecipue
932 4051 1231 4112 tenetur:
1295 4044 1358 4126 1)
1409 4059 1548 4108 rem
1611 4043 1890 4112 locatam
1957 4046 2214 4115 tradere
2278 4045 2633 4130 aperiendo
2691 4048 2790 4114 vi-

204 4149 386 4235 tium,
436 4152 493 4219 si
541 4151 722 4238 quod
768 4152 874 4232 sit,
928 4171 984 4218 v.
1032 4170 1110 4234 g.‚
1161 4149 1215 4215 si
1281 4147 1516 4214 domus
1577 4148 1663 4215 sit
1725 4152 1995 4220 ruinosa
2013 4178 2032 4234 ;
2085 4154 2154 4237 2)
2213 4153 2471 4220 solvere
2534 4168 2787 4238 expen-

202 4274 307 4326 sas
355 4257 910 4326 extraordinarias
946 4256 1025 4324 ad
1058 4254 1630 4325 conservationem
1672 4259 2098 4342 necessarias,
2147 4276 2202 4325 v.
2253 4277 2332 4343 g.,
2383 4275 2644 4326 servare
2692 4265 2789 4329 te-

264 4441 283 4481 ¹
324 4444 380 4493 V.
417 4444 649 4505 muneri,
685 4445 819 4508 opus
850 4447 1003 4504 Mor„
1037 4445 1074 4495 l.
1109 4422 1308 4504 msnn.
1342 4449 1434 4497 857
1467 4449 1518 4497 et
1552 4458 1702 4509 seqq.

266 4504 290 4544 ἱ
320 4507 389 4556 De
422 4519 633 4568 operum
666 4507 1064 4572 susceptoribus
1098 4508 1219 4558 vide
1256 4508 1365 4557 Lib.
1403 4520 1418 4557 ι
1454 4510 1521 4559 De
1556 4506 1962 4570 obttyationtbus.

200 4568 287 4680 M?
311 4568 911 4694 ἱκῶῑὶἱω-Ὴὸῑίὲῖέ.
950 4572 1102 4633 1090;
1146 4596 1210 4608 -
1259 4571 1311 4622 C.
1364 4572 1612 4635 G.1708;
1665 4596 1729 4607 —
1763 4570 1816 4621 G.
1855 4569 1899 4620 S.
1939 4570 2089 4629 1551st
2122 4594 2181 4607 —
2230 4571 2283 4622 C.
2323 4571 2383 4620 P.
2435 4571 2588 4631 ίθέθς
2635 4586 2700 4622 —i-
2734 4569 2791 4620 C.

294 4735 558 4812 Senum,
614 4734 939 4817 Theoloqia
986 4742 1108 4803 etc.
1160 4737 1228 4802 T.
1278 4736 1353 4799 Il.
1951 4812 1959 4821 ἱ
2524 4733 2610 4798 20
