3292 5167
1048 213 1055 220 ’
1168 237 1173 240 ·
1259 239 1337 285 οε
1384 238 1723 287 emnium
2658 221 2792 290 691-

282 337 498 404 980.
556 344 628 424 Q.
680 343 739 410 3
786 345 895 410 Ex
939 342 1311 427 quibusnam
1359 343 1533 411 bonis
1576 343 1810 411 nostris
1855 344 2238 433 eleemosyna
2295 345 2434 433 fieri
2484 345 2702 418 debet?
2819 347 2826 354 ’

290 451 375 519 R.
411 452 492 519 Ut
540 447 823 536 quaestio
874 447 1001 517 rite
1045 449 1360 533 solvatur,
1396 449 1883 519 advertendum
1933 453 2080 519 est:

374 559 432 624 1.
486 556 965 625 Necessitatem
1014 555 1328 640 distingui
1379 556 1444 624 in
1494 568 1864 640 extremam,
1914 564 1979 627 et
2027 564 2129 626 est
2176 556 2542 644 periculum
2595 555 2783 623 amit-

197 660 423 733 tendae
472 663 647 747 vitae,
692 663 815 732 nisi
867 663 923 732 ei
976 670 1408 746 occurratur3
1458 663 1521 731 in
1568 684 1847 750 prooem,
1897 672 1964 734 et
2011 670 2110 733 est
2152 663 2568 753 periculum
2551 683 2616 731 m
2647 681 2790 758 gra·-

192 786 340 838 vem
393 771 700 840 morbum
752 769 1101 853 incidendi,
1150 772 1249 840 vel
1298 770 1676 839 incurrendi
1728 789 2081 856 carcerem,
2131 771 2485 856 infamiam,
2542 778 2687 853 etc.;
2721 771 2787 840 in

197 895 601 960 communem,
656 884 720 946 et
763 886 864 946 est
890 876 1019 960 illa,
1049 893 1175 963 qua
1201 876 1351 963 quis
1386 876 1745 958 difficulter
1777 878 1929 946 vivit
1942 906 1962 962 3
1984 878 2138 946 vivit
2172 886 2411 962 tamen,
2439 884 2512 945 ut
2541 895 2790 965 pauper

197 983 500 1052 ostiatim
550 984 952 1053 mendicans
999 982 1098 1052 Ad
1142 984 1312 1054 hanc
1339 984 1645 1055 ultimam
1679 985 1960 1055 classem
1992 985 2402 1055 reducuntur
2448 1003 2776 1071 pauperes

188 1088 498 1173 trivialeS,
535 1092 657 1161 etsi
708 1112 788 1160 ex
837 1089 1151 1176 nuditate,
1201 1092 1458 1175 morbo,
1507 1097 1630 1164 etc.
1681 1092 2026 1162 videantur
2072 1091 2424 1162 ostendere
2471 1101 2796 1160 extremae·

190 1198 614 1268 necessitatis
665 1200 892 1285 signa3
943 1198 1099 1286 quia
1166 1199 1301 1269 fere
1350 1199 1430 1268 ad
1477 1199 1840 1270 movendos
1890 1205 2302 1288 spectatores
2353 1200 2477 1268 ista
2554 1217 2797 1269 neces-

190 1305 354 1375 sitas
404 1313 854 1393 exaggeratur.

328 1417 440 1483 ..2
495 1414 797 1500 Triplicis
872 1413 1133 1499 generis
1182 1399 1497 1499 distingui
1548 1414 1771 1483 bona:
1819 1417 1890 1501 a)
1940 1415 2062 1483 alia
2110 1421 2264 1484 sunt
2294 1417 2642 1483 necessaria
2673 1435 2787 1481 na-

195 1535 363 1591 turoe
410 1541 527 1592 seu
577 1523 738 1605 vitoe,
791 1521 935 1595 sine
984 1521 1226 1608 quibus
1274 1523 1401 1616 vita
1451 1531 1679 1592 nostra
1730 1524 2105 1594 conservari
2170 1541 2302 1592 non
2374 1529 2595 1617 potest
2666 1541 2798 1592 nec¹

190 1630 501 1715 aliorum,
550 1647 835 1717 quorum
886 1647 1041 1698 cura
1097 1629 1294 1699 nobis
1345 1630 1667 1700 incumbit
1690 1634 1720 1713 ς’
1745 1632 1807 1716 b)
1843 1631 1966 1699 alia
2000 1638 2155 1700 sunt
2183 1632 2534 1698 necessaria
2567 1629 2791 1711 statui,

192 1737 341 1805 sine
382 1736 637 1823 quibus
686 1754 816 1805 non
867 1743 1090 1822 potest
1136 1735 1379 1822 aliquis
1417 1736 1734 1806 decenter
1781 1737 2003 1806 vivere
2050 1735 2413 1805 secundum
2465 1734 2787 1804 conditio·

191 1861 352 1912 nem
402 1844 503 1913 sui
552 1851 762 1911 status
814 1843 1187 1929 praesentis.
1239 1846 1381 1911 Huc
1429 1844 1806 1913 referuntur
1852 1861 2002 1930 quae
2044 1844 2229 1930 juxta
2277 1842 2797 1912 aestimationem

182 1951 599 2039 prudentum
649 1950 1020 2020 necessaria
1069 1956 1224 2019 sunt
1274 1948 1354 2018 ad
1403 1950 2269 2037 hospites'sustentandOS,
2321 1949 2401 2018 ad
2450 1949 2783 2019 moderata

185 2077 350 2127 cum
391 2058 617 2128 amicis
667 2058 981 2140 convivia,
1033 2056 1113 2125 ad
1162 2057 1443 2126 ramulos
1493 2056 1789 2141 alendos,
1842 2065 1907 2127 et
1957 2059 2101 2127 aliis
2149 2058 2412 2127 casibus
2451 2055 2787 2126 ordinarie

180 2165 730 2236 occurrendum:
781 2184 910 2252 qua
958 2172 1174 2234 tamen
1228 2165 1293 2233 in
1344 2183 1414 2234 re
1464 2173 1656 2234 caute
1704 2165 2244 2253 procedendum3
2290 2185 2440 2232 nom
2477 2165 2534 2232 si
2565 2164 2796 2254 inania‘

177 2291 585 2360 quaeremus,
654 2272 819 2340 nihil
860 2272 1078 2361 sufficit
1135 2272 1182 2338 ⁴.
1232 2271 1398 2341 Hinc
1433 2270 1749 2340 ‘damnata
1793 2280 1899 2341 est
1945 2274 2026 2343 ab
2073 2272 2461 2342 Innocentio
2507 2273 2595 2340 XI
2642 2270 2786 2338 haec

132 2381 302 2450 “sub
372 2400 432 2448 n.
487 2382 569 2448 12
620 2378 1030 2467 propositio:
1086 2380 1207 2449 Vix
1255 2380 1324 2446 in
1369 2380 1784 2448 secularibus
1829 2367 2102 2449 invenies
2145 2381 2332 2449 etiam
2375 2380 2622 2466 reqibus
2682 2396 2801 2444 su·-

176 2487 509 2577 perffluum
553 2487 785 2570 statui,
833 2497 890 2554 et
934 2487 1023 2553 ita
1068 2487 1183 2580 vix
1248 2485 1479 2571 aliquis
1544 2498 1783 2554 tenetur
1847 2487 1932 2554 ad
1994 2487 2472 2574 eleemosynam3
2539 2484 2800 2572 quando-

186 2606 438 2674 tenetur
483 2605 727 2662 tantum
801 2614 884 2660 ecc
951 2594 1262 2681 superfluo
1307 2604 1548 2672 status;
1614 2595 1676 2678 c)
1727 2593 1850 2661 alia
1907 2592 2170 2663 tandem
2224 2600 2380 2662 sunt
2432 2592 2785 2678 superflua,

189 2719 345 2788 quae
391 2699 657 2770 scilicet
704 2718 837 2769 non
889 2699 1106 2769 solum
1159 2701 1529 2769 necessaria
1577 2718 1709 2769 non
1760 2707 1917 2770 sunt
1982 2701 2062 2769 ad
2127 2702 2328 2769 vitam
2396 2717 2804 2769 conservam

188 2806 365 2891 dam,
419 2806 535 2876 sed
590 2825 806 2894 neque
853 2806 935 2875 ad
988 2805 1558 2876 conservationem
1594 2805 1914 2876 decentiae
1950 2813 2181 2877 status.
2215 2807 2336 2877 Ubi
2373 2813 2602 2875 notant
2635 2823 2792 2875 cum-

183 2915 422 2997 Diana‚
476 2913 788 2997 Maldero,
835 2917 1124 2984 Navarro
1177 2920 1243 2983 et
1291 2915 1610 3001 vasquez,
1663 2914 1841 3002 quod
1887 2916 2266 2986 moderatus
2322 2933 2636 2984 ascensus
2705 2913 2793 2983 ad·
2901 2905 2912 2922 ⁸

181 3023 544 3093 meliorem
602 3021 967 3104 fortunam,
1044 3021 1124 3089 ad
1180 3022 1707 3092 convenientiam
1756 3030 1966 3092 status
2015 3022 2425 3095 revocandus
2476 3028 2597 3091 est.
2647 3023 2787 3090 Hoc

186 3138 417 3201 autem
467 3131 731 3217 posito:

279 3239 583 3308 Dicimus
636 3241 717 3306 l:
767 3238 1205 3324 Eleemosyna
1255 3245 1547 3308 nonest
1619 3236 1914 3306 facienda
1979 3255 2058 3307 ex
2131 3236 2326 3307 bonis
2395 3234 2785 3305 necessariis

191 3353 498 3440 naturai,
566 3361 683 3413 seu
734 3344 927 3426 vitae3
975 3361 1124 3413 nam
1174 3363 1256 3413 ex
1305 3344 1447 3430 lege
1495 3343 1635 3431 ipsa
1688 3344 1966 3412 naturali
2045 3342 2334 3430 quisque
2372 3348 2614 3429 potest,
2649 3342 2795 3410 imo-

193 3451 536 3522 ordinarie
584 3450 806 3534 debet,
842 3468 1027 3519 suam
1064 3468 1476 3537 suorumque
1508 3451 1708 3518 vitam
1734 3450 2144 3520 vitaevalienae
2180 3449 2511 3537 praeferre.
2538 3449 2795 3536 Excipe·

193 3558 330 3628 nisi
383 3575 637 3646 pauper
678 3553 772 3627 'sit
820 3557 988 3642 talis,
1041 3575 1074 3625 a
1126 3575 1259 3644 quo
1287 3557 1467 3626 salus
1495 3556 1759 3643 publica
1792 3555 2115 3644 pendeat3
2156 3556 2306 3644 quia
2341 3563 2498 3625 tunc
2534 3555 2786 3624 bonum

188 3682 555 3736 commune
604 3659 783 3734 esset
833 3664 1324 3752 praeferendum
1377 3664 1558 3733 bono
1607 3664 1883 3751 privato.
2703 3689 2712 3696 ·

381 3777 456 3841 2:
504 3775 598 3842 Ex
648 3773 842 3843 bonis
876 3771 1270 3842 necessariis
1305 3771 1625 3842 decentiae
1661 3777 1872 3841 status
1907 3772 2115 3840 nostri
2158 3775 2462 3840 tenemur
2495 3769 2787 3838 eleemo-

193 3897 435 3967 synam
484 3881 718 3962 facere,
763 3878 1027 3965 quando
1078 3878 1420 3966 proximus
1470 3885 1572 3948 est
1620 3879 1686 3946 in
1734 3878 2077 3967 indiqentia
2121 3890 2436 3956 eoetrema5
2504 3874 2786 3944 charitas

183 3987 373 4058 enim
416 3987 586 4056 bene
636 3986 937 4055 ordinata
991 3985 1212 4072 exigit,
1264 3992 1335 4052 ut
1383 3984 1582 4051 vitam
1632 3985 1913 4069 proximi
1963 3985 2392 4072 praeferamus
2464 3981 2783 4050 decentiae

182 4101 412 4164 status
461 4094 693 4175 nostri,
746 4099 944 4180 atque
990 4098 1064 4160 ut
1112 4091 1191 4159 ad
1241 4107 1384 4159 eam
1433 4089 1817 4160 servandam
1878 4091 2206 4177 patiamur
2252 4088 2518 4175 aliquod
2589 4088 2787 4156 detri-

180 4207 500 4273 mentum
550 4201 614 4294 in
666 4206 896 4268 nostro
949 4199 1145 4267 etiam
1195 4197 1423 4284 gradu.
1472 4200 1704 4266 Utrum
1756 4204 1975 4265 autem
2029 4203 2368 4265 teneamur
2414 4213 2563 4264 cum
2609 4196 2781 4281 gravi

178 4309 409 4396 ipsius
460 4315 673 4377 status
714 4307 971 4394 jactura
1026 4322 1383 4393 pauperem
1435 4305 1651 4373 levare
1699 4304 1764 4372 in
1816 4304 2147 4389 extremiS,
2199 4303 2396 4390 aliqui
2441 4304 2783 4384 affirmant,

122 4461 129 4466 -
181 4416 347 4504 quia
404 4434 666 4503 semper
714 4412 1179 4502 praeponderat
1227 4412 1353 4480 vita
1408 4410 1712 4498 proximi.
1763 4409 1891 4478 Sed
1941 4410 2046 4477 alii
2108 4418 2366 4497 negant,
2442 4417 2580 4478 tum
2633 4408 2782 4495 quia

244 4665 263 4705 ¹
305 4663 370 4714 S-
403 4665 748 4729 Augustinus,
783 4664 845 4714 In
878 4664 952 4714 Ps.
995 4674 1186 4714 cxnvn.
1219 4687 1282 4699 -
1324 4657 1374 4711 V.
1409 4660 1643 4724 Lignori,
1681 4660 1818 4723 opus
1869 4661 2023 4724 Mor„
2065 4661 2098 4712 1.
2129 4673 2189 4725 ιι,
2221 4672 2272 4711 n.
2307 4663 2414 4714 31.-
