3292 5167
1153 269 1233 315 nc
1279 270 1527 316 acrinus
1576 269 1911 320 nccictoivts
2742 253 2830 319 29

222 370 497 433 nuatore
551 369 919 455 Tournely‚
972 373 1312 442 excusabit
1360 372 1679 459 quaelibet
1744 373 2098 443 mediocris
2147 392 2344 445 causa
2394 375 2827 459 rationabiliS,

222 489 272 541 ι.
307 492 391 562 3.,
442 480 506 548 si
557 479 725 549 dans
775 480 1269 566 eleemosynam
1317 488 1606 566 exoptet,
1659 490 1731 549 ut
1777 483 2000 550 statim
2063 484 2455 566 celebretur,
2507 485 2560 552 si
2637 502 2832 571 expe-

229 593 348 655 ctet
397 589 703 675 populus
750 595 864 656 aut
912 587 1129 675 aliqua
1178 607 1458 674 persona
1508 589 1741 674 gravis,
1792 590 1844 658 si
1882 597 2146 677 tempus
2185 591 2559 661 celebrandi
2612 599 2829 659 trans-

236 703 347 776 eat,
414 696 472 764 si
540 696 747 764 instet
796 696 1235 764 commoditas
1282 695 1505 778 studii,
1550 696 1805 765 itineris
1854 705 1918 764 et
1968 706 2184 766 cetera
2233 698 2496 766 similia.

315 801 450 866 111.
503 806 579 884 Q.
630 807 690 870 4.
743 802 910 884 Quid
954 824 1136 889 apere
1179 804 1341 871 debet
1389 804 1499 890 qui
1542 804 1829 886 advertit,
1876 826 1941 872 se
1987 824 2229 872 errasse
2274 807 2342 871 in
2394 807 2656 894 Officio?

320 914 389 980 R.
439 914 648 980 Error
694 912 1079 996 contingere
1123 919 1377 998 potest:
1431 913 1527 979 vel
1579 912 1751 980 circa
1790 912 2100 982 Officium
2133 912 2260 980 diei
2300 913 2693 999 praeteritae3
2733 912 2829 982 vel

244 1017 405 1088 circa
454 1018 760 1087 Officium
809 1018 937 1086 diei
988 1019 1265 1100 suturae3
1317 1018 1414 1087 vel
1462 1021 1635 1088 circa
1686 1020 1986 1088 Officium
2033 1019 2160 1089 diei
2212 1021 2562 1088 currentis.

413 1129 473 1194 1.
524 1127 646 1222 Qui
699 1124 1177 1208 animadvertit,
1228 1144 1302 1194 se
1351 1126 1659 1195 omisisse
1713 1128 2012 1196 Officium
2062 1126 2189 1196 diei
2242 1127 2636 1224 praeteritae,
2698 1145 2827 1193 non

248 1242 457 1320 potest
508 1234 670 1301 illud
723 1235 785 1301 in
836 1234 1029 1301 aliam
1080 1233 1253 1302 diem
1306 1232 1687 1315 transferre,
1745 1235 1944 1301 etiam
1986 1253 2115 1301 non
2153 1234 2564 1321 impeditam.
2601 1233 2686 1299 ita
2724 1233 2832 1301 de-

246 1342 502 1410 claravit
573 1344 641 1409 S
688 1345 760 1410 R.
811 1343 880 1409 C
934 1344 1013 1409 17
1076 1341 1246 1422 junii
1321 1342 1537 1422 1673,
1612 1340 1938 1409 referente
2009 1345 2228 1409 Bona:
2293 1359 2452 1409 sane
2515 1339 2829 1424 obligatio

248 1449 443 1517 Officii
498 1466 897 1534 unaquaque
946 1448 1534 1517 determinata·die
1583 1447 1966 1516 absolvitur.
2031 1450 2112 1515 Et
2176 1448 2457 1516 Robrica
2501 1454 2658 1514 tunc
2720 1463 2828 1513 so-

244 1556 371 1622 lum
423 1556 626 1624 Officii
695 1557 1194 1624 translationem
1246 1556 1662 1641 praescribit,
1713 1574 1862 1623 cum
1915 1555 2074 1623 illud
2124 1555 2509 1641 impeditum
2577 1563 2679 1622 est
2729 1555 2825 1621 vel

242 1682 274 1730 a
319 1663 669 1746 dominica,
723 1665 822 1732 vel
866 1664 948 1733 ab
999 1664 1225 1732 Officio
1276 1664 1539 1749 majori3
1590 1683 1739 1733 non-
1777 1683 1931 1731 vero
1980 1681 2130 1732 cum
2180 1663 2300 1729 suit
2350 1664 2693 1732 omissum.

407 1773 470 1837 2.
526 1772 649 1851 Qui
693 1770 972 1839 advertit
1020 1790 1091 1838 se
1140 1769 1338 1839 hodie
1388 1772 1703 1840 recitasse
1755 1770 2055 1840 Officium
2104 1769 2233 1839 diei
2283 1771 2611 1851 crastinae,
2649 1776 2830 1836 tene-

241 1887 345 1944 tur
388 1877 552 1944 illud
608 1877 894 1944 crastina
944 1878 1047 1945 die
1099 1886 1430 1963 repetere3
1479 1879 1629 1963 quia
1683 1896 1802 1963 per
1849 1877 2304 1945 recitationem
2353 1876 2819 1961 anticipatam‚

238 1984 464 2070 nequit
511 1985 897 2052 satisfacere
947 1991 1283 2069 praecepto
1333 1984 1626 2052 nondum
1681 1985 1940 2069 vigenti.

406 2093 468 2159 3.
522 2094 644 2172 Qui
696 2091 1018 2172 advertit,
1068 2111 1143 2160 se
1190 2109 1445 2159 errasse
1496 2092 1556 2158 in
1611 2092 1841 2160 Officio
1890 2090 2019 2161 diei
2070 2090 2396 2160 currentis
2471 2095 2824 2175 postquam

230 2200 514 2268 multum
568 2201 993 2287 processerit,
1047 2219 1101 2267 v.
1152 2219 1212 2284 g.
1264 2201 1808 2285 post·recitatum
1858 2200 2274 2281 Matutinum,
2309 2199 2363 2266 si
2415 2197 2479 2264 id
2526 2196 2825 2280 inculpa-

232 2307 456 2375 biliter
502 2307 820 2388 evenerit,
870 2325 1003 2375 non
1052 2315 1318 2375 tenetur
1362 2315 1618 2391 partem
1668 2309 2003 2375 recitatam
2054 2306 2405 2374 emendare
2468 2322 2585 2389 per
2634 2303 2826 2368 aliam

229 2416 730 2495 recitationem3
782 2414 898 2482 sed
949 2415 1210 2496 sufficit,
1260 2416 1312 2480 si
1351 2416 1584 2483 recitet
1618 2415 1797 2499 quod
1836 2421 2143 2500 superest
2176 2414 2256 2481 de
2307 2411 2534 2480 Officio
2575 2410 2826 2491 debito,

232 2541 310 2590 ne
360 2522 703 2591 detectum
754 2540 1049 2590 errorem
1100 2531 1559 2607 prosequatur.
1610 2524 1776 2589 Item
1826 2523 1935 2609 qui
1974 2522 2219 2591 oblitus
2255 2527 2355 2589 est
2392 2524 2645 2587 tantum
2686 2534 2826 2599 par-

225 2637 357 2697 tem
414 2633 653 2711 Horae,
703 2629 948 2698 sufficit
997 2629 1172 2695 illam
1223 2630 1521 2710 recitare,
1571 2628 1728 2714 quin
1782 2637 1994 2697 totum
2047 2628 2344 2696 Officium
2391 2632 2664 2711 repetat.
2717 2624 2826 2690 Di-

226 2737 483 2804 ximus:
531 2737 588 2803 si
634 2736 700 2802 id
745 2736 1205 2822 inculpabiliter
1235 2737 1501 2803 evenerit
1516 2761 1538 2813 ;
1571 2736 1622 2802 si
1661 2737 1836 2803 enim
1875 2753 2023 2820 pars
2062 2734 2369 2802 notabilis
2404 2731 2826 2817 culpabiliter

227 2853 479 2911 mutata
531 2843 638 2924 sit,
688 2849 831 2910 tota
856 2843 987 2912 illa
1036 2845 1212 2909 Hora
1250 2843 1659 2928 probabilius
1700 2852 1799 2911 est
1836 2842 2190 2929 repetenda
2226 2840 2460 2909 saltem
2498 2837 2623 2906 sub
2662 2836 2820 2903 levi:

227 2952 378 3036 quia
432 2951 667 3018 saltem
719 2951 844 3018 sub
896 2951 1012 3017 levi
1064 2959 1241 3018 extat
1291 2951 1604 3034 obligatio
1656 2951 2024 3018 orationem
2073 2949 2526 3017 continuatam
2569 2944 2821 3030 persol-

227 3057 442 3139 vendi,
494 3065 559 3125 et
608 3057 877 3142 quidem
926 3057 1292 3124 secundum
1344 3057 1541 3124 ritum
1593 3057 2056 3143 praescriptum
2093 3053 2140 3123 ¹.

311 3172 462 3233 42.
516 3169 587 3247 Q.
637 3168 697 3231 5.
751 3165 1062 3245 Quomodo
1108 3167 1297 3231 Horoe
1340 3165 1675 3231 recitanda»
1719 3171 1907 3231 sunt?

312 3276 385 3341 R.
460 3271 834 3340 Concilium
890 3274 1258 3338 Romanum
1307 3271 1714 3340 celebratum
1761 3290 1933 3339 anno
1986 3273 2176 3352 1216,
2227 3289 2261 3337 a
2311 3287 2442 3355 quo
2495 3266 2813 3351 antiquis-

232 3380 391 3445 sima
465 3377 890 3446 consuetudo
965 3382 1174 3445 Horas
1222 3376 1543 3445 recitandi
1593 3377 1979 3446 confirmata
2030 3384 2131 3444 est
2180 3384 2245 3445 et
2293 3374 2357 3442 in
2408 3375 2618 3460 legem
2663 3370 2822 3439 scri-

231 3493 407 3570 ptam
457 3484 761 3565 deducta,
816 3483 1086 3552 modum
1136 3484 1334 3551 etiam
1383 3482 1710 3566 indicavit,
1763 3501 1895 3569 quo
1948 3482 2075 3550 illae
2120 3480 2472 3550 recitandae
2514 3484 2689 3559 sunt,
2730 3477 2825 3543 in-

233 3592 500 3676 quiens:
556 3593 845 3658 Distrt'cte
876 3592 1299 3677 proecipientes
1332 3591 1400 3656 in
1438 3591 1665 3657 virtute
1702 3590 2075 3672 obedientiae,
2124 3604 2189 3656 ut
2221 3589 2505 3655 divinum
2544 3586 2824 3673 Officium

228 3712 603 3766 nocturnum
642 3699 888 3785 pariter
931 3710 986 3763 et
1032 3697 1348 3777 diurnum,
1396 3711 1698 3781 qua-ntum
1745 3698 1833 3763 cis
1867 3698 2094 3763 dederit
2142 3700 2326 3777 Deus,
2365 3693 2635 3762 studiose
2668 3691 2821 3758 cele-

232 3807 396 3874 brem
463 3817 519 3873 et
572 3806 798 3871 devote.
849 3805 1257 3881 Vocabulum
1302 3805 1569 3871 studiose
1618 3806 1904 3889 pertinet
1952 3804 2033 3871 ad
2081 3822 2321 3871 munus
2374 3802 2531 3882 oriS,
2585 3809 2648 3867 et
2705 3819 2820 3884 po—

233 3914 427 3981 stulat
474 3925 549 3981 ut
602 3912 906 3981 Officium
953 3914 1364 4007 persolvatqr
1413 3913 1750 3993 vocaliter,
1807 3914 2058 3997 absque
2108 3928 2400 3997 syncope
2452 3916 2520 3978 et
2567 3905 2819 3973 abscis-

233 4020 412 4089 sione
457 4020 840 4089 verborum.
892 4019 1298 4088 Vocabulum
1344 4019 1549 4085 devote
1598 4020 1883 4104 pertinet
1931 4019 2011 4085 ad
2045 4037 2285 4086 munus
2320 4015 2560 4095 cordis,
2605 4024 2669 4081 et
2707 4032 2821 4099 po-

232 4129 463 4213 stulat,
541 4137 615 4196 ut
688 4128 989 4197 recitatio
1052 4127 1164 4194 fiat
1211 4146 1361 4196 cum
1409 4127 1626 4196 debita
1678 4127 2045 4195 intentione
2094 4135 2158 4194 et
2207 4124 2594 4192 attentione.

312 4240 471 4307 Hinc
525 4237 730 4306 illud:

624 4378 838 4456 Diriqe
881 4393 987 4439 cor
1027 4393 1294 4450 sursum,
1338 4373 1485 4440 bene
1524 4375 1758 4457 profer,
1803 4377 2035 4455 respice
2077 4392 2341 4452 sensum,

708 4458 904 4538 Inque
947 4456 1129 4520 choro
1172 4474 1247 4519 ne
1288 4457 1377 4518 sis
1418 4474 1693 4537 corpore,
1733 4463 1929 4518 mente
1964 4456 2146 4536 foris.

276 4724 295 4764 ¹
338 4725 388 4774 V.
426 4725 666 4789 Lignori,
708 4721 802 4785 op.
836 4721 993 4784 Mor„
1028 4721 1063 4771 l.
1099 4734 1172 4782 ιιι,
1209 4733 1260 4772 n.
1295 4722 1418 4784 6673
1453 4721 1507 4771 et
1536 4719 1579 4771 l.
1612 4731 1684 4779 ιν,
1723 4731 1772 4768 n.
1814 4722 1921 4781 160,
1956 4730 2004 4783 q.
2038 4722 2086 4771 5.
