3292 5167
1194 328 1655 379 ansioni-ionas
2589 311 2719 379 143*

165 428 398 495 medium
440 428 851 493 ordinarium
894 444 966 493 ac
1008 430 1219 493 facile.
1263 428 1332 492 Si
1396 438 1610 493 tamen
1676 432 1919 495 socium
1990 432 2229 495 babere
2294 447 2425 495 nou
2489 436 2714 513 possit,

175 512 268 574 nisi
298 508 609 588 stipendio
654 509 887 586 soluto,
927 509 1008 577 ad
1053 510 1235 574 illum
1279 510 1770 574 conducendum
1818 527 1946 574 non
1996 521 2252 575 tenetur
2295 513 2408 592 qui
2460 513 2716 577 nullum

176 589 402 671 possidet
446 589 876 667 Beneficium;
920 607 1065 655 cum
1111 591 1286 654 nihil
1329 590 1560 654 debeat
1602 590 1683 654 ob
1728 589 2042 668 Officium,
2082 593 2192 672 qui
2240 592 2402 656 nibil
2452 593 2531 655 ab
2571 593 2715 657 offi-

177 672 245 735 cio
346 671 432 731 rci
486 672 553 731 it.

228 686 554 814 Ageautgm
605 732 906 815 tene’atur
948 751 1370 815 beneficiatus
1412 751 1657 814 socium
1706 753 1913 830 pretio
1957 751 2319 817 conducere
2363 769 2445 815 ex
2487 753 2713 816 fructi·

175 831 258 894 bus
289 829 618 906 Beneficii,
661 831 898 912 duplex
941 832 1161 912 opinio
1207 830 1587 910 probabilis:
1633 832 2010 895 affirmativa
2058 840 2157 895 est
2218 836 2619 895 communior
2654 842 2720 897 et

176 911 422 986 tenenda,
472 913 529 973 si
599 911 712 976 ille
755 912 913 976 velit
958 913 1203 976 fructus
1248 913 1615 991 percipere3
1658 914 1804 992 quia
1859 928 2005 975 cum
2069 912 2201 975 sola
2269 914 2721 992 probabilitate

171 994 344 1072 nequit
385 995 866 1071 possessionem
909 993 1236 1057 fructuum
1283 993 1614 1065 inchoare,
1664 1003 1737 1055 ut
1782 1001 1953 1056 recte
1988 993 2172 1072 ajunt
2223 991 2527 1069 Concina‚
2568 993 2715 1056 Les-

170 1074 281 1146 sius‚
317 1071 501 1134 Sotus
545 1081 616 1136 et
656 1072 999 1152 Tournely.
1044 1074 1192 1136 Hoec
1234 1073 1285 1134 si
1333 1072 1543 1137 adbuc
1582 1072 1828 1138 fructus
1858 1090 1987 1135 nou
2022 1075 2418 1151 perceperit:
2456 1077 2507 1135 si
2540 1076 2717 1137 enim

171 1153 280 1216 talis
315 1152 740 1216 beneficiatus
782 1157 1000 1217 omisit
1040 1153 1352 1227 Officium,
1400 1170 1475 1216 eo
1520 1156 1689 1232 quod
1758 1171 1887 1217 non
1952 1153 2251 1217 adhibuit
2312 1154 2579 1229 socium,
2654 1161 2720 1216 et

167 1235 216 1295 in
251 1233 394 1296 bona
442 1233 576 1296 tide
622 1234 870 1298 fructus
908 1236 1039 1314 jam
1086 1236 1394 1314 percepit,
1470 1243 1680 1313 potest
1720 1251 1830 1296 eos
1877 1237 2207 1307 retinere;
2269 1234 2416 1314 quia
2485 1234 2718 1296 melior

165 1320 237 1376 est
271 1313 544 1376 conditio
595 1315 1004 1393 possidentis.
1037 1348 1115 1360 —
1158 1313 1217 1375 V.
1261 1313 1543 1392 Liguori,
1583 1313 1750 1394 Opus
1781 1315 1963 1391 Mor„
2006 1314 2046 1376 l.
2092 1332 2177 1390 ιν,
2221 1330 2281 1376 n.
2328 1314 2466 1378 158.

220 1392 422 1456 298.
466 1393 535 1468 Q.
585 1395 643 1457 4.
691 1393 853 1469 Quia
892 1396 964 1459 de
1006 1414 1072 1459 eo
1115 1395 1223 1474 qui
1263 1402 1475 1457 certus
1517 1402 1614 1457 est
1655 1413 1718 1457 se
1746 1413 1868 1458 non
1898 1412 2076 1475 posse
2110 1396 2388 1458 recitare
2428 1394 2720 1474 Officium

165 1480 340 1547 mum,
379 1473 643 1539 dubitat
685 1484 912 1547 tamen,
953 1494 1040 1540 aa
1077 1476 1277 1554 possit
1314 1475 1540 1538 saltem
1582 1476 1859 1540 recitare
1896 1479 2187 1555 partem?

221 1554 278 1618 lt.
318 1554 436 1619 lste
475 1561 849 1636 generatim
895 1556 1213 1637 loquendo
1256 1555 1335 1618 ad
1425 1566 1630 1619 artem
1674 1557 1843 1619 circa
1879 1572 2070 1636 quam
2108 1555 2383 1630 dubitat,
2415 1562 2709 1626 tenetur-3

163 1650 280 1697 nam
320 1637 382 1698 in
425 1637 633 1700 dnbio
678 1637 974 1701 standum
1018 1644 1117 1701 est
1160 1651 1282 1715 pro
1305 1636 1384 1698 ob
1419 1638 1721 1716 igatioue,
1757 1653 1900 1700 cum
1939 1644 2112 1700 certa
2143 1637 2229 1699 sit
2263 1645 2328 1698 et
2378 1634 2720 1714 possideat.
2814 1662 2825 1683 ι

163 1720 414 1779 Attamen
459 1718 513 1780 si
566 1726 797 1796 agatur
842 1717 921 1781 de
966 1719 1243 1793 infirmo,
1286 1717 1395 1795 qui
1441 1718 1521 1779 ob
1564 1734 1744 1780 suam
1804 1718 2246 1780 infirmitatem
2314 1723 2526 1779 certus
2598 1723 2721 1789 est,

165 1812 216 1858 se
251 1812 362 1858 non
404 1813 599 1877 posse
645 1808 847 1861 totum
886 1798 1174 1871 Officium
1220 1799 1514 1873 recitare,
1556 1808 1622 1860 et
1665 1801 1854 1860 anxie
1899 1799 2171 1873 dubitat,
2217 1812 2298 1858 an
2332 1797 2530 1875 possit
2567 1811 2709 1873 par·

166 1884 284 1952 lem,
312 1876 791 1942 rationabiliter
835 1879 1068 1943 docent
1113 1883 1318 1957 ipsum
1363 1877 1441 1939 ad
1490 1876 1656 1939 nihil
1701 1881 1905 1941 teneri
1955 1879 2176 1954 Bouix,
2220 1876 2415 1956 Lugo‚
2478 1874 2712 1937 Navar-

165 1973 272 2031 rus,
303 1949 674 2039 Roncaglia‚
717 1960 1030 2035 Sancbez,
1079 1958 1257 2034 Viva,
1300 1957 1524 2033 Croix,
1553 1959 1858 2037 Layman,
1901 1958 2223 2022 Cat-denas
2267 1956 2495 2019 etalii.
2526 1954 2716 2019 Ratio

172 2038 287 2115 quia
320 2037 499 2102 aliter
547 2041 874 2120 scrupulis
916 2050 982 2103 et
1024 2039 1459 2103 anxietatibus
1505 2038 1741 2102 infelix
1787 2040 1895 2101 ille
1964 2041 2234 2101 nimium
2298 2045 2718 2100 excuteretur

177 2120 412 2182 nesciens
455 2137 804 2200 quousque
849 2122 1048 2200 possit
1089 2129 1199 2183 aut
1241 2135 1371 2181 non
1417 2122 1615 2198 possit
1663 2122 1968 2182 recitare:
2013 2136 2093 2184 ex
2135 2135 2259 2198 quo
2305 2127 2480 2179 certe
2526 2118 2721 2178 orire·

179 2200 342 2261 turin
380 2202 655 2266 bomine
700 2205 1111 2265 conscientiae
1156 2202 1474 2262 timoratae
1517 2199 1740 2279 (talem
1786 2202 1957 2262 enim
2004 2197 2453 2279 supponimus)
2492 2212 2720 2275 magna

177 2280 540 2358 inquietudo:
597 2290 728 2347 tum
778 2281 984 2362 quoad
1028 2283 1333 2355 animam,
1380 2296 1520 2343 eam
1568 2281 2035 2359 perturbando;
2102 2290 2233 2342 tum
2306 2278 2515 2358 quoad
2582 2294 2718 2340 cor-

173 2376 276 2437 pus,
310 2362 640 2440 physicam
683 2364 824 2441 ejus
870 2362 1426 2442 indispositionem
1471 2362 1786 2441 augendo.
1832 2361 1921 2422 Ad
1976 2376 2113 2422 rem
2176 2359 2480 2421 Billuart:
2551 2365 2723 2436 post-

173 2456 317 2518 quam
358 2441 588 2506 docuit
631 2459 802 2517 eum,
849 2445 954 2523 qui
1005 2458 1129 2505 non
1176 2448 1385 2520 potest
1428 2450 1623 2503 totam
1673 2441 1876 2521 legem
1912 2442 2200 2519 implere,
2240 2440 2440 2505 teneri
2480 2437 2559 2500 ad
2587 2453 2723 2517 par·

173 2530 268 2583 tem
303 2523 360 2584 in
402 2540 473 2585 re
518 2522 863 2597 divisibili,
906 2524 1175 2602 excipit:
1213 2520 1392 2585 Modo
1424 2524 1734 2585 terminus
1766 2523 2056 2601 potentioe
2091 2529 2153 2584 et
2181 2519 2558 2599 impotentiae
2588 2536 2714 2593 non

170 2602 237 2663 sit
263 2603 530 2667 incertus
579 2610 645 2667 et
683 2600 1037 2683 mbiquus,
1081 2604 1253 2665 sicut
1293 2603 1361 2664 in
1403 2601 1694 2681 infirmis,
1729 2603 1796 2665 in
1839 2601 2065 2682 quibus
2099 2602 2212 2664 vics
2255 2617 2331 2664 ac
2373 2617 2446 2662 ne
2490 2600 2600 2660 via>
2629 2599 2727 2660 ds·

171 2683 458 2747 terminari
492 2692 729 2765 potest,
773 2684 924 2764 quid
960 2692 1246 2764 possunt,
1285 2699 1479 2761 usque
1522 2700 1638 2762 quo
1681 2689 1966 2762 possunt,
2007 2691 2069 2766 e(
2110 2699 2233 2744 non
2293 2679 2497 2743 ultra.
2560 2678 2726 2742 Unde

169 2764 212 2823 si
239 2764 365 2826 dum
402 2783 532 2827 non
573 2772 842 2845 possunt
884 2771 1079 2827 totam
1120 2765 1312 2844 leqem
1355 2763 1631 2843 implere,
1680 2770 2041 2826 tenerentur
2100 2764 2184 2824 ad
2240 2767 2504 2840 partem,
2562 2758 2730 2838 foret

171 2842 299 2904 locus
348 2848 761 2926 pravissimis
819 2846 1142 2925 scrupulis
1183 2851 1248 2907 et
1304 2844 1607 2906 continua
1658 2845 2050 2924 perpleaeitas
2113 2843 2181 2906 in
2245 2839 2720 2932 determinanda

167 2933 326 3001 perte,
361 2928 442 2988 ad
484 2944 682 3006 quam
726 2933 1089 2990 tenerentur
1102 2946 1129 2998 ,·
1169 2932 1234 2987 et
1274 2925 1403 2987 ideo
1435 2924 1590 3001 jure
1628 2926 2037 3005 praesumitur
2079 2924 2152 2985 de
2194 2928 2395 2985 mente
2437 2937 2598 2999 oequi
2633 2919 2723 2981 le·

169 3003 465 3082 oblatoris,
509 3008 681 3086 quod
740 3024 863 3070 noa
911 3007 1065 3070 velit
1103 3011 1171 3069 in
1211 3002 1529 3069 similibus
1571 3003 1822 3069 casibus
1864 3003 2146 3084 obliqare
2187 3004 2271 3065 acl
2311 3008 2578 3083 partem.
2623 2999 2726 3062 Ita

167 3100 342 3163 oravet
390 3086 704 3170 Theoloqi.
739 3122 814 3133 —
865 3086 922 3149 V.
959 3087 1239 3166 Lignori,
1287 3085 1394 3164 Op.
1439 3083 1617 3161 Mor„
1664 3085 1704 3148 l.
1750 3102 1836 3162 nr,
1880 3102 1941 3147 n.
1988 3084 2123 3147 154.

222 3163 416 3231 m.
460 3167 531 3242 Q.
579 3169 637 3230 δ.
680 3168 783 3231 Aa
823 3168 1102 3230 recitans
1147 3185 1286 3229 cum
1328 3164 1478 3228 aliis
1520 3184 1727 3229 omnes
1767 3164 1988 3230 debeat
2026 3165 2295 3227 audire?

225 3242 282 3308 R.
334 3272 354 3300 ι
394 3247 664 3311 Certum
708 3259 806 3311 est
868 3263 1007 3311 cum
1035 3247 1366 3321 Holzman,
1395 3244 1766 3325 Roncaglia,
1800 3247 2029 3308 Azorio
2059 3241 2521 3321 etReginald0‚
2601 3239 2725 3303 uod

170 3338 268 3387 non
306 3337 556 3406 oportet
583 3331 649 3390 in
681 3330 878 3391 cboro
904 3329 1130 3392 audire
1161 3344 1385 3391 omnes
1400 3345 1420 3402 ς
1451 3328 1560 3390 sed
1589 3328 1821 3392 sufficit
1863 3342 2061 3389 unum
2094 3324 2341 3399 audire,
2379 3331 2445 3385 ct
2488 3339 2562 3384 su
2598 3321 2731 3384 ficit

171 3405 352 3468 andire
375 3413 439 3470 in
465 3409 741 3472 confuso
763 3410 989 3473 saltem
1021 3418 1265 3489 partem
1290 3407 1559 3473 alterius
1583 3409 1788 3483 cbori,
1815 3407 1966 3469 licet
1990 3406 2296 3468 distincte
2327 3412 2605 3482 nequeat
2629 3417 2730 3465 au·

170 3482 293 3549 dire
314 3485 396 3551 lta
441 3487 1011 3566 salmanticenses,
1053 3491 1159 3570 qui
1209 3498 1525 3554 testantur
1561 3489 1683 3551 boc
1706 3488 1937 3551 docere
1971 3487 2104 3549 fere
2134 3501 2360 3548 omnes
2402 3484 2729 3546 Doctores.

171 3562 248 3626 Sic
270 3570 503 3646 pariter
548 3580 651 3632 est
693 3577 960 3638 certum,
1004 3578 1086 3633 ut·
1115 3571 1301 3633 docet
1344 3568 1757 3634 innocentius
1802 3566 2074 3647 lll(c.1x
2097 3567 2169 3629 de
2206 3563 2431 3629 celebr.
2455 3563 2726 3640 Missae),

171 3648 300 3723 quod
340 3651 396 3711 si
435 3653 506 3713 in
570 3651 757 3713 choro
798 3652 1054 3713 omittas
1095 3650 1352 3730 aliquod
1391 3653 1595 3715 dicere
1636 3648 1895 3713 verbum
1937 3647 2260 3729 (intellige
2306 3662 2435 3708 non
2504 3642 2731 3722 ultra),

173 3742 266 3789 m
293 3746 553 3807 peccas‚·
595 3732 824 3793 chorus
866 3732 1030 3793 euim
1071 3731 1337 3811 supplet.

229 3831 250 3859 »
293 3808 407 3872 Sed
454 3828 539 3874 an
587 3812 940 3875 satisfaciat
983 3810 1235 3886 surdus,
1278 3812 1383 3890 qui
1451 3828 1531 3874 ex
1573 3808 1986 3895 ‘obligatione
2048 3804 2249 3869 choro
2313 3805 2589 3878 assistit,
2649 3810 2731 3894 ,et

173 3901 312 3950 suam
359 3900 610 3956 tantum
659 3897 886 3956 recitat
931 3893 1220 3971 partem?
1287 3892 1610 3954 affirmant
1671 3888 1927 3962 Suarez,
1992 3887 2290 3960 Escobat,
2354 3880 2730 3973 Roncaglia,

175 3961 250 4028 Sa.
280 3968 468 4050 Bagis
515 3983 730 4036 tamen
776 3976 933 4035 mibi
984 3973 1190 4052 placet
1231 3975 1549 4035 sententia
1595 3974 1881 4050 opposita
1915 3985 2058 4032 cum
2106 3966 2315 4042 Palao,
2357 3965 2725 4056 SancliesiO,

176 4041 1020 4129 Sahnanticensibns,'Elbel,
1066 4054 1173 4132 qui
1222 4053 1446 4115 dicunt
1496 4051 1762 4116 surdum
1806 4050 2039 4114 lucrari
2098 4045 2356 4127 quidem
2422 4041 2730 4107 distribu-

183 4128 365 4208 tiones,
405 4133 520 4195 sed
549 4168 556 4171 ‡
584 4136 792 4196 teneri
856 4135 931 4198 ad
1002 4128 1426 4214 repetendum
1495 4149 1619 4194 non
1686 4131 1950 4205 audita;
2019 4129 2184 4191 bene
2232 4135 2443 4187 tamen
2521 4132 2733 4213 potest

181 4208 356 4298 eudem
401 4223 692 4292 tempore
735 4215 1107 4278 satisfacere
1143 4214 1458 4277 submisse
1501 4211 1774 4275 dicendo
1821 4221 2062 4291 partem
2110 4207 2401 4297 alterius·
2452 4206 2649 4296 chori.
2694 4228 2716 4258 ι

183 4284 411 4369 hguorl,
457 4293 568 4373 Op.
610 4292 794 4364 Mor„
839 4293 880 4357 l.
923 4310 1010 4370 w,
1059 4310 1119 4357 n.
1167 4294 1302 4357 163.
1344 4291 1512 4356 Sane
1574 4291 1811 4355 surdus
1877 4306 2002 4352 non
2070 4294 2280 4367 potest
2342 4284 2493 4360 dici,
2525 4284 2726 4377 ,quod

183 4381 440 4443 quantum
489 4378 557 4435 iu
601 4392 671 4438 se
713 4384 814 4438 est
854 4391 997 4439 cum
1042 4375 1186 4438 aliis
1231 4375 1703 4445 communicet3
1747 4387 1888 4435 cum
1940 4374 2065 4431 imo
2114 4376 2313 4429 totum
2364 4382 2476 4445 per
2522 4381 2727 4445 ipsum

184 4448 262 4525 sit,
293 4454 448 4531 quod
497 4471 626 4517 non
675 4457 874 4534 possit
915 4460 1416 4519 communicare.
1462 4453 1725 4516 Diversa
1774 4460 1876 4513 est
1916 4450 2081 4512 ratio
2127 4446 2322 4539 illius,
2364 4447 2470 4525 qui
2506 4455 2731 4539 polens

181 4536 259 4589 “t
289 4537 775 4612 communicare,
808 4546 875 4598 et
917 4534 997 4599 de
1040 4536 1209 4599 facto
1257 4542 1565 4614 quantum
1615 4537 1680 4594 in
1726 4548 1794 4594 se
1830 4539 1951 4606 est,
1981 4537 2443 4602 communicat3
2479 4527 2589 4588 sed
2622 4524 2733 4588 ali·

183 4609 304 4687 qnid
335 4629 457 4677 non
506 4614 780 4695 percipit
821 4615 901 4679 ob
944 4615 1212 4679 alterius
1262 4614 1795 4693 impedimentum
1844 4608 2309 4674 tantummodo.
2537 4686 2547 4696 .

239 4688 429 4754 m.
473 4693 543 4768 Q.
582 4696 639 4760 6.
685 4694 851 4771 Quia
888 4696 960 4759 de
1001 4715 1067 4760 eo
1106 4698 1217 4777 qui
1256 4694 1580 4759 recitando
1621 4693 2021 4757 Breviarium
2060 4687 2343 4770 syllabas
2384 4685 2691 4749 mutilat?

243 4766 303 4834 R.
337 4770 397 4836 Si
440 4777 558 4840 ista
602 4775 921 4841 mutilatio
963 4788 1062 4842 est
1106 4780 1172 4840 in
1220 4776 1330 4839 tali
1372 4776 1755 4857 quantitate,
1797 4783 1868 4837 ut
1922 4788 2151 4835 sensus
2222 4767 2564 4831 verborum
2611 4777 2722 4825 no·
