3292 5167
1182 279 1187 284 .
1259 215 1715 290 annom-Arion&
2588 250 2594 256 .
2648 199 2782 268 763

192 318 330 384 lari
393 333 519 383 ecc.
583 319 714 382 tit:
784 316 1307 382 Non-interventa.
1353 353 1425 365 --
1469 316 2102 398 Delta-Margherita,
2161 318 2410 383 L’uomo
2464 321 2531 383 di
2582 319 2788 416 State,

201 400 368 474 1.-v1,
433 417 484 461 c.
548 400 623 462 4:
681 396 1190 473 Intervenzione,·
1256 401 1324 463 it.
1383 398 1814 463 Avvedimenti
1870 399 2136 478 politici,
2183 416 2234 478 c.
2279 399 2384 464 18:
2443 399 2778 467 Relaziom

194 478 404 542 d’uno
448 478 622 541 Stato
668 479 830 557 cogli
877 479 1048 542 altri.
2733 489 2737 500 '

283 560 360 622 Et
388 558 544 622 Kolb
570 558 853 622 Bet-‘nard
897 559 1157 640 egregie
1201 574 1353 622 saue
1396 557 1645 638 ajebat:
1705 584 1727 613 ‹
1771 556 1835 619 Io
1880 574 2005 620 non
2054 560 2356 622 cerchero
2401 560 2464 623 di
2510 577 2772 641 apprez·

190 643 350 703 zare
395 639 441 702 il
484 656 693 714 sensa,
737 656 771 703 e
818 637 863 701 il
906 656 1059 702 vero
1104 638 1327 719 spirito
1374 638 1476 702 del
1523 639 1841 718 principio
1885 637 1991 700 del
2035 656 2604 718 Nou-mmmmm,
2633 653 2815 722 sep·'

206 736 322 799 pur
352 736 494 782 esso
539 724 572 782 e
620 720 1078 800 unspriucipim
1112 738 1147 783 e
1181 735 1306 782 non
1346 721 1650 799 piuttosto
1679 734 1801 781 una
1837 718 1901 781 di
1939 718 2150 798 quelle
2183 723 2519 800 negazioni
2554 724 2773 786 sociali

190 800 266 863 di
314 799 413 863 cui
459 799 505 862 il
549 801 738 879 genio
770 800 1267 864 rivoluzionario
1305 800 1611 862 de’nostri
1643 800 1837 877 tempi
1871 814 1937 861 sa
1972 799 2105 861 cosi
2141 799 2490 865 abilmente
2523 812 2778 867 trovare

142 874 152 889 '
200 880 259 943 13
308 880 574 943 formola
619 881 698 943 ed
744 881 1026 960 applicar
1072 879 1266 944 l'uso.
1314 880 1374 942 [o
1422 897 1547 943 non
1596 882 1679 942 mi
1728 878 2007 942 fermero
2052 878 2126 941 ad
2178 883 2537 945 esaminare
2583 884 2775 963 quale

200 961 290 1023 sia
342 960 599 1023 l’indole
646 960 846 1040 logica
892 977 926 1023 e
973 961 1287 1040 legittima
1332 960 1395 1023 di
1440 968 1664 1041 questo
1710 961 1989 1037 sistema,
2020 958 2078 1022 13
2113 960 2211 1023 cui
2246 963 2496 1040 origine
2531 964 2778 1042 inglese

200 1042 288 1103 mi
336 1041 414 1104 da
457 1041 992 1119 legittimamente
1037 1058 1068 1104 3
1116 1050 1490 1121 sospettare,
1538 1040 1701 1102 dove
1748 1042 1871 1119 pub
1918 1042 2324 1117 cominciare,
2389 1042 2552 1106 dove
2615 1046 2777 1109 deve

200 1121 412 1184 finire.
457 1121 537 1184 Se
580 1121 666 1200 gli
714 1125 747 1183 e
794 1122 938 1184 dato
985 1122 1047 1184 di
1096 1122 1425 1201 prevalere
1471 1120 1567 1184 sul
1614 1121 1858 1198 diritt0,
1902 1119 2062 1183 sulla
2107 1122 2436 1200 giustizia,
2505 1124 2601 1187 sui
2661 1124 2774 1189 do·

202 1203 337 1263 veri
390 1201 908 1280 internazionali,
950 1201 1112 1265 suile
1156 1201 1519 1263 condizioni
1567 1200 1628 1263 di
1679 1203 1946 1280 rispetto
1993 1204 2342 1279 reciprocO,
2373 1219 2408 1265 e
2444 1203 2506 1266 di
2537 1204 2774 1267 solida·

114 1304 139 1328 1
199 1282 363 1344 rieta
409 1284 646 1345 morale
692 1281 808 1344 che
852 1292 1036 1362 porta
1085 1293 1176 1345 tra
1223 1284 1240 1342 i
1289 1282 1527 1344 diversi
1573 1280 1758 1356 Stati,
1810 1298 1929 1344 una
1977 1282 2211 1344 societ&
2260 1294 2565 1363 organata
2597 1300 2776 1349 come

196 1360 269 1423 fu
314 1362 404 1425 fin
450 1366 555 1442 qui
605 1362 659 1424 13
707 1365 945 1426 societa
989 1377 1283 1441 europea,
1331 1364 1389 1423 io
1434 1363 1636 1441 potrei
1686 1362 2007 1437 chiedere,
2044 1379 2123 1434 ‚se
2173 1361 2217 1423 il
2250 1365 2567 1444 principio
2604 1382 2774 1427 asso-

196 1440 340 1503 1uto
387 1441 489 1505 del
535 1459 1096 1519 Nou-mmmmm,
1140 1459 1315 1506 come
1363 1442 1402 1503 ι1
1453 1442 1771 1522 principio
1818 1442 2098 1505 assoluto
2145 1441 2312 1506 deila
2381 1446 2775 1510 nazioualita

199 1536 329 1583 non
378 1528 467 1584 sia
518 1523 568 1584 il.
607 1524 868 1586 lasciate
909 1524 1052 1602 fare
1095 1540 1129 1586 e
1176 1522 1219 1585 il
1268 1523 1528 1586 lasciate
1566 1539 1826 1603 passare
1872 1523 2039 1585 deile
2090 1524 2495 1587 rivoluzioni.
2541 1551 2561 1580 ·
2628 1525 2804 1595 Tar·.

191 1610 362 1665 nata
406 1604 622 1665 dell’li
671 1620 887 1665 marzo
951 1604 1100 1666 1861
1148 1603 1209 1665 31
1253 1603 1456 1682 Corpo
1505 1604 1864 1681 legislativo
1911 1603 2236 1666 francese:

279 1682 409 1744 Sed
458 1683 812 1760 infandum,
856 1700 1042 1763 quem
1090 1683 1441 1747 tenebrosae
1488 1684 1958 1746 conventiculae
2003 1683 2353 1748 ediderunt
2397 1695 2647 1764 partum
2696 1688 2774 1751 ad

200 1764 526 1827 societatis
615 1765 922 1826 erniciem
968 1764 1347 1827 solemniter
1390 1766 1766 1843 proscripsit
1816 1763 2167 1844 PiusPapa
2233 1764 2311 1827 IX
2366 1765 2771 1833 Allocutione

187 1842 277 1906 28
319 1853 480 1923 sept.
529 1844 554 1904 1
604 1844 698 1918 60,
745 1844 937 1907 Novas
983 1852 1044 1906 et
1084 1852 1229 1908 ante
1272 1845 1436 1907 hunc
1478 1844 1638 1907 diem
1683 1843 1998 1906 inauditos
2044 1862 2261 1921 ausus,
2295 1844 2399 1907 ubi
2441 1850 2771 1913 teterrima

198 1923 352 1986 inde
400 1926 794 1986 consectaria
839 1938 903 1988 et
948 1927 1234 2005 ingentia
1279 1928 1598 1987 societatis
1632 1925 1793 1987 mala
1828 1925 2145 2005 aperiens,
2178 1925 2473 1988 omnibus
2511 1938 2777 2007 potesta·

195 2004 367 2070 tibus
416 2006 632 2083 gravia
681 2006 873 2068 verba
920 2005 1089 2081 facit,
1137 2022 1213 2068 ne
1259 2006 1589 2084 contingat
1632 2008 1834 2085 utqui
1880 2006 2067 2069 hodie
2098 2005 2366 2068 aliorum
2404 2009 2776 2075 incendium

194 2083 451 2163 placide
496 2087 803 2163 intuetur,
848 2102 987 2148 cras
1033 2087 1355 2165 proprium
1409 2087 1625 2165 lugere
1673 2085 1921 2161 debeat,
1993 2092 2253 2148 nemine
2317 2089 2776 2154 sdccurrente:

194 2164 472 2228 rebellio
526 2165 683 2227 nulii
733 2167 974 2245 parcit;
1018 2168 1123 2229 sed
1173 2166 1467 2229 omuibus
1515 2165 1844 2230 blanditur
1888 2170 2187 2242 suaviter,
2237 2176 2304 2231 ut
2348 2184 2569 2231 omnes
2614 2169 2780 2235 alios

184 2253 337 2323 post
389 2245 546 2308 alios
591 2245 817 2325 perdat
858 2248 1168 2309 securius.
1230 2246 1562 2310 Abstinere
1627 2265 1747 2310 non
1808 2265 2132 2326 possumus
2197 2245 2417 2326 (habet
2484 2249 2774 2315 Pontifex

186 2326 536 2404 summus),
580 2327 733 2405 quin
770 2334 1001 2407 praeter
1046 2327 1177 2389 alia
1220 2328 1599 2406 deploremus
1645 2324 1963 2406 funestum
2006 2345 2079 2390 ac
2135 2329 2552 2406 perniciosum
2603 2334 2778 2409 prin·

186 2406 439 2485 cipium
484 2406 641 2486 quod
660 2408 973 2470 vocantde
1001 2408 1554 2483 Non-intervenio,
1600 2424 1639 2470 a
1670 2408 2040 2487 quibusdam
2082 2406 2406 2488 puberniis
2451 2409 2619 2472 baud
2681 2414 2778 2477 ita

186 2487 458 2563 pridem,
503 2487 722 2549 ceteris
770 2486 1207 2564 tolerantibus,
1250 2490 1711 2567 proclamatum
1754 2495 1814 2551 et
1857 2486 2209 2551 adhibitum
2257 2493 2449 2552 ctiam
2503 2509 2642 2554 cum
2702 2497 2772 2558 de

187 2569 365 2644 injus
385 2573 449 2628 ta
493 2567 771 2646 alicujus
812 2566 1108 2648 pubernii
1149 2577 1369 2632 contra
1405 2570 1580 2631 aliud
1622 2572 2015 2649 aqpressione
2059 2577 2338 2649 opacum
2375 2572 2468 2632 ita
2503 2582 2575 2634 ut
2612 2592 2773 2652 quoe-

180 2646 329 2710 dam
384 2649 578 2709 veluti
620 2649 965 2726 impunitas
1008 2666 1083 2711 ac
1126 2650 1384 2713 licentia
1428 2651 1762 2730 impetendi
1805 2658 1866 2712 et
1912 2650 2253 2730 diripiendi
2322 2652 2534 2715 aliena
2587 2653 2773 2732 jura,

182 2728 631 2807 proprietates,
674 2735 737 2790 et
776 2730 1038 2791 ditiones
1082 2731 1253 2809 ipsas
1281 2738 1522 2792 -eontra
1564 2730 1810 2793 divinas
1857 2730 2284 2810 humanasque
2329 2732 2485 2812 leqes
2528 2737 2775 2799 sanciri

189 2808 529 2879 videatur;
576 2810 1079 2889 quemadmodum
1126 2811 1571 2874 luctuosanne
1617 2818 1971 2889 tempestate
2014 2812 2325 2873 cernimus
2368 2813 2628 2877 evenire.
2691 2816 2777 2879 Et

189 2889 557 2951 mirandum
587 2889 861 2970 profecto
906 2891 1065 2969 quod
1108 2889 1593 2970 uni.subalpino
1630 2890 1936 2971 pubernio
1967 2893 2213 2970 impune
2245 2893 2433 2954 liceat
2467 2895 2772 2969 ejusmodi

190 2969 588 3049 principium
631 2970 942 3049 despicere
984 2987 1061 3031 ac
1102 2972 1359 3046 violare,
1409 2990 1545 3036 cum
1616 2973 1931 3034 videamus·
1990 2973 2189 3051 ipsum
2249 2973 2584 3036 hostilibus
2639 2978 2774 3042 suis

180 3050 412 3128 copiis,
456 3051 749 3113 universa
776 3049 1028 3129 Europa
1060 3052 1460 3131 inspectante,
1492 3053 1558 3115 in
1587 3051 1828 3115 alienas
1861 3052 2126 3114 ditiones
2162 3055 2529 3133 irrumpere,
2567 3057 2770 3136 lepiti-

193 3146 450 3209 mosque
493 3147 571 3191 ex
614 3131 745 3192 illis
791 3131 1115 3211 Principes
1159 3130 1544 3195 exturbare:
1587 3150 1667 3194 ecc
1697 3150 1814 3212 quo
1845 3134 2197 3212 perniciosa
2231 3138 2635 3214 consequitur
2667 3138 2769 3202 ab·

176 3211 507 3284 surditas,
554 3211 829 3272 alienum
871 3229 1080 3291 nempe
1124 3213 1541 3275 interventum
1582 3212 1919 3275 dumtaxat
1957 3213 2212 3276 admitti
2251 3214 2333 3276 ad
2378 3214 2774 3282 rebellionem

186 3291 630 3353 suscitandam
663 3301 850 3371 atque
882 3291 1219 3371 fovendam.
1462 3293 1473 3306 '
2531 3365 2538 3372 ,
2633 3351 2642 3363 .

270 3370 441 3433 Hinc
482 3380 690 3434 autem
731 3381 1079 3452 opportuna
1121 3371 1312 3437 Nobis
1355 3373 1566 3436 oritur
1616 3374 1856 3434 occasio
1899 3373 2221 3436 excitandi
2264 3390 2467 3437 omnes
2513 3377 2775 3459 Europae

184 3451 548 3530 Principes,
589 3461 680 3527 ut,
710 3469 820 3531 pro
848 3462 1131 3533 spectata
1178 3455 1456 3533 ipsorum
1497 3453 1746 3515 consilii
1779 3460 2098 3531 pravitate
2141 3461 2203 3516 ct
2240 3455 2577 3534 sapientia,
2610 3462 2771 3523 serio

186 3532 588 3612 perpendant
628 3550 763 3612 quoe
807 3541 1163 3613 quantaque
1206 3535 1375 3597 mala
1420 3536 1486 3595 in
1517 3534 1877 3596 detestabili
1899 3552 2072 3613 quem
2110 3534 2525 3599 lamentamur
2553 3548 2774 3602 eventu

191 3613 625 3675 cumulentur.
671 3615 907 3693 Apitur
949 3616 1111 3676 enim
1154 3616 1223 3677 de
1269 3615 1527 3677 immani
1570 3614 1928 3690 violatione,
1977 3632 2109 3695 auce
2152 3625 2373 3678 contra
2417 3620 2772 3683 universale

184 3695 478 3772 pentium
529 3692 641 3754 Jus
687 3696 972 3772 nequiter
1014 3703 1108 3757 est
1134 3701 1418 3774 patrata,
1461 3711 1719 3774 quoeque·
1745 3696 1874 3755 nisi
1904 3697 2148 3757 omnino
2177 3705 2554 3774 coerceatur,
2592 3700 2773 3766 nulla

182 3775 478 3852 deinceps
524 3773 788 3854 leqitimi
828 3774 1130 3854 cujusque
1163 3775 1340 3852 suris
1382 3776 1654 3854 firmitas
1701 3791 1774 3838 ac
1811 3777 2118 3840 securitas
2153 3779 2390 3856 poterit
2415 3781 2773 3843 consistere.

183 3856 433 3935 Apitur
474 3855 544 3915 de
586 3853 945 3917 rebellionis
983 3856 1320 3934 principio,
1364 3857 1469 3916 cui
1497 3854 1900 3934 subalpinum
1927 3854 2323 3936 pubernium,
2362 3861 2638 3939 turpiter
2673 3864 2768 3923 in·

176 3935 408 4009 servit,
429 3941 490 3996 et
509 3952 588 3996 ex
624 3953 740 4014 quo
761 3953 1026 4014 pronum
1059 3942 1153 3998 est
1188 3936 1558 4015 intelligere,
1585 3946 1892 4016 quantum
1921 3937 2144 4017 cuique
2189 3938 2492 4017 pubernio
2542 3942 2768 4005 discri-

186 4032 331 4078 men
379 4015 447 4078 in
489 4016 617 4076 dies
662 4024 1075 4095 comparetur,
1117 4024 1178 4078 et
1218 4026 1456 4095 quanta
1502 4018 1569 4079 in
1610 4018 1969 4080 universam
2011 4019 2253 4079 civilem
2297 4020 2652 4083 societatem
2682 4041 2773 4086 re·

166 4095 430 4160 dundet
467 4097 794 4174 pernicies,
837 4113 975 4158 cum
1018 4096 1114 4158 ita
1155 4095 1356 4176 fatali
1396 4098 1834 4159 communismo
1877 4098 2093 4161 aditus
2137 4102 2488 4178 aperiatur.
2537 4104 2774 4182 Apitur

174 4180 251 4240 de
297 4175 558 4239 violatis
602 4175 975 4241 solemnibus
1018 4175 1558 4251 Concentionibus,
1602 4195 1733 4256 quae
1769 4180 1865 4239 uti
1899 4177 2171 4241 aliorum
2208 4185 2274 4242 in
2307 4180 2560 4260 Europa
2592 4187 2769 4262 prin·

164 4258 530 4338 -cipatuum,
556 4260 645 4321 ita
669 4259 858 4319 etiam
891 4258 1097 4321 civilis
1126 4257 1469 4338 Pontificioe
1499 4257 1768 4320 Ditionis
1804 4258 2231 4339 intepritatem
2260 4269 2490 4322 sertam
2517 4271 2770 4328 tectam·

178 4355 299 4419 que
334 4342 587 4401 servari
621 4340 865 4400 omnino
896 4341 1246 4418 postulant.
1292 4341 1336 4399 A
1347 4342 1522 4419 pitur
1570 4339 1641 4400 de
1685 4338 1960 4401 violenta
2001 4340 2346 4419 direptione
2378 4343 2559 4406 illius
2590 4349 2768 4424 prin·

172 4420 461 4499 cipatus,
504 4425 612 4499 qui
650 4420 971 4498 sinpulani
1013 4420 1238 4482 divinae
1276 4419 1689 4481 Providentiae
1730 4420 1989 4481 consilio
2027 4420 2297 4482 Romano
2337 4424 2630 4504 Pontifici
2659 4429 2769 4490 da-

172 4508 282 4563 tus
328 4504 429 4560 est
469 4501 549 4562 ad
592 4500 1012 4579 Apostolicum
1056 4518 1235 4561 suum
1280 4499 1709 4563 Ministerium
1755 4501 1821 4560 in
1863 4501 2221 4564 univers-am
2257 4503 2605 4568 Ecclesiam
2639 4508 2769 4587 ple-

175 4580 457 4644 nissima
502 4579 794 4644 libertate
836 4580 1321 4644 exercendum...
1366 4580 1587 4659 Itaque
1643 4577 1926 4643 amnibus
1986 4584 2294 4660 supremis
2360 4587 2771 4668 Principibus

160 4674 555 4743 persuasum
576 4680 702 4725 esse
736 4660 913 4727 debet
937 4661 1232 4727 Nostram
1267 4677 1406 4725 cum
1428 4659 1713 4742 Ipsorum
1737 4676 1934 4726 causa
1956 4661 2144 4741 plane
2172 4681 2305 4727 esse
2340 4668 2774 4746 coniunctam,
