3292 5167
1440 261 1518 306 nt
1567 260 1705 306 mni-3
2368 222 2375 225 ⁸
2592 274 2602 289 s
2718 238 2848 306 639

250 398 347 414 —-
392 363 461 449 7)
508 362 982 432 haereticorum
1028 361 1599 433 denuntiationem
1646 359 2148 445 dissuadentes,
2193 360 2318 431 nisi
2388 362 2500 431 fiat
2550 382 2629 431 ex
2679 363 2849 430 ami-

257 471 443 540 citia:
493 472 652 539 item
699 468 1053 539 haereticos
1101 469 1493 540 denuntiare
1526 470 1957 556 negligenteS,
2006 469 2062 538 si
2113 458 2467 539 teneantur
2504 491 2586 539 ex
2628 471 2848 539 officio

256 576 683 673 denuntiare,
730 609 819 625 —-—
862 578 936 664 8)
986 577 1187 646 sectis
1235 577 1666 645 clandestinis
1719 594 1960 644 nomen
2011 575 2243 644 dantes
2302 576 2348 641 ¹.

348 685 647 753 Diximus
701 685 777 751 2:
807 685 1164 752 Generatim
1203 684 1521 770 loquendo,
1558 701 1710 750 nam
1746 683 1870 751 nisi
1909 690 2141 769 agatur
2174 681 2255 751 de
2289 681 2750 752 haeresiarchis
2785 690 2850 753 et

256 791 590 861 haereticis
638 792 1229 878 dogmatizantibus
1279 792 1393 878 qui
1456 808 1722 876 semper
1783 790 2252 871 denuntiandi,
2290 797 2391 859 .ut
2452 792 2838 877 provideant

257 898 570 985 Episcopi
621 897 839 984 quoad
873 905 1175 983 possunt,
1212 915 1364 969 cum
1398 896 1674 965 haeresis
1708 896 1795 964 sit
1828 896 2037 982 pestis
2071 903 2205 964 tam
2255 897 2449 965 noxia
2485 915 2634 984 quae
2689 899 2856 967 diffi-

258 1006 384 1075 cile
433 1005 628 1073 habet
677 1003 1043 1073 remedium
1089 1003 1145 1073 si
1193 1004 1399 1073 semel
1447 1003 1700 1072 radices
1750 1003 1978 1089 egerit.
2054 1003 2285 1085 Quoad
2349 1011 2610 1073 ceteros
2715 1007 2852 1074 sive

258 1113 618 1182 haereticos
676 1114 812 1181 sive
880 1112 961 1181 de
1007 1112 1248 1182 haeresi
1317 1118 1668 1198 suspectos
1731 1112 1961 1197 (etiam
2007 1115 2359 1198 massonus)
2411 1132 2545 1182 non
2593 1131 2858 1198 semper

260 1226 455 1307 urget
503 1220 841 1305 obligatio,
877 1236 993 1287 eos
1042 1218 1493 1287 denuntiandi.
1530 1218 1698 1287 Hinc
1730 1237 2086 1287 commune
2120 1228 2243 1297 est,
2280 1219 2852 1288 denuntiationem

265 1328 413 1397 sine
461 1335 737 1414 peccato
788 1326 1042 1397 omitti:

445 1438 503 1502 1.
552 1436 620 1502 Si
669 1444 898 1519 agatur
947 1433 1026 1501 de
1074 1432 1523 1501 denuntiando
1574 1451 1647 1501 se
1696 1433 1878 1518 ipso;
1928 1432 2082 1517 quia
2132 1449 2325 1500 nemo
2394 1445 2636 1500 tenetur
2694 1453 2856 1521 pro-

251 1541 472 1629 priam
508 1540 772 1628 prodere
815 1539 1279 1626 turpitudinem.
1355 1538 1511 1611 Ideo
1546 1546 1611 1607 et
1674 1538 1936 1624 quando
1986 1539 2201 1622 agitur
2260 1538 2341 1606 de
2407 1536 2859 1606 denuntiando

269 1647 614 1734 complice,
693 1647 746 1714 si
813 1636 1089 1714 id'fieri
1158 1645 1406 1732 nequit,
1472 1646 1632 1731 quin
1707 1645 2103 1716 denuntians
2173 1664 2245 1715 se
2309 1646 2683 1715 manifestet
2703 1672 2723 1727 3
2771 1683 2860 1695 —-

263 1757 335 1842 2)
363 1754 625 1841 quando
675 1736 1278 1822 denuntiatioefieri
1327 1754 1560 1839 nequit
1608 1752 1753 1822 sine
1801 1752 1979 1839 gravi
2030 1752 2455 1822 incommodo
2483 1806 2501 1837 ,
2551 1754 2647 1821 uti
2695 1752 2860 1822 defi-

269 1862 431 1930 nivit
470 1863 534 1929 S.
573 1861 1010 1947 congregatio
1046 1862 1131 1927 22
1156 1861 1292 1947 jan.
1331 1861 1523 1928 1727.
1560 1859 1725 1928 Hinc
1760 1861 1941 1945 ajunt
1977 1879 2192 1946 neque
2227 1861 2499 1928 fratrem
2532 1878 2856 1944 sororem,

267 1987 487 2056 neque
534 1980 789 2054 patrem
838 1968 1047 2037 filium
1094 1967 1302 2037 teneri
1357 1967 1795 2049 denuntiare;
1843 1967 2108 2054 quiaid
2158 1975 2391 2036 natura
2460 1968 2728 2054 refugit,
2793 1979 2858 2037 et

266 2078 447 2146 esse't
505 2076 571 2143 in
638 2076 982 2162 proprium
1058 2072 1367 2143 dedecus.
1437 2078 1576 2143 Hoc
1641 2081 1860 2143 tamen
1940 2074 2480 2161 intelligendum,
2545 2076 2601 2143 si
2669 2077 2859 2145 abest

267 2183 639 2270 periculum
687 2182 907 2250 damni
956 2183 1347 2265 communis,
1400 2181 1895 2269 quod.semper
1967 2183 2286 2269 praevalet
2356 2190 2587 2251 nostro
2652 2185 2861 2265 bono;

266 2327 359 2339 -
404 2292 473 2377 3)
522 2290 786 2377 quando
837 2289 1013 2357 nulla
1062 2295 1166 2357 est
1212 2307 1366 2375 spes
1415 2290 1826 2376 punitionis,
1876 2307 2026 2358 nam
2063 2290 2143 2357 ad
2179 2309 2347 2378 opus
2397 2292 2628 2360 inutile
2668 2309 2861 2360 nemo

268 2405 570 2466 tenetur:
623 2396 715 2463 uti
766 2403 942 2464 esset
976 2396 1042 2463 in
1081 2396 1160 2464 iis
1194 2395 1380 2481 lociS,
1434 2396 1541 2464 ubi
1593 2396 1887 2465 haeretici
1938 2398 2280 2465 catholicis
2330 2397 2639 2484 permixti
2676 2408 2862 2481 sunt,

265 2505 368 2573 vel
417 2503 528 2572 ubi
579 2503 696 2590 (ait
744 2504 822 2571 cl.
871 2501 1113 2589 Alasia)
1166 2510 1342 2570 tanta
1376 2511 1476 2570 est
1515 2503 1683 2571 male
1716 2502 2146 2572 sentientium
2181 2502 2261 2571 de
2296 2504 2641 2590 Religione
2681 2507 2864 2572 mul-

271 2611 514 2696 titudo,
574 2620 645 2679 ut
695 2630 810 2680 eos
873 2610 1179 2696 superior
1240 2608 1603 2678 nullimode
1667 2611 1904 2696 punire
1972 2618 2189 2698 queat,
2261 2620 2462 2697 prout
2534 2612 2731 2681 hodie
2798 2613 2870 2680 in·

276 2720 457 2788 omni
493 2720 630 2788 fere
664 2718 934 2804 regione
959 2716 1365 2819 evenit-Hoc
1398 2725 1627 2785 autem
1656 2735 1786 2785 non
1816 2719 2020 2787 currit
2052 2718 2132 2786 de
2161 2718 2626 2787 ecclesiasticis
2658 2720 2711 2788 si
2754 2720 2866 2806 qui

274 2822 578 2895 haeretici
629 2824 728 2893 vel
778 2824 858 2892 de
907 2823 1147 2892 haeresi
1197 2823 1490 2909 suspecti
1531 2823 1912 2892 habeantur
1929 2850 1948 2906 ;
1989 2824 2118 2893 illis
2157 2826 2332 2893 enim
2366 2826 2619 2893 facilius
2654 2826 2867 2894 valent

273 2934 622 3020 providere
668 2931 1005 3020 Episcopi,
1051 2939 1117 3000 et
1165 2931 1406 3000 damno
1459 2950 1817 3000 occurrere
1851 2933 2177 3019 spirituali
2215 2933 2669 3019 populorum,
2707 2932 2855 3001 ideo

273 3041 344 3109 in
393 3041 571 3109 omni
622 3057 779 3108 casu
826 3046 1139 3126 putamus
1189 3056 1304 3107 eos
1353 3038 1853 3107 denuntiandos
1904 3056 2071 3107 esse.
2683 3030 2690 3038 ’

366 3149 581 3215 922.
633 3149 704 3227 Q.
753 3151 814 3215 4.
867 3148 1168 3227 Quoenam
1214 3157 1359 3212 sunt
1398 3165 1600 3233 poenoe
1645 3148 1716 3212 in
1762 3147 2078 3213 haereticos
2124 3147 2477 3229 constitutae
2497 3150 2529 3212 5>

367 3257 438 3322 R.
487 3256 690 3322 Poena
736 3254 886 3322 latae
935 3255 1014 3325 ab
1062 3253 1526 3322 Ecclesiastica
1574 3253 1971 3322 auctoritate
2006 3259 2361 3339 sequentes
2399 3259 2872 3321 enumerantur
2936 3326 2943 3335 .

280 3381 361 3431 ex
410 3362 605 3430 variis
651 3363 827 3431 Juris
873 3362 1172 3431 canonici
1224 3360 1716 3446 capitibusz—
1751 3361 1815 3447 1)
1866 3361 2467 3429 excommunicatio
2520 3361 2668 3429 latae
2727 3377 2875 3428 sen-

280 3469 510 3537 tentiae
553 3476 618 3537 ²:
670 3478 736 3537 et
775 3476 875 3537 est
923 3468 1227 3537 Pontifici
1279 3474 1608 3537 reservata
1657 3469 1778 3554 per
1823 3468 2081 3535 Bullam
2119 3469 2483 3548 Coenae,·-—
2513 3468 2582 3554 2)
2617 3467 2874 3551 irregu-

282 3576 530 3660 lar-itas,
581 3595 778 3663 quam
827 3577 1025 3644 etiam
1095 3575 1444 3643 incurrunt
1506 3573 1978 3642 haereticorum
2042 3574 2156 3641 filii
2227 3569 2296 3656 ⁸3
2341 3612 2431 3622 —
2477 3576 2546 3660 3)
2597 3573 2873 3659 privatio

279 3682 764 3769 jurisdictionis
798 3680 1161 3768 spiritualis
1202 3679 1420 3767 quoad
1460 3681 1642 3767 illos,
1681 3683 1791 3769 qui
1822 3682 2209 3751 nominatim
2238 3690 2392 3750 sunt
2417 3679 2787 3750 denuntiati
2822 3683 2874 3761 ⁴3

284 3829 375 3841 —
406 3792 475 3878 ἰι)
523 3790 899 3859 inhabilitas
949 3789 1031 3856 ad
1075 3788 1404 3857 Beneficia
1454 3790 1847 3858 obtinenda:
1903 3798 1968 3860 et
2016 3792 2160 3860 haec
2209 3791 2430 3858 statim
2494 3788 2874 3857 incurritur.

287 3902 455 3970 Item
503 3898 784 3986 privatio
835 3896 1344 3980 Beneficiorum,
1395 3897 1450 3965 si
1501 3915 1652 3984 quae
1693 3899 1828 3985 Jam
1879 3899 2122 3968 fuerint
2170 3899 2445 3968 collata:
2496 3904 2561 3965 et
2610 3895 2880 3983 quidem

292 4014 616 4093 quantum
666 4004 749 4072 ad
798 4005 1063 4073 titulum
1112 4005 1389 4091 privatio
1439 4005 1764 4091 contingit
1811 4008 1958 4094 ipso
2007 4008 2200 4089 fact0,
2256 4005 2702 4097 unde-statim
2750 4004 2883 4071 fru-

292 4121 440 4211 ctus
489 4120 750 4182 cessant
783 4119 846 4195 ⁵;
897 4119 1216 4199 quantum
1265 4129 1419 4181 vero
1471 4112 1551 4180 ad
1585 4116 2106 4198 possessionem,
2147 4113 2511 4200 requiritur
2552 4110 2880 4181 sententia

357 4330 380 4369 ¹
423 4333 478 4384 V.
513 4333 743 4398 Lignori,
780 4331 820 4381 Ο
855 4342 916 4381 us
945 4329 1104 4388 Mor„
1137 4328 1171 4378 Ι.
1207 4339 1261 4378 ιιι
1298 4338 1352 4377 n.
1385 4331 1445 4380 27
1465 4339 1480 4390 ;
1515 4328 1550 4379 l.
1584 4339 1662 4388 iv,
1698 4338 1792 4378 nn.
1824 4329 1919 4380 249
1951 4329 2003 4380 et
2034 4338 2182 4390 seqq.

356 4394 382 4461 ,ἱ
413 4395 471 4446 C.
505 4398 769 4455 Noverint,
840 4408 869 4445 e
895 4394 1045 4466 seut..
1066 4414 1128 4426 —
1169 4389 1224 4440 V.
1262 4390 1492 4452 higuera,
1527 4391 1616 4464 Op.
1652 4390 1807 4464 Mor„
1844 4390 1876 4441 Ι.
1909 4400 2002 4462 vu,
2036 4401 2128 4441 nn.
2162 4391 2258 4441 300
2287 4391 2343 4462 et
2373 4394 2525 4500 ⁸⁰22·
2550 4414 2615 4469 3-
2636 4387 2880 4462 SalzanO,

297 4457 455 4510 corso
486 4461 540 4510 dt
571 4459 744 4510 Stoma
772 4458 1127 4513 ecclesiastem,
1161 4451 1197 4503 l.
1234 4464 1324 4512 xv,
1360 4454 1386 4515 ἦ
1417 4457 1472 4506 9;
1511 4455 1827 4516 chressaone
1857 4466 1919 4503 su
1951 4454 2003 4503 dc
2037 4466 2143 4504 ana
2170 4456 2405 4503 duttmna
2499 4452 2517 4502 l
2556 4457 2634 4501 (ια
2647 4455 2770 4502 azot.
2821 4450 2880 4500 lt.

293 4522 325 4583 5
357 4522 443 4572 15:
477 4521 724 4584 Soontma
754 4520 887 4583 deon
918 4518 1184 4586 Albine-sig
1216 4515 1579 4578 Inquisizione.

362 4583 385 4622 ⁸
410 4583 468 4634 C.
505 4584 764 4635 Statutum
799 4595 856 4643 ιι,
890 4580 956 4632 de
989 4580 1138 4638 haer.‚
1172 4588 1227 4626 in
1262 4581 1309 4628 6.

362 4643 386 4684 ⁴
419 4649 502 4698 Ex
535 4648 765 4706 Decreto,
797 4658 850 4707 p.
884 4655 940 4704 ιι,
975 4652 1141 4692 causa
1170 4640 1250 4700 24,
1286 4651 1340 4704 q.
1379 4643 1423 4702 1,
1458 4652 1581 4694 can.
1614 4640 1657 4690 4-
1679 4642 1730 4692 et
1761 4639 1841 4691 36.

364 4707 390 4747 ⁸
422 4711 501 4760 Ex
531 4710 702 4770 Seaeto,
737 4707 772 4757 Ι.
804 4718 858 4769 v,
894 4706 971 4758 tit.
993 4708 1054 4764 2,
1088 4712 1205 4764 cap.
1241 4704 1321 4754 12.
