3292 5167
537 183 688 251 ³566
1583 207 1699 255 tin.
1748 209 1811 256 ιι.
1864 208 2075 255 rmcr.
2123 207 2225 255 vu.

551 304 662 367 sed
712 305 903 367 etiam
946 318 1088 385 quae
1135 306 1298 386 passi
1345 311 1496 371 sunt
1537 309 1658 451 igsi
1703 309 2110 386 mandatarii,
2150 315 2218 371 et
2258 324 2481 371 eorum
2523 306 2786 372 familia.
2836 308 2911 372 At
2958 309 3137 390 cogi·

553 391 779 447 tantne
823 385 902 447 de
944 386 1512 465 bisreparandis‘l
1604 391 1854 467 ogitent
1898 407 2052 469 ergo
2116 390 2496 453 confessarii
2540 390 2681 452 sine
2724 389 3143 454 absolutione

481 492 490 502 ·
556 465 958 528 dimittentes
1003 466 1413 532 mandantem
1459 485 1788 549 quousque
1831 469 2241 534 satisfecerit.

632 544 843 606 828.
888 544 955 619 Q.
997 546 1054 608 2.
1097 547 1199 610 An
1238 549 1544 612 mandans
1589 555 1880 614 teneatur
1933 552 2007 613 de
2060 551 2304 613 damnis
2367 566 2502 628 quoe
2561 549 3009 612 mandatarius
3052 567 3141 614 ecc

555 641 766 687 errore
808 625 1187 705 inculpabili
1226 629 1420 691 alteri
1462 631 1721 694 intulit.-
1765 637 1839 693 ut
1881 632 1940 694 si
1980 631 2119 712 quis
2160 630 2527 698 mandatum
2555 647 2594 692 a
2635 629 2796 693 Titio
2823 631 3145 711 acceperit

554 705 878 770 occidendi
918 709 1208 783 Paulum,
1250 711 1353 773 sed
1393 726 1471 773 ex
1513 727 1727 774 errore
1781 709 2143 775 invincibili
2181 711 2428 775 occidat
2469 711 2774 774 Petrum?

637 785 709 849 R.
750 784 912 850 Sunt
947 788 1054 867 qui
1099 789 1448 864 affirmant;
1492 793 1636 869 quia
1686 792 1997 855 mandans
2053 792 2383 855 mandavit
2447 792 2775 855 bominem
2816 789 3139 866 occidere,

557 874 625 929 et
662 868 1100 931 mandatarius
1144 885 1369 934 revera
1406 870 1733 934 hominem
1768 872 2019 935 occidit.
2048 872 2287 936 Verum
2317 863 2426 935 alii
2469 881 2705 951 negant
2734 870 3143 950 probabilius

559 961 702 1009 cum
745 948 1074 1029 Lyonnet,
1115 948 1373 1029 Vogler‚
1421 960 1579 1027 etc.;
1622 967 1768 1014 nam
1816 961 2107 1032 respectu
2151 954 2492 1016 occisionis
2538 952 2709 1015 Petri
2755 966 2882 1014 non
2930 958 3147 1030 potest

559 1026 713 1103 dici,
750 1028 915 1108 quod
952 1029 1156 1092 Titius
1200 1030 1396 1095 fuerit
1439 1033 1771 1108 mandans,
1818 1051 1959 1097 cum
2006 1050 2175 1096 mors
2220 1033 2390 1097 Petri
2425 1033 2670 1096 accidat
2712 1032 2977 1094 omnino
3021 1045 3137 1111 per

560 1123 847 1171 errorem
891 1110 1301 1187 mandatarii,
1349 1126 1477 1175 non
1525 1124 1784 1193 propter
1829 1115 2233 1190 mandatum3
2277 1113 2646 1176 mandatum
2684 1114 2857 1175 enim
2895 1112 3001 1173 bic
3032 1127 3133 1173 oc·

562 1190 733 1251 casio
777 1199 913 1264 est,
961 1206 1092 1252 non
1135 1201 1348 1256 autem
1392 1210 1599 1258 causa.
1642 1194 1857 1274 Neque
1903 1204 2052 1258 tunc
2094 1194 2407 1257 mandans
2454 1193 2998 1270 irregularitatem
3045 1193 3145 1253 in-

560 1269 801 1412 effutit,¹
829 1279 900 1332 nt
940 1271 1535 1416 etiamssggteclaravit
1573 1273 1633 1338 S.
1671 1274 1939 1337 Concilii
1972 1275 2419 1355 congregatio.
2452 1310 2527 1320 —
2570 1274 2632 1336 V.
2656 1274 2937 1362 Lignori,
2971 1270 3147 1352 Opus-

630 1368 744 1422 0r‚,
811 1397 825 1411 .
874 1366 978 1425 ιιι,
1024 1366 1083 1413 ιι.
1249 1402 1263 1415 .
2688 1405 2695 1410 .

642 1429 848 1490 ΒΞΔ.
893 1430 958 1502 Q.
1002 1431 1056 1493 3.
1105 1431 1267 1507 Quia
1306 1435 1536 1515 siquis
1569 1435 1714 1513 sam
1741 1436 1831 1497 sit
1856 1442 2025 1499 certo
2055 1436 2505 1499 determinatas
2546 1435 2627 1498 ad
2668 1434 2966 1523 damnant
2989 1448 3133 1525 pro·

565 1510 737 1572 mimo
781 1509 1192 1590 inferendum,
1234 1533 1287 1576 v.
1330 1534 1407 1596 9.,
1441 1517 1523 1578 ad
1564 1516 1973 1588 occisionem
2015 1523 2081 1578 et
2111 1518 2278 1580 aiter
2312 1533 2436 1580 non
2468 1517 2528 1578 ei
2553 1514 2838 1588 suadeat,
2880 1529 3010 1575 nist
3044 1511 3149 1575 vel

565 1591 853 1666 medium,
898 1610 948 1653 v.
991 1608 1070 1673 9.,
1105 1610 1420 1666 venenum,
1465 1596 1559 1660 vei
1600 1596 1820 1673 locum,
1862 1616 1915 1658 v.
1956 1613 2034 1673 9.,
2077 1598 2495 1670 solitudinem,
2540 1595 2634 1660 vel
2680 1601 2941 1673 tempus,
2976 1611 3032 1655 v.
3061 1609 3143 1674 q.‚

562 1669 740 1733 hodie
781 1679 845 1734 et
884 1690 1006 1735 non
1046 1677 1336 1738 crastina
1378 1677 1495 1751 dia,
1542 1678 1692 1755 quia
1733 1684 1828 1740 est
1858 1677 2136 1757 festiva?

644 1750 715 1814 R.
758 1752 1002 1831 Duplex
1045 1758 1384 1819 sententia.
1433 1757 1653 1820 Prima
1695 1773 1836 1820 cnm
1882 1757 2203 1836 Caietano,
2244 1755 2403 1820 Viva
2440 1755 2713 1835 aliisque
2757 1754 2949 1816 docet
2989 1767 3138 1842 con·

566 1832 884 1895 sulentem
933 1837 1138 1897 teneri
1185 1836 1258 1898 ad
1309 1839 1819 1913 restitutionem3
1861 1839 2008 1916 quia
2054 1837 2456 1920 suggerendo
2498 1834 2757 1899 modum
2812 1841 3149 1897 concurrit

567 1911 645 1973 ad
694 1912 1113 1976 substantiam
1159 1917 1401 1995 damni,
1449 1919 1802 1996 praesertim
1847 1921 1899 1980 si
1947 1935 2057 1998 per
2100 1918 2575 1997 suggestionem
2612 1917 2675 1977 in
2709 1929 2896 1977 causa
2930 1918 3037 1985 sit,
3073 1925 3147 1977 ut

565 1991 731 2054 alter
774 1993 1075 2057 damnum
1121 1999 1312 2061 citius
1358 1997 1627 2064 inferat:
1675 1996 1787 2059 illo
1830 2000 2003 2061 enim
2050 1999 2352 2079 temporis
2383 1996 2727 2060 intervallo
2756 1996 3143 2073 contingere

575 2072 845 2137 fortasse
893 2085 1157 2154 poterat,
1201 2087 1270 2140 ut
1312 2078 1709 2143 voluntatem
1756 2088 2048 2143 mutaret.
2096 2077 2379 2142 Secunda
2421 2081 2739 2141 sententia
2794 2074 3138 2167 cum-bay-

574 2169 805 2230 mano,
849 2154 1062 2218 Lessio
1089 2203 1104 2232 ‚
1148 2157 1428 2238 Lugoet
1471 2158 1706 2240 Sporer
1742 2168 1971 2240 negat,
2015 2167 2079 2222 et
2121 2160 2257 2222 haec
2300 2167 2397 2221 est
2461 2158 2645 2220 nobis
2706 2154 3149 2236 probabilior,

570 2235 829 2314 quando
873 2236 1099 2299 modus
1140 2248 1241 2301 est
1283 2250 1527 2303 tantum
1571 2240 2026 2315 accidentalis,
2070 2249 2139 2302 ut
2194 2248 2343 2303 sunt
2396 2239 2825 2301 communiter
2868 2239 3141 2298 circum·

570 2317 827 2377 stantiae
873 2319 1225 2395 temporis,
1269 2319 1387 2382 loci
1436 2336 1508 2382 ac
1549 2320 1776 2394 medii;
1820 2330 1884 2384 et
1926 2321 2115 2382 simul
2160 2328 2257 2381 est
2318 2323 2581 2381 omnino
2642 2324 2929 2392 certum,
2973 2315 3143 2395 qnod

568 2395 733 2457 alter
779 2411 905 2457 non
952 2398 1038 2458 sit
1082 2399 1477 2462 voluntatem
1515 2410 1900 2486 mutaturus.
1938 2401 2091 2463 Nam
2130 2417 2270 2464 cum
2303 2407 2605 2462 executor
2630 2398 2760 2477 jam
2799 2407 2976 2459 certo
3002 2413 3149 2475 sup·

566 2478 829 2616 ponitur
873 2476 1342 2543 determinatus
1386 2480 1461 2543 ad
1510 2480 1746 2544 malum
1791 2481 2199 2545 inferendum
2243 2480 2351 2544 tali
2403 2493 2692 2559 personae
2736 2487 2890 2569 ante
2933 2479 3140 2566 consi-

604 2555 732 2616 ium
761 2601 778 2630 ,
821 2556 1160 2621 consulens
1207 2561 1589 2640 simpliciter
1629 2561 1930 2638 modum,
1974 2564 2041 2624 in
2087 2564 2724 2641 rigore“n0n'potest
2767 2557 2892 2620 dici
2954 2573 3145 2620 causa

568 2636 791 2698 efficax
835 2637 1036 2717 quoad
1086 2639 1509 2704 substantiam
1544 2641 1801 2717 damni;
1841 2642 2110 2722 ideoque
2144 2643 2453 2721 possessio
2487 2650 2611 2703 stat
2642 2641 2854 2719 potius
2887 2654 3001 2716 pro
3032 2638 3142 2700 de-

572 2717 1031 2781 terminatione
1078 2735 1289 2799 pravae
1332 2721 1685 2786 voluntatis
1728 2726 1793 2785 in
1840 2731 2199 2785 executore.
2245 2721 2378 2784 Huc
2442 2722 2673 2784 referri
2723 2727 2933 2799 potest
2976 2715 3145 2797 qnod

567 2795 859 2860 Christus
903 2798 1068 2861 dixit
1109 2800 1290 2865 Judae
1336 2800 1672 2881 proditori,
1715 2804 1875 2883 quod
1914 2803 2098 2883 facis,
2139 2802 2245 2883 fac
2285 2802 2473 2864 citius
2517 2801 2771 2880 (Joaun.
2816 2798 2985 2889 ιιιιι).

649 2875 718 2938 ln
766 2877 980 2942 Codice
1023 2889 1234 2944 tamen
1278 2882 1517 2962 poenali
1560 2884 1667 2946 isti
1710 2885 1804 2946 uti
1846 2884 2188 2964 complices
2231 2883 2624 2960 puniuntur;
2692 2895 2839 2944 nam
2886 2874 3145 2969 iniero

568 2964 840 3021 externo
885 2961 1178 3023 internus
1220 2964 1480 3026 animus
1524 2980 1602 3027 ex
1668 2965 1804 3043 ipso
1866 2973 2136 3026 externo
2200 2978 2393 3043 opere
2457 2971 2629 3025 recte
2688 2968 3150 3039 praesumitur:

537 3027 749 3101 ‘secus
791 3039 890 3101 via
939 3038 1269 3105 fraudibus
1314 3041 1616 3107 facillime
1660 3044 2018 3124 aperiretur
2059 3046 2219 3125 (art.
2264 3043 2378 3108 102
2419 3049 2485 3107 et
2526 3044 2745 3121 seqq.).
2785 3073 2867 3086 -·
2941 3036 3002 3100 V.
3049 3037 3142 3099 Li·

566 3121 751 3198 gnori
777 3166 796 3195 ,
846 3119 952 3200 Op.
994 3121 1171 3198 Mor„
1212 3122 1254 3190 l.
1299 3139 1395 3201 m,
1437 3140 1499 3188 n.
1540 3125 1676 3188 563.

644 3198 849 3261 825.
894 3201 961 3274 Q.
1003 3203 1058 3264 4.
1103 3203 1204 3266 An
1244 3205 1570 3268 consulens
1609 3205 1882 3268 scienter
1923 3205 2157 3266 malum
2177 3201 2821 3281 alteriinfcrrendum
2850 3205 3143 3262 teneatur

567 3279 757 3342 etiam
800 3281 872 3341 de
913 3283 1181 3358 damnis,
1230 3301 1362 3363 quoe
1399 3302 1621 3363 passus
1664 3291 1758 3348 est
1787 3291 2082 3348 executor
2118 3283 2305 3363 pravi
2346 3283 2642 3347 consilii?
2994 3359 3003 3368 ⁸
3130 3358 3141 3370 ‚

509 3419 518 3428 .
651 3360 717 3423 R.
761 3361 1099 3439 Negative3
1135 3369 1279 3444 quia
1313 3366 1657 3448 consulens
1690 3368 1807 3445 ipsi
1855 3365 2098 3428 nullum
2133 3364 2353 3427 intulit
2382 3365 2709 3443 injuriam,
2737 3374 2885 3422 cum
2915 3370 3149 3422 scienti

572 3450 638 3504 et
681 3443 926 3503 volenti.
968 3443 1144 3507 nulla
1192 3447 1343 3521 fiat3
1386 3456 1451 3508 et
1495 3448 1556 3508 in
1609 3446 1727 3509 hoc
1771 3446 1988 3510 differt
2042 3461 2075 3507 a
2144 3444 2529 3519 mandante,
2595 3440 2761 3522 quod
2831 3438 3153 3530 mandans

573 3531 910 3585 censeatur
952 3526 1080 3585 vim
1124 3523 1405 3608 aliquam
1450 3525 1693 3589 inferre
1736 3528 2085 3599 executori,
2134 3541 2259 3587 non
2307 3540 2460 3586 vero
2504 3521 2872 3586 consulens.
2910 3520 3153 3598 Excipe

571 3602 624 3665 si
672 3601 1015 3666 consulens
1058 3605 1217 3668 adeo
1260 3618 1669 3671 executorem
1713 3606 2211 3671 circumvenerit
2252 3593 2587 3668 fraudibus
2633 3601 2735 3664 vel
2780 3601 3146 3679 sophisma·

578 3680 767 3754 tibus,
811 3692 880 3745 ut
923 3685 1028 3746 hic
1071 3686 1149 3748 ad
1196 3687 1449 3750 consilii
1494 3689 1900 3767 iniquitatem
1946 3703 2072 3748 non
2119 3687 2202 3748 ita
2249 3686 2624 3748 adverterit.
2674 3681 2873 3760 Gary-

646 3762 859 3825 826.
905 3764 1309 3827 Montium
1353 3767 1626 3847 quoad
1669 3765 1696 3826 ἰ
1755 3784 2010 3827 naa-os
2051 3762 2627 3826 consiliat-loss
2673 3789 2695 3817 ι
2723 3750 2774 3824 E
2823 3760 2902 3824 da
2934 3775 3158 3822 avver-

572 3844 696 3907 tire
741 3845 861 3925 (ait
904 3845 1301 3924 Frassinetti,
1342 3855 1491 3912 nota
1520 3849 1647 3928 63),
1679 3864 1709 3908 c
1763 3864 1797 3910 e
1827 3848 1872 3910 il
1904 3847 2269 3910 confessore
2304 3861 2340 3907 o
2370 3852 2674 3910 avvocato
2706 3849 3159 3932 poco-esperto

571 3940 640 3988 se
684 3942 813 3987 non
859 3942 1126 3990 conosce
1173 3927 1228 3989 la
1274 3945 1384 3991 sua
1431 3928 1806 4006 incapacita,
1854 3943 1991 3990 com
2076 3925 2668 3989 facilissimamente
2730 3937 3056 4014 auwene,
3106 3934 3155 4010 ‚e

616 4008 789 4070 ereio
835 4022 963 4069 non
1007 4023 1226 4070 avesse
1270 4016 1653 4072 avvertenza
1697 4007 1755 4070 al
1801 4009 2014 4086 perico
2046 4021 2082 4068 o
2126 4007 2189 4068 di
2237 4007 2392 4069 dare
2437 4023 2520 4068 un
2566 4001 2883 4082 consiglio
2912 4002 3149 4066 danni-

570 4020 846 4162 gcatwo,
890 4104 1017 4149 non
1062 4088 1330 4151 sarebbe
1415 4091 1475 4151 oi
1524 4097 1745 4152 tenuto
1788 4087 1911 4150 alla
1960 4087 2393 4150 restituzione.
2422 4087 2561 4148 Non
2597 4086 2860 4163 bisogna
2902 4082 3151 4144 dimen-

575 4166 773 4230 ticare
819 4167 861 4228 il
911 4169 1227 4248 principio
1271 4106 1575 4246 stagilito,
1618 4171 1737 4232 che
1780 4184 1848 4230 se
1893 4183 2020 4229 non
2067 4166 2219 4230 v'ba
2271 4176 2525 4246 peccato
2558 4165 2825 4255 mortale
2856 4178 2990 4225 non
3024 4160 3153 4240 puo

572 4249 814 4310 esservi
860 4248 1116 4324 obbligo
1160 4250 1225 4312 di
1273 4251 1705 4314 restituzione.
1749 4246 2243 4311 Generelmente
2288 4248 2306 4309 i
2372 4263 2560 4309 meno
2608 4257 2820 4334 capaci
2868 4241 3159 4305 credone

575 4324 638 4389 di
683 4345 836 4391 aver
878 4331 1204 4407 maggiore
1249 4332 1571 4411 capacita3
1615 4347 1651 4393 6
1695 4328 1947 4392 d'altra
1994 4336 2174 4406 parte
2217 4327 2482 4404 bisogna
2530 4333 2891 4416 compatire
2919 4321 2981 4384 la
3015 4320 3161 4383 loro

575 4406 909 4471 debolezza
956 4410 1019 4472 di
1068 4418 1300 4486 mente,
1345 4426 1470 4474 non
1515 4410 1854 4474 essendovi
1898 4408 2135 4472 dubbio
2178 4409 2297 4470 che
2339 4410 2479 4470 sara
2544 4412 2887 4484 compatita
2945 4402 3159 4464 anche

576 4486 655 4551 da
699 4489 831 4552 Dio.
875 4489 1154 4554 Sarebbe
1202 4500 1424 4571 troppo
1468 4493 1756 4571 rigoroso
1801 4489 1950 4570 quel
1991 4487 2266 4566 Teologo
2329 4489 2447 4549 che
2518 4485 2767 4580 rolesse
2840 4480 3161 4564 mandare

574 4567 956 4633 all'inferno
1003 4575 1149 4634 tutti
1194 4573 1210 4634 i
1256 4572 1628 4646 confessori,
1675 4574 1816 4634 tutti
1861 4568 1953 4649 gli
1994 4570 2302 4643 avvocati,
2335 4569 2351 4630 i
2387 4567 2643 4642 medici,
2690 4580 2818 4627 666.
2854 4587 2897 4655 ι.
2924 4560 3155 4625 Hacte-

568 4664 697 4715 nus
759 4651 902 4726 ille;
962 4659 1028 4714 at
1072 4653 1336 4716 istorum
1384 4652 1546 4715 bona
1591 4651 1750 4715 fides
1795 4657 2002 4713 cessat
2045 4649 2301 4729 quando
2338 4656 2702 4724 monentur,
2739 4653 2809 4709 ut
2839 4643 3163 4708 videntur
