<?xml version="1.0" encoding="UTF-8"?>
<!DOCTYPE html PUBLIC "-//W3C//DTD XHTML 1.0 Transitional//EN"
    "http://www.w3.org/TR/xhtml1/DTD/xhtml1-transitional.dtd">
<html xmlns="http://www.w3.org/1999/xhtml" xml:lang="en" lang="en">
 <head>
  <title>
</title>
<meta http-equiv="Content-Type" content="text/html;charset=utf-8" />
  <meta name='ocr-system' content='tesseract 3.04.00' />
  <meta name='ocr-capabilities' content='ocr_page ocr_carea ocr_par ocr_line ocrx_word'/>
</head>
<body>
  <div class='ocr_page' id='page_1' title='image "./theologiamorali04scavgoog_0655.png"; bbox 0 0 3292 5167; ppageno 0'>
   <div class='ocr_carea' id='block_1_1' title="bbox 1384 184 2799 269">
    <p class='ocr_par' dir='ltr' id='par_1_1' title="bbox 1384 184 2799 269">
     <span class='ocr_line' id='line_1_1' title="bbox 1384 184 2799 269; baseline 0.002 -3"><span class='ocrx_word' id='word_1_1' title='bbox 1384 220 1463 266; x_wconf 73' lang='lat' dir='ltr'>nn</span> <span class='ocrx_word' id='word_1_2' title='bbox 1509 220 1654 269; x_wconf 70' lang='lat' dir='ltr'>rann</span> <span class='ocrx_word' id='word_1_3' title='bbox 2214 184 2225 197; x_wconf 67' lang='grc'><strong>’</strong></span> <span class='ocrx_word' id='word_1_4' title='bbox 2666 202 2799 269; x_wconf 77' lang='lat'>645</span> 
     </span>
    </p>
   </div>
   <div class='ocr_carea' id='block_1_2' title="bbox 197 320 2807 4276">
    <p class='ocr_par' dir='ltr' id='par_1_2' title="bbox 197 320 2797 728">
     <span class='ocr_line' id='line_1_2' title="bbox 207 320 2797 409; baseline 0.002 -22"><span class='ocrx_word' id='word_1_5' title='bbox 207 322 578 403; x_wconf 76' lang='lat' dir='ltr'>materialis,</span> <span class='ocrx_word' id='word_1_6' title='bbox 616 340 765 409; x_wconf 86' lang='lat' dir='ltr'>quae</span> <span class='ocrx_word' id='word_1_7' title='bbox 800 338 999 391; x_wconf 82' lang='lat' dir='ltr'>merae</span> <span class='ocrx_word' id='word_1_8' title='bbox 1034 320 1525 391; x_wconf 81' lang='lat' dir='ltr'>exercitationis</span> <span class='ocrx_word' id='word_1_9' title='bbox 1559 321 1764 408; x_wconf 87' lang='lat' dir='ltr'>gratia</span> <span class='ocrx_word' id='word_1_10' title='bbox 1798 321 1869 389; x_wconf 85' lang='lat' dir='ltr'>fit</span> <span class='ocrx_word' id='word_1_11' title='bbox 1904 321 2075 390; x_wconf 91' lang='lat' dir='ltr'>inter</span> <span class='ocrx_word' id='word_1_12' title='bbox 2121 321 2305 407; x_wconf 88' lang='lat' dir='ltr'>ipsos</span> <span class='ocrx_word' id='word_1_13' title='bbox 2341 322 2452 408; x_wconf 91' lang='lat' dir='ltr'>qui</span> <span class='ocrx_word' id='word_1_14' title='bbox 2493 323 2797 393; x_wconf 85' lang='lat' dir='ltr'>credunt.</span> 
     </span>
     <span class='ocr_line' id='line_1_3' title="bbox 209 427 2794 516; baseline 0.003 -22"><span class='ocrx_word' id='word_1_15' title='bbox 209 427 584 513; x_wconf 81' lang='lat' dir='ltr'>Disputatio</span> <span class='ocrx_word' id='word_1_16' title='bbox 656 428 947 496; x_wconf 87' lang='lat' dir='ltr'>formalis</span> <span class='ocrx_word' id='word_1_17' title='bbox 1019 435 1121 496; x_wconf 92' lang='lat' dir='ltr'>est</span> <span class='ocrx_word' id='word_1_18' title='bbox 1190 429 1452 508; x_wconf 86' lang='lat' dir='ltr'>publica</span> <span class='ocrx_word' id='word_1_19' title='bbox 1501 429 1598 496; x_wconf 79' lang='lat' dir='ltr'>vel</span> <span class='ocrx_word' id='word_1_20' title='bbox 1645 428 1913 514; x_wconf 80' lang='lat' dir='ltr'>privata,</span> <span class='ocrx_word' id='word_1_21' title='bbox 1984 436 2183 514; x_wconf 91' lang='lat' dir='ltr'>prout</span> <span class='ocrx_word' id='word_1_22' title='bbox 2253 429 2325 496; x_wconf 86' lang='lat' dir='ltr'>fit</span> <span class='ocrx_word' id='word_1_23' title='bbox 2370 430 2655 516; x_wconf 86' lang='lat' dir='ltr'>-publice</span> <span class='ocrx_word' id='word_1_24' title='bbox 2724 438 2794 501; x_wconf 92' lang='lat' dir='ltr'>et</span> 
     </span>
     <span class='ocr_line' id='line_1_4' title="bbox 197 535 2791 631; baseline 0.001 -27"><span class='ocrx_word' id='word_1_25' title='bbox 197 551 433 631; x_wconf 14' lang='lat' dir='ltr'>*coram</span> <span class='ocrx_word' id='word_1_26' title='bbox 485 536 768 622; x_wconf 90' lang='lat' dir='ltr'>populo;</span> <span class='ocrx_word' id='word_1_27' title='bbox 826 536 924 604; x_wconf 89' lang='lat' dir='ltr'>vel</span> <span class='ocrx_word' id='word_1_28' title='bbox 978 535 1226 622; x_wconf 86' lang='lat' dir='ltr'>private</span> <span class='ocrx_word' id='word_1_29' title='bbox 1268 544 1335 606; x_wconf 92' lang='lat' dir='ltr'>et</span> <span class='ocrx_word' id='word_1_30' title='bbox 1384 539 1557 605; x_wconf 88' lang='lat' dir='ltr'>inter</span> <span class='ocrx_word' id='word_1_31' title='bbox 1615 536 1897 623; x_wconf 86' lang='lat' dir='ltr'>privatas</span> <span class='ocrx_word' id='word_1_32' title='bbox 1961 554 2301 622; x_wconf 78' lang='lat' dir='ltr'>persona8‚</span> <span class='ocrx_word' id='word_1_33' title='bbox 2359 537 2621 608; x_wconf 89' lang='lat' dir='ltr'>nemine</span> <span class='ocrx_word' id='word_1_34' title='bbox 2677 545 2791 606; x_wconf 88' lang='lat' dir='ltr'>aut</span> 
     </span>
     <span class='ocr_line' id='line_1_5' title="bbox 211 642 918 728; baseline 0.004 -19"><span class='ocrx_word' id='word_1_35' title='bbox 211 642 442 728; x_wconf 86' lang='lat' dir='ltr'>paucis</span> <span class='ocrx_word' id='word_1_36' title='bbox 477 642 918 713; x_wconf 81' lang='lat' dir='ltr'>audientibus,</span> 
     </span>
    </p>

    <p class='ocr_par' dir='ltr' id='par_1_3' title="bbox 203 750 2801 2232">
     <span class='ocr_line' id='line_1_6' title="bbox 298 750 2791 837; baseline 0.002 -21"><span class='ocrx_word' id='word_1_37' title='bbox 298 750 507 818; x_wconf 89' lang='lat' dir='ltr'>Porro</span> <span class='ocrx_word' id='word_1_38' title='bbox 556 751 610 818; x_wconf 95' lang='lat' dir='ltr'>si</span> <span class='ocrx_word' id='word_1_39' title='bbox 659 758 890 837; x_wconf 81' lang='lat' dir='ltr'>agatur</span> <span class='ocrx_word' id='word_1_40' title='bbox 936 751 1017 820; x_wconf 91' lang='lat' dir='ltr'>de</span> <span class='ocrx_word' id='word_1_41' title='bbox 1062 751 1379 820; x_wconf 81' lang='lat' dir='ltr'>materiali</span> <span class='ocrx_word' id='word_1_42' title='bbox 1410 750 1876 837; x_wconf 89' lang='lat' dir='ltr'>disputatione,</span> <span class='ocrx_word' id='word_1_43' title='bbox 1929 758 1998 818; x_wconf 90' lang='lat' dir='ltr'>ut</span> <span class='ocrx_word' id='word_1_44' title='bbox 2046 757 2148 818; x_wconf 88' lang='lat' dir='ltr'>est</span> <span class='ocrx_word' id='word_1_45' title='bbox 2185 768 2333 835; x_wconf 71' lang='lat' dir='ltr'>quae</span> <span class='ocrx_word' id='word_1_46' title='bbox 2371 750 2443 817; x_wconf 89' lang='lat' dir='ltr'>fit</span> <span class='ocrx_word' id='word_1_47' title='bbox 2475 750 2543 818; x_wconf 95' lang='lat' dir='ltr'>in</span> <span class='ocrx_word' id='word_1_48' title='bbox 2579 752 2791 823; x_wconf 86' lang='lat' dir='ltr'>Theo-</span> 
     </span>
     <span class='ocr_line' id='line_1_7' title="bbox 210 855 2799 945; baseline 0.001 -23"><span class='ocrx_word' id='word_1_49' title='bbox 210 855 443 942; x_wconf 86' lang='lat' dir='ltr'>logicis</span> <span class='ocrx_word' id='word_1_50' title='bbox 495 859 739 927; x_wconf 89' lang='lat' dir='ltr'>nostris</span> <span class='ocrx_word' id='word_1_51' title='bbox 789 859 1035 928; x_wconf 88' lang='lat' dir='ltr'>scholis</span> <span class='ocrx_word' id='word_1_52' title='bbox 1085 859 1164 926; x_wconf 92' lang='lat' dir='ltr'>ad</span> <span class='ocrx_word' id='word_1_53' title='bbox 1215 858 1378 928; x_wconf 89' lang='lat' dir='ltr'>utile</span> <span class='ocrx_word' id='word_1_54' title='bbox 1443 858 1864 940; x_wconf 69' lang='lat' dir='ltr'>exercitium,</span> <span class='ocrx_word' id='word_1_55' title='bbox 1927 856 2156 942; x_wconf 89' lang='lat' dir='ltr'>utique</span> <span class='ocrx_word' id='word_1_56' title='bbox 2192 857 2361 940; x_wconf 83' lang='lat' dir='ltr'>licet,</span> <span class='ocrx_word' id='word_1_57' title='bbox 2413 857 2469 926; x_wconf 93' lang='lat' dir='ltr'>si</span> <span class='ocrx_word' id='word_1_58' title='bbox 2502 860 2618 925; x_wconf 79' lang='lat' dir='ltr'>rite</span> <span class='ocrx_word' id='word_1_59' title='bbox 2649 861 2799 945; x_wconf 58' lang='lat' dir='ltr'>fiam</span> 
     </span>
     <span class='ocr_line' id='line_1_8' title="bbox 210 964 2797 1052; baseline 0.001 -21"><span class='ocrx_word' id='word_1_60' title='bbox 210 980 362 1031; x_wconf 88' lang='lat' dir='ltr'>nam</span> <span class='ocrx_word' id='word_1_61' title='bbox 414 965 474 1031; x_wconf 92' lang='lat' dir='ltr'>id</span> <span class='ocrx_word' id='word_1_62' title='bbox 527 966 881 1051; x_wconf 88' lang='lat' dir='ltr'>plurimum</span> <span class='ocrx_word' id='word_1_63' title='bbox 931 967 1201 1035; x_wconf 88' lang='lat' dir='ltr'>inservit</span> <span class='ocrx_word' id='word_1_64' title='bbox 1271 966 1346 1033; x_wconf 90' lang='lat' dir='ltr'>ad</span> <span class='ocrx_word' id='word_1_65' title='bbox 1418 965 1785 1034; x_wconf 83' lang='lat' dir='ltr'>doctrinam</span> <span class='ocrx_word' id='word_1_66' title='bbox 1846 982 2064 1033; x_wconf 88' lang='lat' dir='ltr'>veram</span> <span class='ocrx_word' id='word_1_67' title='bbox 2122 964 2376 1033; x_wconf 85' lang='lat' dir='ltr'>firmius</span> <span class='ocrx_word' id='word_1_68' title='bbox 2442 966 2797 1052; x_wconf 86' lang='lat' dir='ltr'>acquiren-</span> 
     </span>
     <span class='ocr_line' id='line_1_9' title="bbox 205 1069 2798 1161; baseline 0.001 -24"><span class='ocrx_word' id='word_1_69' title='bbox 205 1069 381 1154; x_wconf 86' lang='lat' dir='ltr'>dam,</span> <span class='ocrx_word' id='word_1_70' title='bbox 411 1073 901 1156; x_wconf 79' lang='lat' dir='ltr'>stabiliendam,</span> <span class='ocrx_word' id='word_1_71' title='bbox 940 1072 1425 1161; x_wconf 86' lang='lat' dir='ltr'>propagandam</span> <span class='ocrx_word' id='word_1_72' title='bbox 1440 1099 1457 1154; x_wconf 83' lang='lat'>3</span> <span class='ocrx_word' id='word_1_73' title='bbox 1506 1073 1610 1140; x_wconf 89' lang='lat' dir='ltr'>hic</span> <span class='ocrx_word' id='word_1_74' title='bbox 1636 1071 1799 1140; x_wconf 88' lang='lat' dir='ltr'>illud</span> <span class='ocrx_word' id='word_1_75' title='bbox 1824 1072 2207 1157; x_wconf 81' lang='lat' dir='ltr'>Augustini:</span> <span class='ocrx_word' id='word_1_76' title='bbox 2241 1072 2515 1139; x_wconf 70' lang='lat' dir='ltr'>circulus</span> <span class='ocrx_word' id='word_1_77' title='bbox 2546 1086 2600 1139; x_wconf 81' lang='lat' dir='ltr'>et</span> <span class='ocrx_word' id='word_1_78' title='bbox 2631 1075 2798 1140; x_wconf 83' lang='lat' dir='ltr'>cala·</span> 
     </span>
     <span class='ocr_line' id='line_1_10' title="bbox 204 1180 2799 1268; baseline 0.001 -23"><span class='ocrx_word' id='word_1_79' title='bbox 204 1199 348 1246; x_wconf 80' lang='lat' dir='ltr'>mus</span> <span class='ocrx_word' id='word_1_80' title='bbox 376 1181 652 1265; x_wconf 77' lang='lat' dir='ltr'>fecerunt</span> <span class='ocrx_word' id='word_1_81' title='bbox 698 1203 811 1266; x_wconf 86' lang='lat' dir='ltr'>me,</span> <span class='ocrx_word' id='word_1_82' title='bbox 859 1182 920 1250; x_wconf 86' lang='lat' dir='ltr'>id</span> <span class='ocrx_word' id='word_1_83' title='bbox 968 1191 1067 1251; x_wconf 90' lang='lat' dir='ltr'>est</span> <span class='ocrx_word' id='word_1_84' title='bbox 1093 1180 1453 1267; x_wconf 91' lang='lat' dir='ltr'>disputatio</span> <span class='ocrx_word' id='word_1_85' title='bbox 1501 1199 1575 1249; x_wconf 91' lang='lat' dir='ltr'>ac</span> <span class='ocrx_word' id='word_1_86' title='bbox 1623 1182 1970 1267; x_wconf 84' lang='lat' dir='ltr'>scriptura.</span> <span class='ocrx_word' id='word_1_87' title='bbox 2020 1181 2472 1249; x_wconf 78' lang='lat' dir='ltr'>Diximumzsi</span> <span class='ocrx_word' id='word_1_88' title='bbox 2506 1187 2630 1249; x_wconf 80' lang='lat' dir='ltr'>rite</span> <span class='ocrx_word' id='word_1_89' title='bbox 2655 1183 2799 1268; x_wconf 79' lang='lat' dir='ltr'>fiat,-</span> 
     </span>
     <span class='ocr_line' id='line_1_11' title="bbox 207 1285 2798 1375; baseline 0 -22"><span class='ocrx_word' id='word_1_90' title='bbox 207 1285 274 1353; x_wconf 90' lang='lat' dir='ltr'>id</span> <span class='ocrx_word' id='word_1_91' title='bbox 323 1294 423 1356; x_wconf 90' lang='lat' dir='ltr'>est</span> <span class='ocrx_word' id='word_1_92' title='bbox 474 1296 611 1356; x_wconf 88' lang='lat' dir='ltr'>tum</span> <span class='ocrx_word' id='word_1_93' title='bbox 645 1289 898 1357; x_wconf 87' lang='lat' dir='ltr'>ratione</span> <span class='ocrx_word' id='word_1_94' title='bbox 942 1289 1240 1372; x_wconf 76' lang='lat' dir='ltr'>materioe,</span> <span class='ocrx_word' id='word_1_95' title='bbox 1290 1288 1377 1355; x_wconf 92' lang='lat' dir='ltr'>ita</span> <span class='ocrx_word' id='word_1_96' title='bbox 1426 1295 1498 1355; x_wconf 92' lang='lat' dir='ltr'>ut</span> <span class='ocrx_word' id='word_1_97' title='bbox 1546 1293 1853 1356; x_wconf 83' lang='lat' dir='ltr'>caveatur</span> <span class='ocrx_word' id='word_1_98' title='bbox 1900 1307 1981 1357; x_wconf 86' lang='lat' dir='ltr'>ne</span> <span class='ocrx_word' id='word_1_99' title='bbox 2028 1287 2265 1375; x_wconf 84' lang='lat' dir='ltr'>aliquis</span> <span class='ocrx_word' id='word_1_100' title='bbox 2315 1306 2504 1359; x_wconf 88' lang='lat' dir='ltr'>error</span> <span class='ocrx_word' id='word_1_101' title='bbox 2550 1288 2649 1356; x_wconf 87' lang='lat' dir='ltr'>vel</span> <span class='ocrx_word' id='word_1_102' title='bbox 2698 1305 2798 1356; x_wconf 87' lang='lat' dir='ltr'>er-</span> 
     </span>
     <span class='ocr_line' id='line_1_12' title="bbox 205 1394 2799 1483; baseline 0 -22"><span class='ocrx_word' id='word_1_103' title='bbox 205 1396 409 1463; x_wconf 83' lang='lat' dir='ltr'>ron‘ea</span> <span class='ocrx_word' id='word_1_104' title='bbox 474 1395 770 1465; x_wconf 88' lang='lat' dir='ltr'>doctrina</span> <span class='ocrx_word' id='word_1_105' title='bbox 818 1415 893 1464; x_wconf 80' lang='lat' dir='ltr'>ex</span> <span class='ocrx_word' id='word_1_106' title='bbox 945 1394 1163 1463; x_wconf 89' lang='lat' dir='ltr'>animo</span> <span class='ocrx_word' id='word_1_107' title='bbox 1213 1394 1618 1465; x_wconf 82' lang='lat' dir='ltr'>defendenda</span> <span class='ocrx_word' id='word_1_108' title='bbox 1654 1397 2087 1482; x_wconf 84' lang='lat' dir='ltr'>suscipiatur3</span> <span class='ocrx_word' id='word_1_109' title='bbox 2122 1403 2263 1464; x_wconf 84' lang='lat' dir='ltr'>tum</span> <span class='ocrx_word' id='word_1_110' title='bbox 2296 1397 2552 1466; x_wconf 89' lang='lat' dir='ltr'>ratione</span> <span class='ocrx_word' id='word_1_111' title='bbox 2586 1395 2799 1483; x_wconf 72' lang='lat' dir='ltr'>dispo-</span> 
     </span>
     <span class='ocr_line' id='line_1_13' title="bbox 203 1502 2800 1590; baseline 0 -21"><span class='ocrx_word' id='word_1_112' title='bbox 203 1503 471 1585; x_wconf 49' lang='lat' dir='ltr'>sitioni&amp;</span> <span class='ocrx_word' id='word_1_113' title='bbox 513 1502 801 1571; x_wconf 88' lang='lat' dir='ltr'>cavendo</span> <span class='ocrx_word' id='word_1_114' title='bbox 845 1522 924 1571; x_wconf 90' lang='lat' dir='ltr'>ne</span> <span class='ocrx_word' id='word_1_115' title='bbox 960 1503 1142 1588; x_wconf 89' lang='lat' dir='ltr'>quasi</span> <span class='ocrx_word' id='word_1_116' title='bbox 1194 1503 1275 1571; x_wconf 91' lang='lat' dir='ltr'>de</span> <span class='ocrx_word' id='word_1_117' title='bbox 1324 1520 1396 1572; x_wconf 87' lang='lat' dir='ltr'>re</span> <span class='ocrx_word' id='word_1_118' title='bbox 1442 1503 1639 1571; x_wconf 89' lang='lat' dir='ltr'>dubia</span> <span class='ocrx_word' id='word_1_119' title='bbox 1689 1510 1937 1588; x_wconf 85' lang='lat' dir='ltr'>agatur,</span> <span class='ocrx_word' id='word_1_120' title='bbox 1989 1521 2140 1573; x_wconf 92' lang='lat' dir='ltr'>cum</span> <span class='ocrx_word' id='word_1_121' title='bbox 2188 1504 2412 1590; x_wconf 89' lang='lat' dir='ltr'>aliqua</span> <span class='ocrx_word' id='word_1_122' title='bbox 2447 1503 2596 1571; x_wconf 85' lang='lat' dir='ltr'>fidei</span> <span class='ocrx_word' id='word_1_123' title='bbox 2634 1503 2800 1571; x_wconf 90' lang='lat' dir='ltr'>veri-</span> 
     </span>
     <span class='ocr_line' id='line_1_14' title="bbox 208 1608 2799 1698; baseline 0 -21"><span class='ocrx_word' id='word_1_124' title='bbox 208 1617 310 1678; x_wconf 87' lang='lat' dir='ltr'>tas</span> <span class='ocrx_word' id='word_1_125' title='bbox 331 1609 409 1677; x_wconf 90' lang='lat' dir='ltr'>-in</span> <span class='ocrx_word' id='word_1_126' title='bbox 445 1609 961 1679; x_wconf 81' lang='lat' dir='ltr'>controversiam</span> <span class='ocrx_word' id='word_1_127' title='bbox 995 1618 1285 1693; x_wconf 87' lang='lat' dir='ltr'>vocatur,</span> <span class='ocrx_word' id='word_1_128' title='bbox 1320 1608 1498 1696; x_wconf 88' lang='lat' dir='ltr'>quod</span> <span class='ocrx_word' id='word_1_129' title='bbox 1537 1610 1988 1686; x_wconf 81' lang='lat' dir='ltr'>infidelitatem</span> <span class='ocrx_word' id='word_1_130' title='bbox 2027 1618 2317 1698; x_wconf 89' lang='lat' dir='ltr'>saperet;</span> <span class='ocrx_word' id='word_1_131' title='bbox 2365 1618 2502 1679; x_wconf 91' lang='lat' dir='ltr'>tum</span> <span class='ocrx_word' id='word_1_132' title='bbox 2543 1610 2799 1678; x_wconf 85' lang='lat' dir='ltr'>ratione</span> 
     </span>
     <span class='ocr_line' id='line_1_15' title="bbox 203 1716 2795 1805; baseline 0 -21"><span class='ocrx_word' id='word_1_133' title='bbox 203 1716 394 1801; x_wconf 77' lang='lat' dir='ltr'>modi,</span> <span class='ocrx_word' id='word_1_134' title='bbox 430 1717 519 1784; x_wconf 85' lang='lat' dir='ltr'>ita</span> <span class='ocrx_word' id='word_1_135' title='bbox 568 1725 638 1784; x_wconf 92' lang='lat' dir='ltr'>ut</span> <span class='ocrx_word' id='word_1_136' title='bbox 686 1716 1045 1803; x_wconf 88' lang='lat' dir='ltr'>disputatio</span> <span class='ocrx_word' id='word_1_137' title='bbox 1085 1718 1321 1786; x_wconf 80' lang='lat' dir='ltr'>‘nostra</span> <span class='ocrx_word' id='word_1_138' title='bbox 1369 1716 1670 1787; x_wconf 85' lang='lat' dir='ltr'>modeste</span> <span class='ocrx_word' id='word_1_139' title='bbox 1702 1737 1776 1786; x_wconf 90' lang='lat' dir='ltr'>ac</span> <span class='ocrx_word' id='word_1_140' title='bbox 1810 1716 2148 1786; x_wconf 87' lang='lat' dir='ltr'>moderate</span> <span class='ocrx_word' id='word_1_141' title='bbox 2186 1724 2561 1805; x_wconf 83' lang='lat' dir='ltr'>peragatur,</span> <span class='ocrx_word' id='word_1_142' title='bbox 2612 1716 2795 1785; x_wconf 90' lang='lat' dir='ltr'>utilis</span> 
     </span>
     <span class='ocr_line' id='line_1_16' title="bbox 203 1814 2798 1912; baseline -0 -20"><span class='ocrx_word' id='word_1_143' title='bbox 203 1824 504 1892; x_wconf 82' lang='lat' dir='ltr'>exercitii</span> <span class='ocrx_word' id='word_1_144' title='bbox 544 1842 759 1906; x_wconf 87' lang='lat' dir='ltr'>causa,</span> <span class='ocrx_word' id='word_1_145' title='bbox 787 1832 984 1911; x_wconf 85' lang='lat' dir='ltr'>atque</span> <span class='ocrx_word' id='word_1_146' title='bbox 1033 1832 1104 1891; x_wconf 92' lang='lat' dir='ltr'>ut</span> <span class='ocrx_word' id='word_1_147' title='bbox 1154 1825 1388 1894; x_wconf 89' lang='lat' dir='ltr'>veritas</span> <span class='ocrx_word' id='word_1_148' title='bbox 1438 1826 1643 1912; x_wconf 88' lang='lat' dir='ltr'>magis</span> <span class='ocrx_word' id='word_1_149' title='bbox 1692 1825 2056 1907; x_wconf 85' lang='lat' dir='ltr'>elucescat-3</span> <span class='ocrx_word' id='word_1_150' title='bbox 2093 1844 2225 1894; x_wconf 92' lang='lat' dir='ltr'>non</span> <span class='ocrx_word' id='word_1_151' title='bbox 2261 1843 2413 1893; x_wconf 86' lang='lat' dir='ltr'>vero</span> <span class='ocrx_word' id='word_1_152' title='bbox 2453 1824 2533 1892; x_wconf 90' lang='lat' dir='ltr'>ad</span> <span class='ocrx_word' id='word_1_153' title='bbox 2569 1814 2798 1893; x_wconf 78' lang='lat' dir='ltr'>osten-</span> 
     </span>
     <span class='ocr_line' id='line_1_17' title="bbox 207 1930 2779 2018; baseline 0.001 -21"><span class='ocrx_word' id='word_1_154' title='bbox 207 1930 528 1998; x_wconf 83' lang='lat' dir='ltr'>tationem</span> <span class='ocrx_word' id='word_1_155' title='bbox 577 1932 842 2016; x_wconf 83' lang='lat' dir='ltr'>ingenii,</span> <span class='ocrx_word' id='word_1_156' title='bbox 895 1950 1109 2018; x_wconf 89' lang='lat' dir='ltr'>neque</span> <span class='ocrx_word' id='word_1_157' title='bbox 1156 1932 1374 2000; x_wconf 90' lang='lat' dir='ltr'>animo</span> <span class='ocrx_word' id='word_1_158' title='bbox 1423 1932 1696 2000; x_wconf 83' lang='lat' dir='ltr'>rixandi.</span> <span class='ocrx_word' id='word_1_159' title='bbox 1746 1934 1976 2001; x_wconf 88' lang='lat' dir='ltr'>Cicero</span> <span class='ocrx_word' id='word_1_160' title='bbox 2012 1933 2434 2018; x_wconf 79' lang='lat' dir='ltr'>quantumvis</span> <span class='ocrx_word' id='word_1_161' title='bbox 2471 1931 2779 2000; x_wconf 83' lang='lat' dir='ltr'>ethnicus</span> 
     </span>
     <span class='ocr_line' id='line_1_18' title="bbox 212 2038 2801 2131; baseline 0 -25"><span class='ocrx_word' id='word_1_162' title='bbox 212 2038 485 2131; x_wconf 85' lang='lat' dir='ltr'>modum</span> <span class='ocrx_word' id='word_1_163' title='bbox 536 2040 734 2108; x_wconf 90' lang='lat' dir='ltr'>istum</span> <span class='ocrx_word' id='word_1_164' title='bbox 786 2046 1014 2107; x_wconf 87' lang='lat' dir='ltr'>contra</span> <span class='ocrx_word' id='word_1_165' title='bbox 1065 2041 1276 2107; x_wconf 91' lang='lat' dir='ltr'>Deum</span> <span class='ocrx_word' id='word_1_166' title='bbox 1324 2038 1700 2125; x_wconf 89' lang='lat' dir='ltr'>disputandi</span> <span class='ocrx_word' id='word_1_167' title='bbox 1754 2040 1930 2108; x_wconf 90' lang='lat' dir='ltr'>velut</span> <span class='ocrx_word' id='word_1_168' title='bbox 1980 2039 2256 2126; x_wconf 91' lang='lat' dir='ltr'>impium</span> <span class='ocrx_word' id='word_1_169' title='bbox 2322 2039 2635 2108; x_wconf 88' lang='lat' dir='ltr'>absolute</span> <span class='ocrx_word' id='word_1_170' title='bbox 2699 2057 2801 2106; x_wconf 84' lang='lat' dir='ltr'>re-</span> 
     </span>
     <span class='ocr_line' id='line_1_19' title="bbox 217 2145 1938 2232; baseline 0.001 -18"><span class='ocrx_word' id='word_1_171' title='bbox 217 2147 518 2232; x_wconf 82' lang='lat' dir='ltr'>probavit</span> <span class='ocrx_word' id='word_1_172' title='bbox 565 2148 700 2213; x_wconf 87' lang='lat' dir='ltr'>sive</span> <span class='ocrx_word' id='word_1_173' title='bbox 750 2146 896 2214; x_wconf 92' lang='lat' dir='ltr'>data</span> <span class='ocrx_word' id='word_1_174' title='bbox 946 2163 1145 2231; x_wconf 90' lang='lat' dir='ltr'>opera</span> <span class='ocrx_word' id='word_1_175' title='bbox 1195 2147 1331 2214; x_wconf 85' lang='lat' dir='ltr'>sive</span> <span class='ocrx_word' id='word_1_176' title='bbox 1381 2146 1687 2215; x_wconf 89' lang='lat' dir='ltr'>simulate</span> <span class='ocrx_word' id='word_1_177' title='bbox 1735 2146 1846 2213; x_wconf 85' lang='lat' dir='ltr'>fiat</span> <span class='ocrx_word' id='word_1_178' title='bbox 1885 2145 1938 2215; x_wconf 89' lang='lat'>¹.</span> 
     </span>
    </p>

    <p class='ocr_par' dir='ltr' id='par_1_4' title="bbox 202 2252 2807 3077">
     <span class='ocr_line' id='line_1_20' title="bbox 301 2252 2797 2340; baseline -0.002 -18"><span class='ocrx_word' id='word_1_179' title='bbox 301 2255 367 2322; x_wconf 91' lang='lat' dir='ltr'>Si</span> <span class='ocrx_word' id='word_1_180' title='bbox 422 2273 573 2323; x_wconf 83' lang='lat' dir='ltr'>vero</span> <span class='ocrx_word' id='word_1_181' title='bbox 624 2262 853 2339; x_wconf 86' lang='lat' dir='ltr'>agatur</span> <span class='ocrx_word' id='word_1_182' title='bbox 901 2254 982 2322; x_wconf 90' lang='lat' dir='ltr'>de</span> <span class='ocrx_word' id='word_1_183' title='bbox 1036 2254 1486 2340; x_wconf 90' lang='lat' dir='ltr'>disputatione</span> <span class='ocrx_word' id='word_1_184' title='bbox 1529 2256 1805 2340; x_wconf 75' lang='lat' dir='ltr'>formali,</span> <span class='ocrx_word' id='word_1_185' title='bbox 1859 2262 2016 2323; x_wconf 85' lang='lat' dir='ltr'>tunc</span> <span class='ocrx_word' id='word_1_186' title='bbox 2085 2252 2632 2339; x_wconf 87' lang='lat' dir='ltr'>distinguendum</span> <span class='ocrx_word' id='word_1_187' title='bbox 2696 2258 2797 2319; x_wconf 83' lang='lat' dir='ltr'>est</span> 
     </span>
     <span class='ocr_line' id='line_1_21' title="bbox 217 2357 2794 2448; baseline -0.002 -20"><span class='ocrx_word' id='word_1_188' title='bbox 217 2362 392 2430; x_wconf 86' lang='lat' dir='ltr'>inter</span> <span class='ocrx_word' id='word_1_189' title='bbox 440 2362 770 2448; x_wconf 78' lang='lat' dir='ltr'>publicam</span> <span class='ocrx_word' id='word_1_190' title='bbox 818 2369 883 2430; x_wconf 89' lang='lat' dir='ltr'>et</span> <span class='ocrx_word' id='word_1_191' title='bbox 931 2363 1268 2447; x_wconf 87' lang='lat' dir='ltr'>privatam.</span> <span class='ocrx_word' id='word_1_192' title='bbox 1302 2362 1688 2436; x_wconf 83' lang='lat' dir='ltr'>-.—Publica</span> <span class='ocrx_word' id='word_1_193' title='bbox 1740 2380 1813 2430; x_wconf 89' lang='lat' dir='ltr'>ac</span> <span class='ocrx_word' id='word_1_194' title='bbox 1860 2362 2152 2431; x_wconf 83' lang='lat' dir='ltr'>formalis</span> <span class='ocrx_word' id='word_1_195' title='bbox 2224 2362 2588 2448; x_wconf 88' lang='lat' dir='ltr'>disputatio</span> <span class='ocrx_word' id='word_1_196' title='bbox 2655 2357 2794 2428; x_wconf 88' lang='lat' dir='ltr'>fieri</span> 
     </span>
     <span class='ocr_line' id='line_1_22' title="bbox 213 2468 2796 2556; baseline -0.001 -19"><span class='ocrx_word' id='word_1_197' title='bbox 213 2469 446 2556; x_wconf 90' lang='lat' dir='ltr'>nequit</span> <span class='ocrx_word' id='word_1_198' title='bbox 494 2471 745 2554; x_wconf 83' lang='lat' dir='ltr'>absque</span> <span class='ocrx_word' id='word_1_199' title='bbox 794 2488 1107 2555; x_wconf 84' lang='lat' dir='ltr'>expressa</span> <span class='ocrx_word' id='word_1_200' title='bbox 1155 2472 1226 2537; x_wconf 89' lang='lat' dir='ltr'>R.</span> <span class='ocrx_word' id='word_1_201' title='bbox 1276 2469 1616 2539; x_wconf 84' lang='lat' dir='ltr'>Pontificis</span> <span class='ocrx_word' id='word_1_202' title='bbox 1670 2469 1969 2552; x_wconf 82' lang='lat' dir='ltr'>licentia3</span> <span class='ocrx_word' id='word_1_203' title='bbox 2016 2471 2166 2555; x_wconf 81' lang='lat' dir='ltr'>quia</span> <span class='ocrx_word' id='word_1_204' title='bbox 2213 2470 2329 2555; x_wconf 86' lang='lat' dir='ltr'>(ait</span> <span class='ocrx_word' id='word_1_205' title='bbox 2378 2468 2449 2536; x_wconf 88' lang='lat' dir='ltr'>S.</span> <span class='ocrx_word' id='word_1_206' title='bbox 2499 2470 2796 2552; x_wconf 76' lang='lat' dir='ltr'>Congre-</span> 
     </span>
     <span class='ocr_line' id='line_1_23' title="bbox 202 2566 2807 2664; baseline -0.001 -21"><span class='ocrx_word' id='word_1_207' title='bbox 202 2566 379 2662; x_wconf 76' lang='lat' dir='ltr'>gatl&#39;o</span> <span class='ocrx_word' id='word_1_208' title='bbox 429 2577 509 2644; x_wconf 91' lang='lat' dir='ltr'>de</span> <span class='ocrx_word' id='word_1_209' title='bbox 557 2577 1004 2663; x_wconf 76' lang='lat' dir='ltr'>propaganda,</span> <span class='ocrx_word' id='word_1_210' title='bbox 1074 2579 1116 2645; x_wconf 88' lang='lat'>8</span> <span class='ocrx_word' id='word_1_211' title='bbox 1164 2578 1376 2645; x_wconf 86' lang='lat' dir='ltr'>martii</span> <span class='ocrx_word' id='word_1_212' title='bbox 1423 2579 1620 2663; x_wconf 74' lang='lat'>1625)</span> <span class='ocrx_word' id='word_1_213' title='bbox 1687 2579 2049 2664; x_wconf 71' lang='lat' dir='ltr'>plerumque</span> <span class='ocrx_word' id='word_1_214' title='bbox 2095 2578 2190 2644; x_wconf 81' lang='lat' dir='ltr'>vel</span> <span class='ocrx_word' id='word_1_215' title='bbox 2225 2578 2297 2643; x_wconf 87' lang='lat' dir='ltr'>ob</span> <span class='ocrx_word' id='word_1_216' title='bbox 2334 2572 2807 2661; x_wconf 73' lang='lat' dir='ltr'>loquacitatem,</span> 
     </span>
     <span class='ocr_line' id='line_1_24' title="bbox 205 2685 2798 2779; baseline -0.002 -28"><span class='ocrx_word' id='word_1_217' title='bbox 205 2685 544 2753; x_wconf 79' lang='lat' dir='ltr'>audaciam</span> <span class='ocrx_word' id='word_1_218' title='bbox 589 2698 698 2752; x_wconf 81' lang='lat' dir='ltr'>aut</span> <span class='ocrx_word' id='word_1_219' title='bbox 744 2686 1246 2779; x_wconf 52' lang='lat' dir='ltr'>circumstantias</span> <span class='ocrx_word' id='word_1_220' title='bbox 1292 2687 1510 2774; x_wconf 82' lang='lat' dir='ltr'>populi</span> <span class='ocrx_word' id='word_1_221' title='bbox 1544 2686 1971 2767; x_wconf 81' lang='lat' dir='ltr'>acclamantis,</span> <span class='ocrx_word' id='word_1_222' title='bbox 2012 2686 2262 2767; x_wconf 63' lang='lat' dir='ltr'>vericata,</span> <span class='ocrx_word' id='word_1_223' title='bbox 2296 2685 2572 2771; x_wconf 75' lang='lat' dir='ltr'>falsitate</span> <span class='ocrx_word' id='word_1_224' title='bbox 2629 2694 2798 2769; x_wconf 58' lang='lat' dir='ltr'>prce*-</span> 
     </span>
     <span class='ocr_line' id='line_1_25' title="bbox 209 2788 2790 2880; baseline 0 -23"><span class='ocrx_word' id='word_1_225' title='bbox 209 2794 467 2876; x_wconf 77' lang='lat' dir='ltr'>valente,</span> <span class='ocrx_word' id='word_1_226' title='bbox 516 2792 929 2880; x_wconf 60' lang='lat' dir='ltr'>opprimitur:</span> <span class='ocrx_word' id='word_1_227' title='bbox 978 2791 1157 2878; x_wconf 91' lang='lat' dir='ltr'>quod</span> <span class='ocrx_word' id='word_1_228' title='bbox 1205 2799 1381 2877; x_wconf 89' lang='lat' dir='ltr'>patet</span> <span class='ocrx_word' id='word_1_229' title='bbox 1434 2812 1513 2861; x_wconf 86' lang='lat' dir='ltr'>ex</span> <span class='ocrx_word' id='word_1_230' title='bbox 1561 2792 1858 2861; x_wconf 90' lang='lat' dir='ltr'>historia.</span> <span class='ocrx_word' id='word_1_231' title='bbox 1916 2791 2099 2862; x_wconf 89' lang='lat' dir='ltr'>Unde</span> <span class='ocrx_word' id='word_1_232' title='bbox 2147 2792 2212 2859; x_wconf 91' lang='lat' dir='ltr'>in</span> <span class='ocrx_word' id='word_1_233' title='bbox 2264 2798 2440 2859; x_wconf 88' lang='lat' dir='ltr'>tanta</span> <span class='ocrx_word' id='word_1_234' title='bbox 2507 2788 2790 2859; x_wconf 86' lang='lat' dir='ltr'>difficul-</span> 
     </span>
     <span class='ocr_line' id='line_1_26' title="bbox 207 2897 2795 2987; baseline -0.001 -21"><span class='ocrx_word' id='word_1_235' title='bbox 207 2907 366 2983; x_wconf 85' lang='lat' dir='ltr'>tate,</span> <span class='ocrx_word' id='word_1_236' title='bbox 416 2901 678 2968; x_wconf 92' lang='lat' dir='ltr'>nonnisi</span> <span class='ocrx_word' id='word_1_237' title='bbox 728 2900 1022 2985; x_wconf 88' lang='lat' dir='ltr'>supremi</span> <span class='ocrx_word' id='word_1_238' title='bbox 1069 2900 1413 2969; x_wconf 84' lang='lat' dir='ltr'>Pontificis</span> <span class='ocrx_word' id='word_1_239' title='bbox 1453 2919 1602 2970; x_wconf 85' lang='lat' dir='ltr'>esse</span> <span class='ocrx_word' id='word_1_240' title='bbox 1634 2899 1831 2969; x_wconf 90' lang='lat' dir='ltr'>debet</span> <span class='ocrx_word' id='word_1_241' title='bbox 1871 2899 2199 2986; x_wconf 83' lang='lat' dir='ltr'>judicium</span> <span class='ocrx_word' id='word_1_242' title='bbox 2235 2899 2425 2985; x_wconf 87' lang='lat' dir='ltr'>ferre,</span> <span class='ocrx_word' id='word_1_243' title='bbox 2460 2917 2533 2966; x_wconf 87' lang='lat' dir='ltr'>ac</span> <span class='ocrx_word' id='word_1_244' title='bbox 2568 2897 2795 2987; x_wconf 88' lang='lat' dir='ltr'>dispu-</span> 
     </span>
     <span class='ocr_line' id='line_1_27' title="bbox 215 3005 1192 3077; baseline 0.004 -6"><span class='ocrx_word' id='word_1_245' title='bbox 215 3005 398 3074; x_wconf 89' lang='lat' dir='ltr'>tandi</span> <span class='ocrx_word' id='word_1_246' title='bbox 447 3006 781 3074; x_wconf 83' lang='lat' dir='ltr'>licentiam</span> <span class='ocrx_word' id='word_1_247' title='bbox 877 3007 1192 3077; x_wconf 81' lang='lat' dir='ltr'>tribuere.</span> 
     </span>
    </p>

    <p class='ocr_par' dir='ltr' id='par_1_5' title="bbox 202 3112 2795 4168">
     <span class='ocr_line' id='line_1_28' title="bbox 310 3112 2795 3200; baseline -0.001 -20"><span class='ocrx_word' id='word_1_248' title='bbox 310 3113 687 3200; x_wconf 78' lang='lat' dir='ltr'>Disputatio</span> <span class='ocrx_word' id='word_1_249' title='bbox 738 3120 962 3181; x_wconf 92' lang='lat' dir='ltr'>autem</span> <span class='ocrx_word' id='word_1_250' title='bbox 1014 3114 1327 3197; x_wconf 80' lang='lat' dir='ltr'>formaliS,</span> <span class='ocrx_word' id='word_1_251' title='bbox 1371 3113 1486 3182; x_wconf 91' lang='lat' dir='ltr'>sed</span> <span class='ocrx_word' id='word_1_252' title='bbox 1554 3114 1821 3199; x_wconf 86' lang='lat' dir='ltr'>privata,</span> <span class='ocrx_word' id='word_1_253' title='bbox 1871 3132 1989 3200; x_wconf 90' lang='lat' dir='ltr'>per</span> <span class='ocrx_word' id='word_1_254' title='bbox 2034 3132 2105 3182; x_wconf 92' lang='lat' dir='ltr'>se</span> <span class='ocrx_word' id='word_1_255' title='bbox 2155 3112 2394 3199; x_wconf 90' lang='lat' dir='ltr'>cuique</span> <span class='ocrx_word' id='word_1_256' title='bbox 2458 3112 2657 3181; x_wconf 90' lang='lat' dir='ltr'>docto</span> <span class='ocrx_word' id='word_1_257' title='bbox 2721 3127 2795 3178; x_wconf 90' lang='lat' dir='ltr'>ac</span> 
     </span>
     <span class='ocr_line' id='line_1_29' title="bbox 208 3216 2791 3307; baseline -0.002 -19"><span class='ocrx_word' id='word_1_258' title='bbox 208 3219 412 3288; x_wconf 85' lang='lat' dir='ltr'>firmo</span> <span class='ocrx_word' id='word_1_259' title='bbox 463 3219 527 3287; x_wconf 92' lang='lat' dir='ltr'>in</span> <span class='ocrx_word' id='word_1_260' title='bbox 578 3219 706 3288; x_wconf 84' lang='lat' dir='ltr'>fide</span> <span class='ocrx_word' id='word_1_261' title='bbox 754 3219 930 3289; x_wconf 90' lang='lat' dir='ltr'>licita</span> <span class='ocrx_word' id='word_1_262' title='bbox 979 3227 1100 3305; x_wconf 92' lang='lat' dir='ltr'>est,</span> <span class='ocrx_word' id='word_1_263' title='bbox 1153 3221 1286 3290; x_wconf 91' lang='lat' dir='ltr'>imo</span> <span class='ocrx_word' id='word_1_264' title='bbox 1334 3222 1638 3307; x_wconf 83' lang='lat' dir='ltr'>expedit:</span> <span class='ocrx_word' id='word_1_265' title='bbox 1700 3239 1847 3289; x_wconf 90' lang='lat' dir='ltr'>nam</span> <span class='ocrx_word' id='word_1_266' title='bbox 1917 3221 2200 3307; x_wconf 90' lang='lat' dir='ltr'>quisque</span> <span class='ocrx_word' id='word_1_267' title='bbox 2264 3227 2530 3289; x_wconf 85' lang='lat' dir='ltr'>tenetur</span> <span class='ocrx_word' id='word_1_268' title='bbox 2597 3216 2791 3287; x_wconf 89' lang='lat' dir='ltr'>saluti</span> 
     </span>
     <span class='ocr_line' id='line_1_30' title="bbox 210 3322 2794 3419; baseline -0.001 -25"><span class='ocrx_word' id='word_1_269' title='bbox 210 3327 500 3413; x_wconf 82' lang='lat' dir='ltr'>proximi</span> <span class='ocrx_word' id='word_1_270' title='bbox 559 3346 633 3396; x_wconf 89' lang='lat' dir='ltr'>ac</span> <span class='ocrx_word' id='word_1_271' title='bbox 680 3322 802 3398; x_wconf 87' lang='lat' dir='ltr'>Dei</span> <span class='ocrx_word' id='word_1_272' title='bbox 849 3328 1084 3396; x_wconf 90' lang='lat' dir='ltr'>honori</span> <span class='ocrx_word' id='word_1_273' title='bbox 1135 3328 1503 3398; x_wconf 89' lang='lat' dir='ltr'>consulere.</span> <span class='ocrx_word' id='word_1_274' title='bbox 1553 3328 1719 3397; x_wconf 83' lang='lat' dir='ltr'>Hinc</span> <span class='ocrx_word' id='word_1_275' title='bbox 1764 3326 1961 3397; x_wconf 87' lang='lat' dir='ltr'>illud:</span> <span class='ocrx_word' id='word_1_276' title='bbox 2004 3331 2233 3419; x_wconf 74' lang='lat' dir='ltr'>Parati</span> <span class='ocrx_word' id='word_1_277' title='bbox 2277 3346 2515 3415; x_wconf 82' lang='lat' dir='ltr'>semper</span> <span class='ocrx_word' id='word_1_278' title='bbox 2564 3327 2649 3394; x_wconf 83' lang='lat' dir='ltr'>ad</span> <span class='ocrx_word' id='word_1_279' title='bbox 2693 3343 2794 3392; x_wconf 76' lang='lat' dir='ltr'>sa-</span> 
     </span>
     <span class='ocr_line' id='line_1_31' title="bbox 203 3430 2794 3524; baseline -0.001 -22"><span class='ocrx_word' id='word_1_280' title='bbox 203 3430 626 3521; x_wconf 76' lang='lat' dir='ltr'>tisfactionem</span> <span class='ocrx_word' id='word_1_281' title='bbox 687 3436 858 3503; x_wconf 81' lang='lat' dir='ltr'>omni</span> <span class='ocrx_word' id='word_1_282' title='bbox 903 3438 1179 3524; x_wconf 77' lang='lat' dir='ltr'>poscenti</span> <span class='ocrx_word' id='word_1_283' title='bbox 1221 3458 1330 3506; x_wconf 82' lang='lat' dir='ltr'>vos</span> <span class='ocrx_word' id='word_1_284' title='bbox 1371 3439 1680 3504; x_wconf 80' lang='lat' dir='ltr'>rationem</span> <span class='ocrx_word' id='word_1_285' title='bbox 1726 3436 1799 3503; x_wconf 77' lang='lat' dir='ltr'>de</span> <span class='ocrx_word' id='word_1_286' title='bbox 1841 3457 1936 3520; x_wconf 80' lang='lat' dir='ltr'>ea,</span> <span class='ocrx_word' id='word_1_287' title='bbox 1985 3456 2123 3523; x_wconf 81' lang='lat' dir='ltr'>quoe</span> <span class='ocrx_word' id='word_1_288' title='bbox 2168 3439 2237 3503; x_wconf 83' lang='lat' dir='ltr'>in</span> <span class='ocrx_word' id='word_1_289' title='bbox 2281 3437 2451 3504; x_wconf 79' lang='lat' dir='ltr'>vobis</span> <span class='ocrx_word' id='word_1_290' title='bbox 2494 3448 2603 3518; x_wconf 84' lang='lat' dir='ltr'>est,</span> <span class='ocrx_word' id='word_1_291' title='bbox 2648 3452 2794 3521; x_wconf 75' lang='lat' dir='ltr'>spe,-</span> 
     </span>
     <span class='ocr_line' id='line_1_32' title="bbox 207 3540 2791 3631; baseline 0 -23"><span class='ocrx_word' id='word_1_292' title='bbox 207 3542 315 3608; x_wconf 81' lang='lat' dir='ltr'>sed</span> <span class='ocrx_word' id='word_1_293' title='bbox 344 3563 486 3609; x_wconf 77' lang='lat' dir='ltr'>cum</span> <span class='ocrx_word' id='word_1_294' title='bbox 517 3542 812 3610; x_wconf 75' lang='lat' dir='ltr'>modestia</span> <span class='ocrx_word' id='word_1_295' title='bbox 846 3540 897 3611; x_wconf 84' lang='lat'>¹.</span> <span class='ocrx_word' id='word_1_296' title='bbox 937 3547 1240 3612; x_wconf 82' lang='lat' dir='ltr'>Attamen</span> <span class='ocrx_word' id='word_1_297' title='bbox 1276 3548 1432 3614; x_wconf 86' lang='lat' dir='ltr'>Jure</span> <span class='ocrx_word' id='word_1_298' title='bbox 1467 3543 1773 3631; x_wconf 88' lang='lat' dir='ltr'>positivo,</span> <span class='ocrx_word' id='word_1_299' title='bbox 1813 3546 1896 3614; x_wconf 89' lang='lat' dir='ltr'>ob</span> <span class='ocrx_word' id='word_1_300' title='bbox 1935 3544 2120 3630; x_wconf 88' lang='lat' dir='ltr'>plura</span> <span class='ocrx_word' id='word_1_301' title='bbox 2168 3542 2588 3612; x_wconf 85' lang='lat' dir='ltr'>incommoda</span> <span class='ocrx_word' id='word_1_302' title='bbox 2641 3559 2791 3627; x_wconf 83' lang='lat' dir='ltr'>quae</span> 
     </span>
     <span class='ocr_line' id='line_1_33' title="bbox 208 3647 2795 3736; baseline -0.002 -18"><span class='ocrx_word' id='word_1_303' title='bbox 208 3648 599 3734; x_wconf 87' lang='lat' dir='ltr'>contingere</span> <span class='ocrx_word' id='word_1_304' title='bbox 647 3650 886 3732; x_wconf 90' lang='lat' dir='ltr'>solent,</span> <span class='ocrx_word' id='word_1_305' title='bbox 937 3650 1060 3718; x_wconf 91' lang='lat' dir='ltr'>sub</span> <span class='ocrx_word' id='word_1_306' title='bbox 1113 3669 1304 3736; x_wconf 86' lang='lat' dir='ltr'>poena</span> <span class='ocrx_word' id='word_1_307' title='bbox 1353 3651 2060 3721; x_wconf 83' lang='lat' dir='ltr'>excommunicationis</span> <span class='ocrx_word' id='word_1_308' title='bbox 2125 3651 2413 3720; x_wconf 62' lang='lat' dir='ltr'>ferendae</span> <span class='ocrx_word' id='word_1_309' title='bbox 2481 3650 2658 3717; x_wconf 81' lang='lat' dir='ltr'>laicis</span> <span class='ocrx_word' id='word_1_310' title='bbox 2727 3647 2795 3715; x_wconf 92' lang='lat' dir='ltr'>id</span> 
     </span>
     <span class='ocr_line' id='line_1_34' title="bbox 209 3753 2788 3844; baseline -0.001 -20"><span class='ocrx_word' id='word_1_311' title='bbox 209 3756 607 3844; x_wconf 83' lang='lat' dir='ltr'>prohibetur</span> <span class='ocrx_word' id='word_1_312' title='bbox 643 3753 701 3824; x_wconf 75' lang='lat'>⁸:</span> <span class='ocrx_word' id='word_1_313' title='bbox 762 3755 942 3842; x_wconf 90' lang='lat' dir='ltr'>quod</span> <span class='ocrx_word' id='word_1_314' title='bbox 975 3764 1192 3826; x_wconf 90' lang='lat' dir='ltr'>tamen</span> <span class='ocrx_word' id='word_1_315' title='bbox 1225 3759 1643 3829; x_wconf 90' lang='lat' dir='ltr'>communius</span> <span class='ocrx_word' id='word_1_316' title='bbox 1681 3778 1833 3829; x_wconf 84' lang='lat' dir='ltr'>cum</span> <span class='ocrx_word' id='word_1_317' title='bbox 1871 3761 2113 3831; x_wconf 89' lang='lat' dir='ltr'>Suarez</span> <span class='ocrx_word' id='word_1_318' title='bbox 2165 3758 2517 3844; x_wconf 85' lang='lat' dir='ltr'>explicant,</span> <span class='ocrx_word' id='word_1_319' title='bbox 2569 3755 2625 3823; x_wconf 92' lang='lat' dir='ltr'>si</span> <span class='ocrx_word' id='word_1_320' title='bbox 2674 3754 2788 3823; x_wconf 89' lang='lat' dir='ltr'>fiat</span> 
     </span>
     <span class='ocr_line' id='line_1_35' title="bbox 205 3860 2793 3951; baseline -0.002 -20"><span class='ocrx_word' id='word_1_321' title='bbox 205 3865 461 3950; x_wconf 87' lang='lat' dir='ltr'>absque</span> <span class='ocrx_word' id='word_1_322' title='bbox 507 3863 814 3949; x_wconf 79' lang='lat' dir='ltr'>Episcopi</span> <span class='ocrx_word' id='word_1_323' title='bbox 868 3864 1070 3946; x_wconf 86' lang='lat' dir='ltr'>venia,</span> <span class='ocrx_word' id='word_1_324' title='bbox 1119 3871 1230 3932; x_wconf 89' lang='lat' dir='ltr'>aut</span> <span class='ocrx_word' id='word_1_325' title='bbox 1279 3872 1461 3933; x_wconf 83' lang='lat' dir='ltr'>extra</span> <span class='ocrx_word' id='word_1_326' title='bbox 1510 3883 1740 3934; x_wconf 85' lang='lat' dir='ltr'>casum</span> <span class='ocrx_word' id='word_1_327' title='bbox 1803 3883 2058 3951; x_wconf 83' lang='lat' dir='ltr'>magnae</span> <span class='ocrx_word' id='word_1_328' title='bbox 2109 3864 2413 3932; x_wconf 89' lang='lat' dir='ltr'>utilitatis</span> <span class='ocrx_word' id='word_1_329' title='bbox 2484 3872 2549 3931; x_wconf 85' lang='lat' dir='ltr'>et</span> <span class='ocrx_word' id='word_1_330' title='bbox 2600 3860 2793 3929; x_wconf 91' lang='lat' dir='ltr'>indu-</span> 
     </span>
     <span class='ocr_line' id='line_1_36' title="bbox 202 3967 2794 4060; baseline -0.004 -16"><span class='ocrx_word' id='word_1_331' title='bbox 202 3981 333 4044; x_wconf 80' lang='lat' dir='ltr'>ctae</span> <span class='ocrx_word' id='word_1_332' title='bbox 373 3971 895 4041; x_wconf 87' lang='lat' dir='ltr'>consuetudinis.</span> <span class='ocrx_word' id='word_1_333' title='bbox 931 3974 1012 4038; x_wconf 88' lang='lat' dir='ltr'>Et</span> <span class='ocrx_word' id='word_1_334' title='bbox 1044 3973 1263 4056; x_wconf 88' lang='lat' dir='ltr'>posito</span> <span class='ocrx_word' id='word_1_335' title='bbox 1298 3990 1562 4058; x_wconf 90' lang='lat' dir='ltr'>semper</span> <span class='ocrx_word' id='word_1_336' title='bbox 1594 3974 1776 4060; x_wconf 88' lang='lat' dir='ltr'>quod</span> <span class='ocrx_word' id='word_1_337' title='bbox 1810 3974 2016 4043; x_wconf 86' lang='lat' dir='ltr'>laicus</span> <span class='ocrx_word' id='word_1_338' title='bbox 2068 3972 2344 4041; x_wconf 88' lang='lat' dir='ltr'>scientia</span> <span class='ocrx_word' id='word_1_339' title='bbox 2379 3978 2444 4040; x_wconf 91' lang='lat' dir='ltr'>et</span> <span class='ocrx_word' id='word_1_340' title='bbox 2487 3967 2794 4038; x_wconf 85' lang='lat' dir='ltr'>doctrina</span> 
     </span>
     <span class='ocr_line' id='line_1_37' title="bbox 205 4075 2780 4168; baseline -0.005 -18"><span class='ocrx_word' id='word_1_341' title='bbox 205 4081 456 4168; x_wconf 89' lang='lat' dir='ltr'>polleat</span> <span class='ocrx_word' id='word_1_342' title='bbox 481 4088 546 4150; x_wconf 92' lang='lat' dir='ltr'>et</span> <span class='ocrx_word' id='word_1_343' title='bbox 572 4096 768 4147; x_wconf 86' lang='lat' dir='ltr'>omno</span> <span class='ocrx_word' id='word_1_344' title='bbox 793 4079 1008 4147; x_wconf 88' lang='lat' dir='ltr'>damni</span> <span class='ocrx_word' id='word_1_345' title='bbox 1037 4079 1404 4165; x_wconf 88' lang='lat' dir='ltr'>periculum</span> <span class='ocrx_word' id='word_1_346' title='bbox 1428 4081 1603 4151; x_wconf 89' lang='lat' dir='ltr'>absit</span> <span class='ocrx_word' id='word_1_347' title='bbox 1627 4082 1677 4149; x_wconf 75' lang='lat'>⁴.</span> <span class='ocrx_word' id='word_1_348' title='bbox 1717 4084 1798 4151; x_wconf 86' lang='lat' dir='ltr'>At</span> <span class='ocrx_word' id='word_1_349' title='bbox 1838 4080 2288 4150; x_wconf 86' lang='lat' dir='ltr'>ecclesiastico</span> <span class='ocrx_word' id='word_1_350' title='bbox 2341 4075 2780 4165; x_wconf 88' lang='lat' dir='ltr'>permittitur:</span> 
     </span>
    </p>

    <p class='ocr_par' dir='ltr' id='par_1_6' title="bbox 390 4183 2773 4276">
     <span class='ocr_line' id='line_1_38' title="bbox 390 4183 2773 4276; baseline -0.001 -20"><span class='ocrx_word' id='word_1_351' title='bbox 390 4193 448 4257; x_wconf 81' lang='lat' dir='ltr'>l.</span> <span class='ocrx_word' id='word_1_352' title='bbox 497 4191 561 4257; x_wconf 82' lang='lat' dir='ltr'>S1·</span> <span class='ocrx_word' id='word_1_353' title='bbox 614 4189 756 4274; x_wconf 90' lang='lat' dir='ltr'>ipse</span> <span class='ocrx_word' id='word_1_354' title='bbox 802 4187 887 4255; x_wconf 88' lang='lat' dir='ltr'>sit</span> <span class='ocrx_word' id='word_1_355' title='bbox 933 4194 1352 4274; x_wconf 79' lang='lat' dir='ltr'>provocatuS‚</span> <span class='ocrx_word' id='word_1_356' title='bbox 1404 4205 1535 4257; x_wconf 90' lang='lat' dir='ltr'>non</span> <span class='ocrx_word' id='word_1_357' title='bbox 1577 4206 1941 4276; x_wconf 85' lang='lat' dir='ltr'>provocans</span> <span class='ocrx_word' id='word_1_358' title='bbox 1959 4213 1979 4270; x_wconf 79' lang='lat'>3</span> <span class='ocrx_word' id='word_1_359' title='bbox 2014 4204 2391 4273; x_wconf 83' lang='lat' dir='ltr'>quanquam</span> <span class='ocrx_word' id='word_1_360' title='bbox 2423 4183 2773 4270; x_wconf 87' lang='lat' dir='ltr'>aliquando</span> 
     </span>
    </p>
   </div>
   <div class='ocr_carea' id='block_1_3' title="bbox 274 4470 2793 4551">
    <p class='ocr_par' dir='ltr' id='par_1_7' title="bbox 274 4470 2793 4551">
     <span class='ocr_line' id='line_1_39' title="bbox 274 4470 2793 4551; baseline -0.002 -10"><span class='ocrx_word' id='word_1_361' title='bbox 274 4489 295 4530; x_wconf 83' lang='lat'><strong>¹</strong></span> <span class='ocrx_word' id='word_1_362' title='bbox 328 4490 398 4541; x_wconf 80' lang='lat' dir='ltr'>De</span> <span class='ocrx_word' id='word_1_363' title='bbox 427 4494 624 4541; x_wconf 75' lang='lat' dir='ltr'>natura</span> <span class='ocrx_word' id='word_1_364' title='bbox 655 4490 895 4551; x_wconf 80' lang='lat' dir='ltr'>Deorum,</span> <span class='ocrx_word' id='word_1_365' title='bbox 930 4490 966 4541; x_wconf 93' lang='lat'>1.</span> <span class='ocrx_word' id='word_1_366' title='bbox 1001 4503 1057 4542; x_wconf 85' lang='lat' dir='ltr'>u.</span> <span class='ocrx_word' id='word_1_367' title='bbox 1088 4516 1154 4530; x_wconf 93' lang='lat'>—</span> <span class='ocrx_word' id='word_1_368' title='bbox 1187 4492 1247 4544; x_wconf 84' lang='lat' dir='ltr'>V.</span> <span class='ocrx_word' id='word_1_369' title='bbox 1283 4490 1464 4543; x_wconf 71' lang='lat' dir='ltr'>Oratio</span> <span class='ocrx_word' id='word_1_370' title='bbox 1494 4501 1647 4541; x_wconf 81' lang='lat' dir='ltr'>xxxn</span> <span class='ocrx_word' id='word_1_371' title='bbox 1682 4499 1728 4539; x_wconf 79' lang='lat' dir='ltr'>s.</span> <span class='ocrx_word' id='word_1_372' title='bbox 1765 4485 1997 4549; x_wconf 78' lang='lat' dir='ltr'>Gregorii</span> <span class='ocrx_word' id='word_1_373' title='bbox 2055 4470 2393 4547; x_wconf 59' lang='lat' dir='ltr'>blainmont,</span> <span class='ocrx_word' id='word_1_374' title='bbox 2447 4483 2542 4548; x_wconf 85' lang='lat' dir='ltr'>qul</span> <span class='ocrx_word' id='word_1_375' title='bbox 2593 4485 2793 4547; x_wconf 70' lang='lat' dir='ltr'>praecla</span> 
     </span>
    </p>
   </div>
   <div class='ocr_carea' id='block_1_4' title="bbox 205 4546 2605 4676">
    <p class='ocr_par' dir='ltr' id='par_1_8' title="bbox 205 4546 2605 4676">
     <span class='ocr_line' id='line_1_40' title="bbox 205 4546 2605 4615; baseline -0.003 -10"><span class='ocrx_word' id='word_1_376' title='bbox 205 4564 300 4605; x_wconf 71' lang='lat' dir='ltr'>ras</span> <span class='ocrx_word' id='word_1_377' title='bbox 331 4552 539 4613; x_wconf 79' lang='lat' dir='ltr'>regulas</span> <span class='ocrx_word' id='word_1_378' title='bbox 572 4551 879 4615; x_wconf 81' lang='lat' dir='ltr'>praescribit.</span> <span class='ocrx_word' id='word_1_379' title='bbox 912 4578 977 4592; x_wconf 90' lang='lat'>-</span> <span class='ocrx_word' id='word_1_380' title='bbox 1011 4555 1074 4607; x_wconf 88' lang='lat' dir='ltr'>lt.</span> <span class='ocrx_word' id='word_1_381' title='bbox 1110 4553 1376 4613; x_wconf 64' lang='lat' dir='ltr'>nahmen,</span> <span class='ocrx_word' id='word_1_382' title='bbox 1411 4555 1480 4605; x_wconf 85' lang='lat' dir='ltr'>De</span> <span class='ocrx_word' id='word_1_383' title='bbox 1511 4551 1694 4604; x_wconf 72' lang='lat' dir='ltr'>studiis</span> <span class='ocrx_word' id='word_1_384' title='bbox 1724 4549 2035 4607; x_wconf 70' lang='lat' dir='ltr'>monasticia,</span> <span class='ocrx_word' id='word_1_385' title='bbox 2069 4558 2187 4598; x_wconf 79' lang='lat' dir='ltr'>saec.</span> <span class='ocrx_word' id='word_1_386' title='bbox 2217 4546 2285 4605; x_wconf 85' lang='lat'>11,</span> <span class='ocrx_word' id='word_1_387' title='bbox 2321 4559 2368 4598; x_wconf 82' lang='lat' dir='ltr'>c.</span> <span class='ocrx_word' id='word_1_388' title='bbox 2402 4547 2527 4609; x_wconf 57' lang='lat' dir='ltr'>tas</span> <span class='ocrx_word' id='word_1_389' title='bbox 2558 4550 2605 4598; x_wconf 59' lang='grc' dir='ltr'>ἢ.</span> 
     </span>
     <span class='ocr_line' id='line_1_41' title="bbox 273 4609 2528 4676; baseline -0.003 -11"><span class='ocrx_word' id='word_1_390' title='bbox 273 4613 298 4655; x_wconf 80' lang='lat'>²</span> <span class='ocrx_word' id='word_1_391' title='bbox 333 4616 427 4676; x_wconf 85' lang='lat' dir='ltr'>Ep.</span> <span class='ocrx_word' id='word_1_392' title='bbox 467 4627 501 4673; x_wconf 78' lang='lat' dir='ltr'>t,</span> <span class='ocrx_word' id='word_1_393' title='bbox 537 4615 674 4666; x_wconf 85' lang='lat' dir='ltr'>Petr.</span> <span class='ocrx_word' id='word_1_394' title='bbox 707 4624 757 4665; x_wconf 81' lang='lat' dir='ltr'>c.</span> <span class='ocrx_word' id='word_1_395' title='bbox 789 4616 838 4666; x_wconf 85' lang='grc'>3.</span> <span class='ocrx_word' id='word_1_396' title='bbox 993 4646 1000 4653; x_wconf 87' lang='grc'>-</span> <span class='ocrx_word' id='word_1_397' title='bbox 1647 4615 1671 4654; x_wconf 81' lang='lat'>⁸</span> <span class='ocrx_word' id='word_1_398' title='bbox 1703 4614 1758 4664; x_wconf 90' lang='lat' dir='ltr'>C.</span> <span class='ocrx_word' id='word_1_399' title='bbox 1793 4616 1842 4672; x_wconf 72' lang='lat'>2,</span> <span class='ocrx_word' id='word_1_400' title='bbox 1880 4612 1905 4675; x_wconf 70' lang='lat'><strong>5</strong></span> <span class='ocrx_word' id='word_1_401' title='bbox 1937 4615 1966 4663; x_wconf 77' lang='lat'>2</span> <span class='ocrx_word' id='word_1_402' title='bbox 1997 4611 2058 4661; x_wconf 80' lang='lat' dir='ltr'>de</span> <span class='ocrx_word' id='word_1_403' title='bbox 2091 4611 2359 4670; x_wconf 73' lang='lat' dir='ltr'>haerettcis,</span> <span class='ocrx_word' id='word_1_404' title='bbox 2393 4609 2447 4658; x_wconf 87' lang='lat' dir='ltr'>ln</span> <span class='ocrx_word' id='word_1_405' title='bbox 2479 4614 2528 4659; x_wconf 85' lang='grc'>6.</span> 
     </span>
    </p>
   </div>
   <div class='ocr_carea' id='block_1_5' title="bbox 272 4671 2767 4742">
    <p class='ocr_par' dir='ltr' id='par_1_9' title="bbox 272 4671 2767 4742">
     <span class='ocr_line' id='line_1_42' title="bbox 272 4671 2767 4742; baseline -0.001 -16"><span class='ocrx_word' id='word_1_406' title='bbox 272 4677 296 4716; x_wconf 76' lang='lat'><em>⁴</em></span> <span class='ocrx_word' id='word_1_407' title='bbox 331 4676 391 4726; x_wconf 81' lang='grc'>1).</span> <span class='ocrx_word' id='word_1_408' title='bbox 428 4676 681 4739; x_wconf 74' lang='lat' dir='ltr'>Thomas,</span> <span class='ocrx_word' id='word_1_409' title='bbox 715 4681 765 4739; x_wconf 68' lang='grc' dir='ltr'>Ξ,</span> <span class='ocrx_word' id='word_1_410' title='bbox 798 4680 849 4739; x_wconf 75' lang='grc'>2,</span> <span class='ocrx_word' id='word_1_411' title='bbox 883 4690 935 4742; x_wconf 91' lang='lat' dir='ltr'>q.</span> <span class='ocrx_word' id='word_1_412' title='bbox 969 4682 1018 4740; x_wconf 72' lang='grc' dir='ltr'>Ξ,</span> <span class='ocrx_word' id='word_1_413' title='bbox 1054 4691 1109 4730; x_wconf 89' lang='lat' dir='ltr'>a.</span> <span class='ocrx_word' id='word_1_414' title='bbox 1143 4682 1230 4741; x_wconf 79' lang='lat'>10;</span> <span class='ocrx_word' id='word_1_415' title='bbox 1263 4681 1315 4730; x_wconf 89' lang='lat' dir='ltr'>et</span> <span class='ocrx_word' id='word_1_416' title='bbox 1350 4678 1568 4737; x_wconf 85' lang='lat' dir='ltr'>Suarez,</span> <span class='ocrx_word' id='word_1_417' title='bbox 1604 4678 1675 4729; x_wconf 81' lang='lat' dir='ltr'>De</span> <span class='ocrx_word' id='word_1_418' title='bbox 1702 4676 1819 4739; x_wconf 71' lang='grc' dir='ltr'>Με,</span> <span class='ocrx_word' id='word_1_419' title='bbox 1853 4675 1992 4739; x_wconf 82' lang='lat' dir='ltr'>disp.</span> <span class='ocrx_word' id='word_1_420' title='bbox 2026 4685 2099 4725; x_wconf 81' lang='lat' dir='ltr'>xx</span> <span class='ocrx_word' id='word_1_421' title='bbox 2131 4673 2283 4725; x_wconf 85' lang='lat' dir='ltr'>utilia</span> <span class='ocrx_word' id='word_1_422' title='bbox 2318 4673 2520 4731; x_wconf 86' lang='lat' dir='ltr'>monita</span> <span class='ocrx_word' id='word_1_423' title='bbox 2552 4671 2767 4726; x_wconf 77' lang='lat' dir='ltr'>habent.</span> 
     </span>
    </p>
   </div>
   <div class='ocr_carea' id='block_1_6' title="bbox 300 4757 2613 4848">
    <p class='ocr_par' dir='ltr' id='par_1_10' title="bbox 300 4757 2613 4848">
     <span class='ocr_line' id='line_1_43' title="bbox 300 4757 2613 4848; baseline -0.003 -21"><span class='ocrx_word' id='word_1_424' title='bbox 300 4760 574 4844; x_wconf 71' lang='lat' dir='ltr'>Scmm,</span> <span class='ocrx_word' id='word_1_425' title='bbox 624 4759 950 4848; x_wconf 73' lang='lat' dir='ltr'>Theoloyia</span> <span class='ocrx_word' id='word_1_426' title='bbox 996 4767 1121 4831; x_wconf 86' lang='lat' dir='ltr'>etc.</span> <span class='ocrx_word' id='word_1_427' title='bbox 1193 4764 1263 4830; x_wconf 88' lang='grc' dir='ltr'>Τ.</span> <span class='ocrx_word' id='word_1_428' title='bbox 1312 4763 1389 4828; x_wconf 87' lang='lat'>11.</span> <span class='ocrx_word' id='word_1_429' title='bbox 2535 4757 2613 4820; x_wconf 74' lang='lat'>41</span> 
     </span>
    </p>
   </div>
  </div>
 </body>
</html>
