3292 5167
484 179 616 245 580
1499 196 1614 244 un.
1664 192 1728 240 ιι.
1778 194 1989 241 'ratic-r.
2037 191 2142 241 vu.

481 296 709 362 stolida
757 296 1187 377 periculorum
1230 294 1450 372 adme,
1493 312 1634 379 quae
1681 294 1780 359 vel
1827 311 1905 358 ex
1945 311 2110 359 vana
2175 295 2271 360 sui
2320 297 2788 372 ostentatione,
2829 293 2934 358 vel
2979 310 3057 359 ex

481 378 747 457 indigno
789 388 1055 457 quaestu,
1099 378 1164 440 in
1224 376 1570 456 juvenibus
1634 378 1928 451 maxime,
1975 376 2348 456 procedunt.
2413 376 2655 454 Quibus
2699 378 2788 453 flt,
2834 384 2906 438 ut
2948 373 3057 455 qui

481 458 906 522 robustissimi
963 467 1167 533 erant,
1213 475 1325 537 per
1370 456 1544 520 illam
1591 456 2013 536 improvidam
2056 458 2286 536 agendi
2358 460 2675 521 rationem
2749 469 2871 520 nec
2938 455 3058 519 sibi

483 555 604 601 nec
648 538 790 601 aliis
833 537 1106 617 amplius
1151 538 1451 618 prodesse
1495 538 1771 601 valeant.
1798 570 1874 583 -
1915 536 1974 599 V.
2000 536 2200 619 Stapf,
2229 537 2422 620 5283.
2449 573 2524 586 —
2551 538 2839 619 Lignori,
2866 535 3055 616 Opas.

477 618 741 695 Marsi.
791 635 889 695 tn,
938 634 1045 681 nn.
1091 619 1192 695 30,
1236 619 1336 689 32,
1382 617 1519 682 372.

1534 841 1639 921 (J)
1686 842 1838 924 paq.
1879 841 2017 907 490.

562 1094 777 1159 849.
820 1097 1355 1172 Quoad-duellam
1401 1109 1693 1163 notamus
1736 1116 1881 1164 cnm
1925 1097 2140 1179 Gury:

643 1179 695 1240 t.
737 1178 873 1241 Non
920 1178 1070 1240 licet
1103 1178 1384 1241 duellum
1417 1182 1740 1260 suscipere
1783 1197 1855 1244 ea
1890 1181 2054 1260 lege,
2092 1191 2160 1242 nt
2189 1193 2319 1241 uno
2350 1175 2715 1253 vulnerate,
2748 1185 2857 1240 aut
2886 1184 3061 1240 certo

483 1267 753 1320 numero
802 1261 1036 1321 ictuum
1082 1259 1415 1338 completo,
1459 1278 1667 1340 pugna
1713 1271 1951 1335 cesset3
2011 1270 2138 1323 tum
2208 1260 2352 1338 quia
2427 1260 2617 1320 etiam
2688 1261 2753 1319 in
2802 1259 2923 1321 boc
2964 1265 3064 1321 est

477 1340 828 1401 maximum
873 1337 1161 1401 vulneris
1207 1339 1462 1402 lethalis
1510 1342 1897 1420 periculum;
1944 1349 2075 1405 tum
2119 1338 2264 1419 'quia
2311 1337 2607 1401 Clemens
2651 1337 2791 1400 Vnt
2844 1338 3056 1416 probi·

480 1417 621 1480 burt
661 1421 852 1482 etiam
896 1418 1107 1481 duella
1153 1436 1283 1481 non
1331 1420 1583 1496 fatalia3
1629 1431 1762 1484 tum
1805 1424 1950 1501 quia
2001 1420 2171 1484 istud
2202 1417 2398 1482 duelli
2436 1436 2635 1499 genus
2677 1418 3055 1481 scandalum

481 1507 677 1569 creat,
729 1508 793 1561 et
835 1500 1065 1562 duellis
1109 1499 1407 1563 fatalibus
1450 1505 1847 1564 occasionem
1894 1502 2153 1582 praebet.

636 1580 692 1641 2.
734 1578 870 1642 Non
909 1579 1059 1644 licet
1103 1579 1385 1644 duellum
1433 1585 1779 1661 suscipere,
1824 1584 2016 1645 etiam
2068 1580 2450 1643 auctoritate
2508 1577 2786 1658 publica,
2818 1578 2898 1641 ad
2951 1593 3055 1640 no·

481 1659 779 1722 sceudam
824 1664 1181 1736 veritatem,
1226 1661 1301 1723 ad
1351 1662 1743 1741 probandam
1789 1664 2245 1734 innocentiam,
2293 1674 2408 1722 nec
2457 1661 2531 1721 ad
2585 1658 2939 1722 finiendam
2994 1659 3060 1720 li·

483 1747 610 1799 tem
655 1742 987 1818 p‘rivatam,
1034 1743 1177 1820 quia
1226 1758 1352 1804 non
1398 1752 1495 1805 est
1537 1742 1817 1806 medium
1864 1743 1940 1805 ad
1982 1744 2095 1805 hos
2134 1743 2292 1804 fines
2329 1739 2721 1803 ordinatum.
2761 1739 2888 1802 Nec
2920 1740 3057 1819 cogi

479 1829 743 1897 possunt
787 1823 875 1883 rei
922 1820 1001 1884 ad
1047 1821 1481 1900 duellandnm,
1522 1837 1632 1902 spe
1676 1826 1873 1886 etiam
1917 1823 2065 1886 vitae
2110 1821 2337 1884 victori
2382 1819 2597 1883 futuro
2641 1819 2808 1882 data.

639 1901 694 1962 3.
740 1900 912 1964 Licet
999 1918 1240 1982 ugnare
1287 1904 1351 1963 in
1396 1902 1611 1965 duello
1677 1903 1752 1966 ad
1822 1919 2059 1965 meram
2120 1901 2585 1972 defensionem,
2629 1901 2827 1962 etiam
2876 1913 3055 1962 arma

481 1981 870 2058 acceptando
915 1918 994 2043 ag
1037 1983 1424 2060 adversario,
1469 1985 1518 2044 si
1588 1999 1758 2046 mors
1802 1984 1880 2046 ab
1937 1986 2072 2062 ipso
2116 1984 2494 2054 intentetur,
2541 1982 2661 2042 nisi
2711 1996 2923 2059 pugna
2970 1994 3059 2041 ac·

482 2068 792 2137 ceptetnr‚
838 2077 954 2124 nec
997 2062 1164 2125 adsit
1205 2063 1328 2127 alia
1357 2065 1455 2125 via
1495 2065 1850 2143 periculum
1897 2066 2121 2126 mortis
2166 2064 2524 2142 proximum
2557 2060 2900 2122 evadendi.
2931 2058 3053 2122 Sed

486 2155 614 2201 non
662 2141 812 2204 licet
856 2158 922 2203 se
960 2142 1377 2224 conferi-ead
1422 2143 1618 2207 alium
1667 2145 1894 2220 locum,
1947 2151 2057 2206 aut
2113 2143 2399 2206 indicere
2462 2140 2542 2203 ad
2607 2139 3055 2203 defensionem

481 2218 656 2282 alind
707 2230 951 2300 tempus
995 2221 1520 2300 determinatum
1566 2228 1711 2304 quia
1760 2232 1912 2288 tunc
1962 2223 2244 2287 duellum
2281 2223 2536 2302 proprie
2581 2221 2827 2284 dictum
2867 2229 3059 2297 esset,

482 2315 612 2361 non
661 2302 927 2365 actualis
970 2307 1315 2382 aggressio.
1358 2303 1429 2367 V.
1474 2305 1787 2379 Garriere,
1837 2304 1917 2366 De
1958 2305 2249 2381 Iustitia,
2294 2319 2350 2366 n.
2398 2301 2535 2365 814.

640 2382 693 2443 4.
738 2381 857 2456 Qui
887 2382 1158 2446 alterum
1193 2384 1427 2447 occidit
1458 2387 1522 2446 in
1562 2385 1777 2448 duello
1808 2385 2201 2465 probabilius
2238 2382 2311 2446 ad
2354 2384 2515 2445 nibil
2560 2390 2815 2443 tenetur
2846 2380 3053 2461 quoad

481 2461 953 2525 restitutionem
985 2465 1121 2527 sive
1154 2465 1485 2528 occumbat
1517 2481 1868 2545 provocans
1899 2467 2035 2530 sive
2072 2470 2485 2546 provocatus;
2523 2463 2673 2524 licet
2702 2465 2879 2524 enim
2913 2477 3052 2540 pec·

481 2544 723 2616 caverit
766 2551 989 2606 contra
1033 2547 1407 2608 charitatem
1457 2546 1880 2624 provocando,
1926 2563 2051 2610 non
2102 2555 2310 2607 tamen
2362 2544 2649 2622 peccavit
2693 2551 2919 2603 contra
2962 2541 3051 2620 ju-

479 2623 716 2684 stitiam
765 2624 1107 2702 pugnando
1150 2625 1302 2706 (nisi
1353 2626 1530 2688 illum
1580 2627 1909 2690 induxerit
1958 2630 2015 2689 vi
2062 2634 2171 2689 aut
2214 2623 2517 2703 gravibus
2563 2625 2775 2696 minis,
2833 2624 3048 2702 sicque

479 2704 658 2779 quasi
708 2705 1034 2783 coegerit).
1079 2705 1233 2769 Nam
1279 2707 1491 2769 statim
1519 2724 1609 2768 ‘ac
1656 2715 1905 2770 constat
1948 2712 2357 2787 provocatum
2426 2703 2629 2765 libere
2685 2711 3047 2781 acceptasse

479 2781 786 2860 duellum,
816 2792 1086 2864 uterque
1132 2787 1209 2850 ad
1257 2788 1529 2849 invicem
1577 2787 1696 2850 sibi
1746 2787 2108 2852 facultatem
2161 2786 2346 2848 facit:
2383 2792 2448 2847 at
2488 2783 2730 2845 volenti
2773 2782 2950 2845 nulla
2984 2783 3051 2846 fit

478 2860 717 2939 injuria
766 2864 1087 2927 damnosa.
1129 2900 1209 2913 —
1264 2867 1323 2928 V.
1369 2866 1647 2946 Lignori,
1697 2866 1861 2948 Opas
1896 2867 2075 2943 Mor,
2119 2867 2159 2930 1.
2204 2881 2301 2943 m,
2346 2881 2452 2926 nn.
2497 2864 2609 2928 40¹
2646 2873 2712 2925 et
2752 2863 2891 2926 638.

425 2997 430 3004 .
555 2941 763 3005 851».
805 2946 976 3007 Non
1017 2944 1239 3008 intro
1301 2945 1440 3019 tat,
1487 2947 1639 3009 sod
1666 2947 1881 3010 viles
1924 2946 2491 3008 ‹laentum-ess
2537 2944 2737 3007 Medio
2768 2959 2894 3006 oevo
2928 2941 3047 3019 (ait

476 3018 681 3102 Stapf,
715 3024 750 3105 ς
793 3025 960 3106 391),
1003 3029 1202 3105 ejasm
1284 3028 1308 3090 i
1343 3043 1588 3109 paqnae,
1628 3045 1840 3108 nempe
1880 3027 2112 3105 duella,
2153 3043 2307 3106 soepe
2335 3024 2650 3097 adhiberi,
2700 3025 2819 3086 imo
2862 3023 3052 3116 etiarn

478 3107 867 3167 auctoritate
904 3105 1161 3186 publica
1203 3109 1571 3172 demandari
1632 3114 2127 3184 consueverant',
2173 3114 2247 3170 at
2308 3108 2446 3186 qaia
2510 3113 2718 3169 notam
2761 3104 3051 3166 criminis

481 3181 610 3246 sibi
649 3186 745 3247 vei
785 3188 976 3249 etiam
1026 3187 1180 3249 aliis
1221 3187 1454 3267 objecti
1496 3188 1614 3251 tali
1655 3191 1826 3252 modo
1867 3188 2255 3252 amoliretur.
2300 3185 2705 3266 Proefidenter
2751 3184 3052 3248 nimirum

478 3269 544 3325 et
584 3270 804 3327 temere
845 3266 1208 3347 sperabant,
1256 3268 1448 3331 Deam
1486 3270 1907 3348 provisuram,
1946 3278 2024 3332 ut
2062 3284 2213 3348 pars
2257 3269 2547 3334 innocens
2583 3268 2769 3328 etiam
2813 3264 3053 3327 victrix

478 3343 796 3408 existeret.
840 3345 936 3410 Ab
980 3346 1098 3409 hac
1143 3347 1250 3409 Dei
1292 3351 1631 3413 tentatione
1673 3358 1825 3414 oetas
1854 3349 2232 3429 subsequens
2280 3348 2554 3427 equidem
2596 3347 2912 3424 resipuit,
2962 3345 3053 3407 ita

480 3429 706 3515 tamen,
742 3432 815 3487 at
870 3428 936 3488 in
979 3428 1254 3506 ejzasdem
1297 3429 1496 3492 locam
1535 3432 1790 3493 vesania
1832 3447 1954 3494 non
1994 3431 2203 3492 minor
2244 3427 2635 3501 successerit,
2658 3427 2887 3506 »opinio
2930 3423 3049 3486 sci·

482 3505 666 3579 tacet,
710 3507 792 3568 ad
831 3514 1049 3586 partes
1093 3516 1154 3570 et
1194 3512 1305 3572 via>
1349 3527 1467 3574 non
1511 3512 1593 3572 ad
1633 3511 1833 3590 officia
1877 3510 2120 3572 honesti
2162 3509 2291 3573 viri
2332 3514 2617 3587 spectare
2642 3554 2658 3582 ,
2706 3511 2783 3568 ut
2819 3505 2917 3567 vel
2954 3506 3048 3567 in-

470 3585 693 3666 jurias
736 3585 861 3650 sibi
903 3588 1120 3651 illatas
1161 3588 1470 3667 eiusmodi
1508 3591 1847 3653 certamine
1889 3591 2259 3667 ulciscatur,
2299 3590 2394 3652 vei
2440 3594 2514 3650 at
2555 3587 2665 3650 hcc
2702 3586 2872 3648 modo
2913 3586 3050 3648 ani·

475 3682 645 3730 mam
681 3683 945 3747 prorsus
988 3670 1372 3749 intrepidum
1414 3671 1715 3734 ostendat.

559 3745 647 3811 De
692 3747 903 3810 duello
945 3750 1020 3812 ad
1070 3765 1202 3812 rem
1246 3749 1505 3828 Ganme,
1550 3749 1935 3814 Catecltismo
1978 3750 2045 3813 di
2081 3765 2559 3832 persever-anza,
2601 3755 2761 3827 part.
2790 3746 2890 3807 2¹:
2940 3771 2963 3801 ‹
3002 3744 3052 3806 11

477 3826 762 3891 Concilio
810 3829 872 3890 di
918 3830 1152 3892 Trento
1196 3833 1472 3910 colpisce
1516 3831 1865 3894 d'infamia
1914 3833 1930 3893 i
1978 3829 2314 3908 duellanti,
2357 3828 2740 3892 dimodoche
2784 3828 2910 3890 essi
2958 3826 3043 3888 di·

474 3923 775 3988 vengono
818 3909 1193 3991 irregolari‚
1245 3915 1326 3975 ne
1373 3927 1644 3992 possono
1690 3914 1979 3974 ricevere
2042 3909 2268 3974 Ordini
2326 3926 2514 3972 senza
2581 3909 2899 3987 dispensa.
2956 3905 3050 3969 ln·

479 3986 618 4052 fatti
667 3990 788 4051 essi
836 4005 993 4052 sono
1039 3991 1262 4055 infami
1312 3994 1545 4072 perche
1581 4009 1739 4056 sono
1782 3991 1897 4054 vili
1942 4008 1978 4055 e
2022 3992 2239 4054 cattivi
2298 3990 2613 4051 cittadini.
2687 3988 2849 4051 Viti.-
2913 4001 3047 4050 cur·

476 4085 645 4132 vano
688 4068 744 4131 la
793 4070 929 4134 loro
973 4072 1189 4135 fronte
1233 4074 1590 4153 orgogliosa
1640 4083 1804 4136 sotto
1850 4073 1892 4135 il
1931 4073 2116 4152 giogo
2147 4072 2296 4133 d'un
2337 4068 3056 4149 pregiudizio'barbaro

478 4151 598 4211 clue
643 4165 768 4212 non
816 4167 1010 4214 osane
1056 4154 1422 4216 affrontare.
1471 4153 1623 4217 Viti:
1670 4168 1981 4216 mancano
2011 4153 2073 4214 di
2106 4150 2255 4230 quel
2290 4152 2592 4229 coraggio
2628 4150 2745 4212 cbe
2784 4148 3053 4210 nobilita

477 4229 836 4293 realmente
882 4232 1146 4307 l’nomo,
1190 4234 1235 4294 il
1280 4237 1575 4312 cor‘aggio
1621 4233 1685 4295 di
1736 4234 2109 4312 perdonare.
2167 4229 2321 4292 Viti:
2353 4231 2402 4291 si
2440 4238 2769 4291 mostrano
2815 4229 3056 4291 scbiavi

479 4309 648 4372 delle
683 4312 788 4388 piu
824 4312 933 4374 vili
968 4315 1270 4393 passioni,
1313 4313 1630 4393 l'ogoglio,
1674 4312 1717 4373 il
1754 4329 2039 4388 rancore,
2084 4310 2144 4374 la
2188 4309 2493 4373 crudelta.
2536 4345 2617 4360 --
2668 4308 2911 4371 Gattioi
2937 4309 3054 4371 cit·

480 4390 729 4453 ladini:
775 4392 897 4453 essi
944 4401 1382 4456 avventurano
1431 4410 1541 4472 per
1586 4392 1944 4454 seddisfare
1988 4407 2113 4455 una
2168 4390 2477 4453 vendetta
2545 4388 2924 4468 personale,
2970 4403 3056 4451 uu

478 4468 642 4530 bene
688 4471 806 4534 che
854 4488 979 4534 non
1028 4476 1399 4553 appartiene
1431 4473 1506 4535 ad
1554 4475 1719 4535 essi:
1763 4475 1901 4534 cioe
1941 4471 1998 4534 la
2038 4475 2189 4550 vita,
2220 4471 2276 4533 la
2308 4470 2495 4550 quale
2526 4470 2900 4550 appar-tiene
2930 4466 3054 4531 alla

477 4550 732 4624 sociata,
778 4552 896 4613 alla
947 4555 1203 4632 moglie,
1251 4555 1307 4616 ai
1357 4554 1509 4632 figli.
1561 4551 1797 4616 Cattivi
1837 4552 2180 4615 cittadini:
2224 4551 2587 4630 calpestano
2626 4548 3057 4629 imprudente·

475 4639 692 4692 mente
739 4631 795 4693 la
841 4632 1024 4712 legge
1057 4635 1355 4712 primaria
1394 4634 1457 4695 di
1495 4635 1644 4713 ogni
1684 4634 1923 4696 societa
1954 4633 2070 4695 ebe
2100 4637 2261 4695 vieta
2301 4630 2761 4694 all’individ‘uo
2793 4630 2856 4693 di
2891 4630 3054 4694 farsi
