3292 5167
547 159 679 225 546
1213 183 1326 228 Lm.
1375 181 1443 228 ιι.
1492 184 1707 231 τιυιοτ.
1756 182 1863 231 vn.
1915 179 2067 230 ulsr.
2115 182 2183 230 ιι.
2233 186 2490 231 Arenae.

633 280 926 346 Officium
973 284 1446 348 taciturnitatis
1484 286 1842 364 generatim
1878 286 2258 365 prudentem
2301 285 2647 349 verborum
2725 286 3140 350 arsimoniam

546 376 611 431 et
656 368 971 444 praecipue
1007 367 1246 443 ,iustam
1292 383 1510 428 curam
1560 368 1623 428 in
1670 367 1959 429 celandis
2006 379 2137 430 tu’m
2186 368 2386 429 nostri
2455 373 2586 430 tum
2646 382 2677 429 a
2713 369 2919 430 lorum
2966 381 3139 429 arca-

547 450 647 511 nis
689 444 1000 523 designat.
1047 445 1178 508 Etsi
1243 448 1487 509 candor
1530 450 1731 509 animi
1777 457 1842 509 et
1884 449 2226 510 sinceritas
2308 447 2657 528 plurimum
2703 448 3139 524 commendari

543 533 947 600 mereantur3
994 527 1057 587 iu
1105 530 1407 604 praesenti
1455 538 1668 590 tamen
1704 529 2037 590 hominum
2080 529 2518 607 corruptione,
2562 527 2758 591 multa
2791 528 2986 591 simul
3018 529 3139 591 cir·

543 606 932 683 cumspectio
976 607 1346 685 requiritur.
1378 642 1456 653 -—
1497 608 1633 671 Non
1679 608 2001 688 loquimur
2049 617 2258 670 tamen
2302 607 2382 670 de
2430 609 2653 670 vitiosa
2707 606 2815 671 illa
2880 608 3141 671 tacitur-

545 692 768 760 nitate,
816 703 958 765 quae
1005 689 1341 750 honestam
1405 691 1962 751 conversationem
2008 688 2275 761 fastidit,
2324 690 2533 751 socios
2578 688 2764 768 sugit,
2830 688 3141 762 difficilis,

546 782 768 841 tenax;
813 768 1234 832 melancholia
1285 773 1476 831 nimis
1515 775 1731 832 tristes
1761 770 2030 838 effectus
2076 770 2290 843 habet,
2334 771 2607 832 maxime
2651 770 3142 848 injuveuibus3

546 852 698 922 hinc
741 847 1069 927 Philippus
1099 848 1353 911 Nerius:
1385 849 1473 914 Νέ
1503 850 1781 929 scrupoli
1808 852 1882 912 ne
1916 851 2296 914 melancenie
2338 849 2390 912 ¹.
2434 849 2510 911 Et
2555 849 2932 928 Apostolus:
2968 847 3139 913 Gau·

543 932 677 992 dete
738 930 805 990 in
875 927 1148 998 Domino,
1214 945 1472 1008 semper,
1523 933 1752 996 iterum
1793 930 1928 993 dico
1991 930 2273 1009 qaudete,
2317 935 2379 991 et
2419 946 2550 1008 pax
2593 947 2727 1010 quoe
2784 934 3142 1009 exsuperat

544 1027 779 1074 omnem
816 1026 1082 1081 sensum,
1124 1011 1438 1073 custodiat
1476 1013 1667 1074 corda
1710 1018 1918 1073 vestra
1950 1019 2011 1073 et
2054 1011 2516 1090 intelliqentias
2548 1017 2801 1073 vestras
2844 1012 2915 1072 in
2958 1008 3143 1073 cliri-

547 1099 643 1154 sto
684 1089 829 1152 Iesu
875 1089 1126 1152 Domino
1153 1097 1367 1153 nostro
1409 1091 1458 1153 ².
1504 1091 1679 1166 Quod
1735 1091 1925 1156 facile
1969 1101 2388 1171 consequitur
2430 1092 2540 1170 qui
2604 1107 2715 1153 sua
2764 1102 2942 1154 sorte
2986 1106 3141 1154 con-

550 1181 786 1236 tentus,
827 1171 1132 1232 continuo
1180 1170 1525 1235 meditatur
1569 1188 1713 1235 cum
1759 1174 2114 1252 Augustino
2153 1172 2218 1233 in
2259 1173 2495 1235 mundo
2539 1171 2716 1234 nibil
2756 1172 2901 1249 fieri
2940 1174 3135 1233 sensi·

550 1251 766 1316 biliter
807 1256 869 1311 et
905 1249 1246 1313 visibiliter
1288 1253 1447 1331 quod
1488 1254 1560 1315 de
1604 1253 1900 1316 interiori
1930 1253 2044 1316 illa
2087 1253 2239 1316 aula
2269 1252 2476 1332 (coeli)
2512 1259 2630 1313 aut
2675 1269 2798 1314 non
2825 1250 3143 1330 jnbeatur

547 1340 665 1395 aut
702 1348 823 1394 non
884 1330 1317 1409 permittatur,
1384 1332 1463 1396 ad
1508 1334 1604 1397 sui
1670 1334 1963 1412 gloriam,
2033 1342 2445 1412 nostramque
2513 1331 2823 1394 salutem:
2872 1332 3034 1398 bona
3080 1338 3147 1395 et

549 1413 740 1487 mala,
779 1413 914 1472 vita
955 1419 1015 1473 et
1056 1430 1219 1473 mors
1287 1413 1553 1492 (legitur
1614 1415 1823 1476 Eccle.
1866 1418 1982 1493 xi),
2035 1421 2374 1494 paupertas
2440 1420 2505 1475 et
2571 1413 2864 1475 honestas
2932 1430 2974 1475 a
3018 1412 3142 1475 Deo

547 1502 718 1565 sunt,
764 1497 869 1571 qui
920 1492 1083 1554 nihil
1128 1493 1263 1553 odit
1306 1511 1527 1558 eor-um
1573 1511 1715 1574 quae
1762 1495 1931 1558 fecit.

634 1573 953 1646 Ceterum,
998 1581 1065 1634 ut
1109 1582 1327 1636 nostra
1374 1576 1778 1637 conversatio
1825 1575 1989 1638 bona
2034 1575 2119 1637 sit
2162 1583 2226 1636 et
2268 1573 2395 1636 vita
2444 1582 2658 1635 nostra
2716 1572 3140 1651 perjucunda,

550 1669 709 1734 saepe
751 1652 831 1714 de
874 1650 1023 1727 Dec,
1068 1650 1215 1716 bene
1258 1654 1338 1715 de
1382 1658 1695 1734 proximu,
1738 1654 1906 1718 nibil
1948 1655 2026 1717 de
2074 1654 2259 1717 nobis
2317 1653 2652 1716 ordinarie
2720 1653 3132 1732 loquendum.

548 1733 605 1796 It
647 1735 871 1813 parlar
911 1733 978 1796 di
1021 1735 1082 1793 se
1143 1736 1174 1795 e
1216 1751 1360 1797 cosa
1406 1743 1584 1799 tanto
1626 1736 1972 1815 pericolosa
2017 1742 2254 1815 quanto
2296 1736 2346 1797 il
2393 1733 2643 1798 ballare
2697 1734 2871 1797 sulla
2934 1736 3144 1810 corda,

548 1831 664 1894 per
703 1814 923 1974 cuifclil
946 1812 1225 1954 voylilono
1267 1833 1299 1877 e
1339 1817 1738 1897 contrappesi
1768 1834 1798 1879 e
1827 1833 2059 1879 somma
2101 1815 2555 1895 circospezione
2584 1831 2695 1893 per
2722 1832 2843 1880 non
2890 1821 3146 1877 mettere

550 1897 646 1974 pie
689 1895 756 1957 in
829 1910 867 1957 a
925 1912 977 1955 o.
1021 1894 1095 1956 Sa
1131 1910 1222 1956 es.

710 2195 856 2257 Aur.
905 2189 983 2257 11.
1027 2225 1119 2238 —-
1169 2192 1256 2256 De
1298 2185 1700 2274 qratimdine,
1749 2189 2180 2272 benevolentia,
2232 2189 2533 2272 amicitia,
2588 2188 2977 2268 liberalitate,

1226 2366 1615 2455 affabilitate,
1658 2368 2012 2436 urbanitate
2055 2380 2109 2436 et
2157 2368 2460 2436 comitate.

625 2614 825 2677 288.
870 2614 936 2689 Q.
983 2617 1036 2678 1.
1082 2614 1241 2690 Quia
1283 2617 1353 2677 de
1394 2617 1787 2696 qratitudine
1828 2624 1892 2679 et
1943 2615 2414 2681 benevolentia?

626 2694 693 2758 R.
740 2696 831 2758 Ad
878 2698 945 2759 l:
988 2693 1324 2759 Gratitudo
1369 2714 1480 2759 seu
1524 2701 1728 2775 gratia
1774 2708 1873 2760 est
1908 2701 2136 2774 virtuS‚
2178 2716 2309 2775 quoe
2355 2704 2485 2758 tum
2518 2691 2956 2773 beneficiorum
2999 2696 3139 2773 qai·

546 2775 662 2842 bus
704 2775 916 2856 affecti
956 2795 1190 2849 sumus,
1249 2777 1611 2838 memoriam
1653 2779 1903 2853 retinet,
1969 2784 2099 2839 tum
2164 2778 2382 2840 iisdem
2424 2775 2875 2837 remunerandi
2928 2776 3138 2838 volun·

548 2864 739 2919 tatem
783 2855 986 2919 nabet.
1031 2855 1198 2919 Sane
1243 2866 1383 2935 post
1425 2858 1644 2931 Deum,
1693 2867 2010 2936 parenteS,
2060 2861 2329 2937 patriam
2375 2865 2439 2918 et
2472 2857 2841 2934 superiores
2871 2865 3133 2917 nostros

546 2947 771 3001 natura
822 2937 949 2999 illis
990 2937 1399 3015 peculiariter
1435 2954 1650 2999 animo
1687 2939 2029 3001 adstrictos
2075 2956 2215 3000 esse
2246 2938 2450 3011 docet,
2485 2939 2758 3014 qui-'nos
2794 2934 3134 2998 beneflciis

547 3021 679 3081 suis
721 3027 1224 3081 exornaverunt:
1280 3016 1345 3080 Si
1385 3017 1466 3082 ab
1509 3019 1725 3099 aliquo
1765 3017 2155 3098 benefactore
2198 3019 2417 3098 aliqua
2444 3016 2802 3096 peculiaria
2838 3014 3144 3096 beneficia

541 3099 943 3178 percipimus,
991 3100 1080 3161 ait
1123 3098 1502 3177 Angelicus,
1545 3099 1648 3161 illi
1689 3116 1799 3177 per
1830 3098 1957 3162 brec
1989 3101 2402 3179 peculiariter
2430 3096 2785 3178 obliqamur
2815 3113 2894 3158 ex
2929 3094 3140 3159 debita

545 3177 949 3241 honestatis...
994 3179 1126 3241 ideo
1179 3179 1457 3255 Justitioe
1500 3179 1884 3260 adjunyitur
1925 3182 2249 3260 qratitudo
2295 3179 2342 3242 ⁸.
2381 3178 2555 3240 Hanc
2599 3179 2905 3238 virtutem
2959 3192 3138 3238 com-

547 3259 890 3324 mendabat
934 3259 1163 3322 Paulus
1198 3261 1529 3340 inquiens:
1558 3263 1738 3340 qrati
1771 3269 1962 3323 estote
2005 3260 2055 3322 ⁴.
2089 3260 2336 3341 Duplex
2379 3268 2479 3322 est
2513 3256 2934 3337 gratitudinis
2980 3272 3149 3335 prae·

547 3350 837 3418 ceptum:
883 3340 941 3419 l)
987 3350 1054 3403 ut
1097 3357 1240 3402 cum
1287 3357 1640 3420 possumuS,
1675 3344 1849 3420 paria
1896 3356 1958 3403 et
2008 3343 2203 3405 etiam
2243 3339 2483 3418 maJora
2532 3338 2842 3401 beneficia
2891 3336 3144 3401 refera-

545 3433 714 3493 mus3
755 3420 816 3492 2)
860 3429 930 3481 ut
972 3436 1112 3482 cum
1162 3419 1406 3483 referre
1456 3438 1580 3482 non
1630 3437 1983 3501 possumuS,
2027 3423 2255 3484 saltem
2318 3421 2558 3501 gratias
2620 3434 2812 3499 agere
2855 3425 2921 3479 et
2986 3434 3144 3482 coii-

545 3508 791 3561 stanter
835 3500 1071 3563 habere
1114 3509 1474 3581 satagamus
1519 3500 1567 3562 ὅ.

622 3578 1011 3642 Gratitudini
1059 3582 1399 3659 opponitur
1444 3584 1736 3662 ineratus
1779 3583 2031 3644 animus
2076 3592 2141 3643 et
2181 3583 2508 3662 eminuas,
2564 3579 2746 3657 quus
2790 3588 2891 3641 est
2949 3597 3133 3643 acce·

547 3670 720 3739 ptum
767 3661 1146 3723 beneficium
1185 3662 1611 3736 dissimulare,
1658 3661 1759 3723 vel
1808 3679 1934 3724 non
1981 3663 2302 3725 aestimare
2346 3665 2524 3734 satiS,
2575 3660 2676 3722 vel
2735 3661 3144 3738 vituperare,

544 3741 641 3802 vel
688 3742 924 3803 nabere
971 3758 1082 3821 pro
1127 3742 1454 3806 maleficio.
1503 3742 1631 3804 Hoc
1676 3750 1746 3804 tu
1789 3760 1935 3804 cave
1983 3750 2282 3822 tanquam
2325 3741 2673 3805 maximum
2728 3741 2988 3818 crimen,
3038 3743 3144 3803 in-

541 3823 681 3902 quit
712 3819 952 3884 Seneca
990 3819 1039 3884 ⁶.
1075 3821 1154 3885 Et
1195 3822 1573 3886 Aristoteles
1600 3824 1693 3886 ait
1737 3822 1901 3886 nihil
1935 3824 2113 3902 peius
2158 3822 2238 3885 de
2285 3822 2497 3903 aliquo
2533 3821 2659 3883 dici
2697 3835 2904 3901 posse,
2939 3837 3141 3902 quam

597 4063 621 4105 1
663 4066 718 4115 V.
755 4063 920 4126 Stapt,
953 4064 1006 4128 33
1038 4065 1150 4123 375,
1184 4067 1294 4124 376,
1331 4066 1442 4115 626.
1475 4089 1539 4101 —
1574 4063 1820 4123 Lombez,
1858 4064 2281 4125 Dell'alleyrezza
2317 4063 2584 4114 cristiana.

597 4128 623 4230 ἓ
657 4127 788 4241 Phi²l
822 4138 894 4177 iv,
915 4152 1006 4240 iffi
1031 4125 1080 4176 V.
1123 4123 1436 4188 De-Sarasa,
1473 4128 1647 4179 L'arte
1680 4127 1733 4177 di
1757 4125 1920 4189 ,qoder
1950 4138 2193 4227 sempre⁴,·
2226 4124 2577 4238 tra1dotta¹dal
2612 4136 2662 4182 p.
2697 4124 2997 4177 Bresciani.

657 4193 705 4249 2,
775 4227 788 4250 ‚
866 4228 877 4239 .
1014 4228 1024 4237 .
2200 4200 2258 4248 ιι,
2338 4198 2495 4238 essa.
2533 4198 2603 4237 vi.

602 4252 626 4292 ὅ
659 4202 866 4304 Scillcgt
893 4251 1137 4304 habemus
1165 4251 1382 4312 cratiae,
1415 4260 1538 4302 cum
1586 4248 1848 4302 habemus
1903 4249 2239 4302 voluntatem
2293 4246 2698 4301 remunerandi:
2754 4251 2958 4310 aqimus
3009 4260 3147 4300 vero

537 4317 749 4375 pratici,
783 4325 906 4366 cum
939 4312 1115 4366 verbis
1148 4317 1200 4364 et
1231 4311 1349 4364 aliis
1383 4312 1862 4373 significationibus
1894 4314 2144 4372 externis,
2181 4324 2289 4377 quo
2323 4313 2506 4364 animo
2538 4311 2595 4363 in
2631 4310 3029 4364 benefactorem
3052 4324 3153 4365 no·

537 4380 707 4428 strum
739 4376 908 4427 affecti
939 4376 1132 4436 simus,
1163 4374 1389 4427 libenter
1422 4377 1473 4425 et
1504 4387 1535 4426 a
1574 4378 1682 4427 erte
1719 4374 2019 4438 pandimus.

661 4437 740 4490 Ad
772 4438 1108 4490 excitandam
1145 4440 1383 4489 nostram
1416 4449 1507 4498 gra
1555 4437 1795 4490 tudinem
1828 4438 1882 4488 et
1911 4447 2150 4488 amorem
2185 4447 2311 4500 erga
2343 4436 2513 4486 Deum
2548 4447 2580 4487 a
2611 4447 2722 4500 quo
2770 4440 2899 4488 suut
2954 4438 3152 4488 omnia

538 4499 703 4559 bona,
740 4501 970 4562 praeslat,
1004 4504 1062 4550 ut
1093 4500 1466 4550 consideremus
1497 4501 1642 4561 (cum
1679 4498 1997 4573 Augustino)
2028 4511 2143 4572 quae
2194 4503 2484 4571 accepimus
2517 4512 2551 4549 a
2585 4499 2802 4550 Domino
2856 4500 2964 4550 Deo
3008 4511 3152 4549 aaut·

539 4565 716 4676 mtgni‘a
747 4562 1143 4687 cumdeoissnwaefs,
1172 4564 1522 4626 particularia
1552 4575 1673 4614 cam
1704 4562 1975 4625 aliquibus,
2013 4562 2304 4625 scapularia
2335 4560 2492 4612 nobis.

703 4662 718 4677 ο
755 4635 810 4676 lv
975 4637 1065 4675 me
1091 4656 1104 4670 ι
2362 4649 2367 4654 ”
