3292 5167
1075 245 1153 292 bu·
1190 246 1439 292 Aci-teus
1484 243 1829 294 nentotoms
2532 239 2538 244 '
2701 226 2782 294 13

210 347 581 433 frequentari,
612 426 619 432 ,
653 349 913 416 omnino
978 348 1369 416 damnandos
1421 369 1566 430 esse,
1610 360 1805 435 prout
1831 350 1975 436 jam
2019 349 2264 435 quidem
2310 372 2410 419 eos
2456 352 2780 419 damnavit

212 453 284 539 (in
332 452 613 521 Nicaeno
662 457 753 540 ΙΙ)
801 466 859 521 et
888 474 1059 546 ¹'tunic
1103 455 1291 522 etiam
1328 455 1587 522 damnat
1630 456 1911 523 Ecclesia
1957 455 2053 542 (in
2104 457 2518 544 Tridentino)
2568 453 2616 525 ¹.

272 595 532 659 Praestat
576 607 816 674 autem,
857 606 928 660 ut
970 613 1102 677 prre
1147 599 1380 661 ceteris
1422 595 1674 660 Sanctis
1704 597 1768 660 B.
1800 597 2133 677 Virginem
2180 600 2586 664 invocemus:
2636 616 2783 663 nam

211 678 252 740 si
287 693 448 740 unus
490 678 599 740 vel
628 678 812 754 ,alter
856 677 1127 740 Sanetus
1170 678 1249 741 ad
1294 680 1412 739 hoc
1445 677 1544 739 vel
1585 678 1739 740 illud
1778 677 2161 741 beneficium
2200 680 2620 743 obtinendum
2663 683 2787 743 sin-

212 756 424 837 gularis
469 758 826 820 advocatus
871 758 1140 821 babetur
1170 756 1199 802 ²
1230 806 1247 832 ,
1292 757 1488 821 Maria
1541 758 1618 820 ad
1665 762 1878 822 omnia
1941 759 2290 822 obtinenda
2336 769 2433 823 est
2475 762 2784 825 advocata

212 838 599 900 universalis.
645 839 826 900 Adde
868 838 1476 906 excellentissimam
1519 837 1811 918 Virginis
1874 839 2254 918 dignitatem
2281 888 2297 915 ,
2354 843 2788 918 sanctitatem,

211 918 667 996 excellentiam,
711 920 870 981 adeo
916 927 984 982 ut
1030 936 1141 1000 pro
1186 935 1255 981 ea
1304 918 1601 999 specialis
1646 919 1853 982 cultus
1885 919 2352 983 determinatus
2383 923 2570 996 sit3si
2604 924 2778 985 enlm

209 998 405 1061 multae.
450 1007 1013 1079 congregaverunt
1058 999 1347 1072 divitias,
1396 1000 1527 1078 ipsa
1574 1016 1990 1078 supergressa
2021 1010 2118 1063 est
2148 1002 2518 1076 universas3
2562 1013 2625 1065 at
2660 1018 2784 1083 quo

210 1081 329 1157 quis
372 1078 643 1158 dignior
686 1090 805 1155 est,
846 1096 920 1142 eo
963 1080 1281 1143 efficacior
1327 1080 1720 1158 interpellat.
1765 1079 1914 1143 [deo
1953 1079 2161 1159 placet
2203 1081 2593 1145 concludere
2640 1098 2783 1144 ver·

210 1159 292 1221 bis
328 1157 795 1223 Gloriosissimi
842 1160 1170 1223 pontificis
1214 1159 1307 1222 Pii
1353 1158 1537 1239 Papae
1583 1160 1683 1235 lx,
1727 1161 1833 1239 qui
1903 1160 2238 1240 Encyclica
2294 1160 2413 1235 Qui
2468 1160 2804 1242 pluribus,

210 1248 531 1319 postquam
579 1243 973 1304 commonuit
1016 1239 1289 1303 assiduis
1333 1241 1734 1303 orationibus
1777 1257 1917 1302 esse
1964 1241 2410 1316 insistendum,
2457 1254 2527 1306 ut
2569 1242 2785 1306 Eccle-

208 1320 287 1382 sia
323 1329 553 1383 sancta
599 1321 754 1397 Dei,
791 1320 1089 1384 omnibus
1131 1319 1630 1384 adversitatibus
1676 1335 1740 1383 et
1783 1321 2112 1385 erroribus
2183 1326 2438 1400 penitus
2495 1323 2787 1398 sublatis,

208 1402 595 1479 optatissima
646 1403 1112 1481 tranquillitate
1158 1401 1456 1476 truatur,
1499 1409 1563 1463 et
1607 1402 1717 1463 flat
1762 1417 1967 1464 unum
2013 1401 2183 1464 ovile
2227 1408 2291 1463 et
2336 1419 2504 1466 unus
2548 1413 2782 1482 pastor,

206 1481 402 1543 addit:
457 1480 539 1543 Ut
580 1489 786 1544 autem
828 1482 1346 1545 clementissimus
1394 1481 1690 1543 Dominus
1732 1481 1998 1560 facilius
2043 1481 2308 1545 inclinet
2348 1499 2567 1545 aurem
2609 1500 2789 1546 suam

207 1560 267 1622 in
294 1579 504 1640 preces
549 1562 817 1625 Nostras
861 1572 921 1626 et
959 1563 1207 1631 Nostris
1248 1571 1498 1624 annuat
1555 1563 1736 1635 votis,
1802 1562 2287 1641 deprecatricem
2347 1565 2516 1642 apud
2573 1563 2607 1625 Ι
2646 1581 2785 1626 sum

205 1659 429 1721 semper
470 1640 885 1706 adhibeamus
929 1642 1405 1705 Sanctissimam
1452 1642 1562 1703 Dei
1607 1641 1987 1704 Genitricem
2043 1641 2520 1706 Immaculatam
2621 1645 2781 1724 irqi·

206 1739 331 1784 nem
372 1723 676 1799 Mariam,
720 1740 855 1803 quoe
894 1732 1176 1786 nostrum
1224 1725 1496 1786 omnium
1537 1723 1901 1785 dulcissima
1945 1731 2189 1798 rnater,
2245 1724 2590 1787 mediatrix
2621 1772 2637 1799 ,
2680 1725 2786 1787 ad·

206 1811 416 1865 vocata
461 1809 523 1865 et
564 1820 703 1883 spes
739 1804 1040 1884 fidissima
1082 1820 1158 1866 ac
1200 1804 1482 1866 maxima
1522 1803 1756 1882 fiducia
1809 1811 1925 1878 est,
1970 1803 2155 1881 cujus
2216 1806 2573 1883 patrocinio
2623 1804 2788 1868 nihil

206 1884 361 1962 apud
406 1882 606 1945 Deum
636 1885 935 1961 validius,
976 1884 1140 1947 nihil
1178 1885 1597 1962 praestantius
1637 1882 1690 1945 ²³.

284 2020 412 2084 u.
468 2024 542 2102 Q.
592 2023 653 2089 8.
709 2021 873 2104 Quid
908 2033 1113 2109 petere
1158 2020 1442 2088 debemus
1479 2038 1597 2107 per
1642 2019 1984 2087 orationem
2012 2025 2045 2086 P

282 2130 352 2196 R.
427 2131 673 2197 Petere
719 2128 1039 2198 debemus
1091 2125 1415 2213 imprimis
1467 2145 1615 2211 quae
1666 2135 1934 2195 aeternae
1985 2125 2181 2194 saluti
2230 2125 2637 2212 expediunt,
2700 2127 2794 2194 uti

208 2243 350 2302 sunt
398 2236 581 2303 bona
630 2236 1015 2321 spiritualia,
1069 2253 1304 2321 nempe
1352 2232 1623 2301 victoria
1675 2234 1742 2300 in
1792 2233 2297 2315 tentationibus,
2359 2234 2794 2302 sanctificatio

206 2342 433 2410 animae
466 2396 484 2424 ,
534 2342 658 2410 Dei
720 2360 908 2410 amor
953 2349 1019 2410 et
1066 2341 1357 2410 coelestis
1406 2339 1785 2408 beatitudo:
1833 2340 2151 2424 quaerite...
2193 2341 2474 2427 primum
2521 2343 2798 2426 Reqnum

208 2450 311 2516 Dei
353 2462 409 2517 et
448 2451 772 2537 justitiam
817 2451 989 2536 ejus,
1043 2449 1258 2534 inquit
1323 2449 1625 2516 Christus
1677 2444 1726 2515 ⁴.
1778 2451 1937 2529 Quae
1990 2448 2162 2516 bona
2210 2447 2515 2516 absolute
2563 2467 2596 2515 a
2633 2449 2797 2531 ,Deo

203 2559 485 2642 petenda
561 2565 752 2639 sunt3
824 2557 977 2643 quia
1027 2566 1281 2625 certum
1329 2564 1451 2639 est,
1502 2575 1632 2624 non
1685 2574 1884 2641 posse
1934 2575 2055 2625 nos
2105 2556 2341 2626 iisdem
2385 2557 2596 2625 abuti:
2649 2561 2798 2624 Haec

204 2678 406 2733 autem
455 2678 643 2749 sunt,
692 2667 912 2752 quibus
959 2666 1399 2752 beatificamur,
1452 2665 1540 2732 ait
1588 2664 1963 2749 AngelicuS,
2011 2677 2066 2732 et
2098 2664 2800 2750 quibam-beatitudinem

199 2792 530 2856 meremur,
604 2793 743 2859 quoe
810 2773 1055 2858 quidem
1125 2774 1333 2840 Sancti
1373 2773 1610 2840 orando
1656 2773 1930 2839 absolute
1969 2785 2208 2859 petum,
2256 2774 2592 2841 secundum
2639 2772 2799 2840 ittud

198 2882 437 2948 Psalmi
506 2905 725 2949 mxxix:
785 2879 1071 2948 Ostende
1128 2879 1360 2947 faciem
1419 2887 1595 2947 tuam
1644 2886 1710 2947 et
1756 2879 1914 2947 salvi
1986 2880 2232 2947 erimus
2308 2877 2356 2947 ⁵.
2407 2882 2589 2947 Bona
2640 2895 2797 2947 vero

176 2989 620 3079 temporalia,
656 2989 752 3057 uti
792 2989 1043 3056 fructus
1090 3005 1413 3073 agrorum,
1463 2987 1706 3054 sanitas
1757 2987 2080 3071 corporiS,
2131 2987 2427 3070 scientia,
2470 3005 2599 3060 non
2642 2992 2799 3055 sunt

204 3097 491 3183 petenda
546 3097 673 3166 nisi
723 3096 1207 3178 conditionate3
1260 3095 1412 3182 quia
1459 3112 1593 3162 non
1642 3111 1906 3178 semper
1952 3093 2238 3179 expedit,
2291 3101 2362 3160 ut
2415 3095 2605 3162 nobis
2641 3112 2797 3161 con-

195 3203 541 3285 cedantur,
594 3222 743 3272 cum
794 3194 922 3271 illis
972 3203 1306 3289 possimus
1354 3202 1554 3270 etiam
1607 3199 1956 3268 malenti:
2004 3221 2072 3267 eo
2112 3213 2342 3283 tenore,
2395 3201 2619 3270 subdit
2657 3206 2790 3268 An-

196 3311 477 3397 gelicuS,
526 3330 571 3376 a
616 3315 742 3378 Deo
784 3311 1055 3398 petimus
1099 3311 1257 3397 ipsa,
1292 3322 1358 3376 ut
1389 3309 1571 3375 nobis
1598 3305 2013 3373 concedantur
2041 3308 2383 3375 secundum
2419 3308 2582 3393 quod
2611 3326 2794 3394 empe-

196 3420 377 3487 dium
424 3419 514 3486 ad
558 3418 842 3485 salutem.
2507 3499 2513 3505 Ι

276 3527 505 3594 Etiam
554 3525 722 3592 mala
773 3524 1180 3611 temporalia,
1233 3542 1384 3611 quae
1438 3542 1569 3592 non
1616 3524 1751 3592 sint
1801 3529 2091 3609 peccata,
2143 3520 2261 3590 sed
2310 3538 2496 3607 purae
2560 3537 2797 3606 poenae,

191 3654 245 3701 v.
298 3654 385 3721 g.‚
461 3634 833 3716 infirmitas,
885 3642 1255 3719 paupertas,
1289 3633 1531 3700 amoris
1569 3631 1817 3718 proprii
1859 3630 2220 3716 depressiO,
2264 3628 2395 3716 peti
2437 3628 2615 3697 licite
2651 3645 2801 3714 pos-

190 3748 349 3812 sunt
423 3763 509 3812 ex
589 3751 770 3811 recto
823 3741 992 3823 fine,
1042 3739 1125 3807 ad
1173 3742 1404 3808 merita
1452 3740 1576 3808 sibi
1628 3738 2089 3825 comparanda,
2139 3738 2220 3804 ad
2270 3738 2517 3824 peccati
2571 3752 2796 3822 poenas

188 3851 495 3922 luendas,
546 3853 767 3939 Inquit
818 3848 993 3918 enim
1039 3850 1424 3934 Angelicus:
1473 3850 1585 3916 hoc
1632 3850 1768 3916 licet
1809 3868 2010 3930 orare,
2044 3847 2207 3933 quod
2238 3849 2375 3914 licet
2406 3845 2759 3912 desiderare
2775 3868 2801 3922 ‚-

186 3961 373 4047 atqui
427 3961 579 4028 baec
628 3959 791 4025 mala
842 3977 924 4025 ex
973 3964 1151 4026 recto
1201 3955 1329 4025 fine
1379 3955 1529 4024 licet
1577 3954 1987 4024 desiderare:
2039 3972 2196 4040 ergo
2247 3960 2312 4021 et
2362 3968 2572 4020 orare.
2627 3949 2791 4016 Hinc

188 4069 461 4138 celebre
494 4067 663 4135 illud
705 4066 1091 4151 Augustini:
1137 4064 1419 4148 Domine,
1467 4065 1566 4132 hic
1614 4084 1744 4146 ure,
1793 4063 1892 4130 hic
1921 4043 2092 4145 seca,
2133 4063 2230 4128 hic
2274 4081 2402 4126 non
2430 4071 2683 4145 parcas,
2733 4068 2801 4125 ut

191 4176 257 4243 fn
290 4189 600 4244 aeternum
640 4194 896 4263 parcas.

256 4391 285 4494 ζ
317 4387 1383 4513 ῗὲεὲἷηξζῖὠῖῗ]ἰῗεῧηςιέἑὲηῖεξαηιίβωεο,
1418 4461 1471 4523 ρ.
1504 4449 1579 4510 2⁸,
1617 4459 1664 4499 c.
1700 4446 1819 4504 ult.‚
1853 4445 1944 4497 ubi
1981 4446 2195 4508 longum
2233 4446 2401 4498 texuit
2451 4442 2788 4504 cathalogum

204 4514 508 4569 Sanctorum
541 4516 637 4581 qui
666 4513 999 4564 invocantur
1027 4511 1106 4564 vel
1142 4523 1236 4574 pro
1265 4509 1619 4581 peculiaribus
1654 4508 1942 4581 provinciis
1976 4507 2058 4558 vel
2092 4520 2186 4571 pro
2215 4506 2571 4579 peculiaribus
2620 4504 2791 4555 bomi-

204 4586 329 4630 num
359 4577 780 4637 conditionibuS,
816 4575 902 4627 vel
935 4587 1029 4636 pro
1062 4574 1419 4637 peculiaribus
1450 4574 1647 4635 gratiis.
1687 4573 1745 4621 lt.
1785 4572 1935 4630 Riva,
1970 4570 2210 4623 Manuale
2239 4571 2292 4622 aa·
2323 4571 2542 4621 Fetotea.

264 4643 293 4683 ⁸
327 4644 372 4695 V.
409 4641 660 4703 Rauola,
694 4639 772 4691 De
804 4639 865 4688 Β.
909 4637 1128 4701 Vir-qius,
1162 4649 1213 4700 p.
1248 4636 1326 4699 3⁸,
1362 4635 1501 4698 disp.
1535 4638 1567 4686 5
1599 4636 1653 4685 et
1683 4638 1732 4685 6.

250 4704 275 4744 ὃ
306 4707 483 4759 uatth.
518 4716 592 4756 Vl.
1602 4695 1625 4736 Ι
1656 4700 1706 4758 2,
1743 4699 1791 4757 2,
1825 4706 1877 4758 q.
1910 4695 1992 4758 83,
2025 4706 2076 4745 a.
2112 4697 2161 4746 5.
