3292 5167
1082 232 1164 279 nn
1209 233 1467 280 viarum
1505 234 1793 282 tusa-irim·
2611 214 2737 282 199

186 335 638 427 possessionem
685 335 803 419 rei,
853 336 1041 422 eujus
1092 342 1311 406 tamen
1362 355 1493 408 non
1531 335 1731 407 habet
1763 335 2155 423 dominium,
2189 344 2263 410 ut
2293 337 2406 408 illa
2439 339 2533 408 uti
2587 356 2740 427 pos-

181 449 286 529 sit,;
321 452 621 530 tanquam
660 462 817 527 ειη,-
854 450 1052 530 prout
1100 452 1302 531 patet,
1354 464 1412 513 v.
1460 463 1521 530 g.
1564 444 1652 518 de
1703 444 1998 531 pignore.
2547 507 2556 519 .

322 553 386 620 3.
430 552 571 619 Nisi
615 552 926 639 vet-leym
971 552 1068 620 sic
1114 551 1491 646 minoribus
1538 567 1671 622 non
1725 549 2137 639 permittitur
2194 566 2739 626 rerum'suarum

193 660 472 742 alienatio,
520 657 651 727 nisi
698 651 976 728 servatis
1024 658 1189 744 legis
1237 658 1795 734 solemnitatibus,
1857 661 1941 730 Et
2009 666 2171 729 tune
2242 677 2372 729 non
2445 660 2741 734 aufertur

195 768 530 848 dominium,
585 765 704 835 sed
749 765 1115 853 impeditur
1163 773 1419 835 tantum
1468 766 1644 835 illius
1680 786 1879 840 usus:
1929 766 2124 840 sicuti
2160 766 2387 854 ligatis
2436 767 2738 854 pedihus,

193 874 508 962 impeditur
554 875 916 946 ambulatio
965 874 1263 957 actualis,
1313 875 1432 944 sed
1480 893 1613 946 non
1662 874 1922 944 tollitur
1992 873 2370 944 ambulandi
2421 876 2736 960 potentia.

201 985 278 1052 Vel
312 982 716 1065 conveiuione,
765 988 945 1051 esset
992 981 1047 1050 si
1092 980 1511 1052 venditorem
1572 982 1750 1062 inter
1794 988 1861 1051 et
1907 988 2279 1067 emptorem
2337 989 2741 1054 conventum

194 1091 288 1184 siti
314 1097 379 1158 ut
422 1097 686 1176 emptor
733 1108 809 1160 re
851 1096 1072 1175 empta
1124 1107 1256 1158 non
1307 1096 1552 1171 utatur,
1586 1089 1744 1162 nisi
1816 1096 1969 1175 pest
2039 1095 2294 1160 certum
2363 1087 2561 1162 diem.
2640 1092 2743 1160 Vel

146 1261 151 1270 .
192 1198 456 1266 testator-is
496 1199 831 1281 voluntate,
881 1205 954 1266 ut
1001 1197 1058 1266 si
1110 1203 1392 1266 testator
1437 1196 1717 1270 fundum
1764 1196 2052 1283 legasset
2114 1195 2322 1268 alieui-
2370 1214 2447 1266 ea
2505 1196 2758 1294 nendi-

192 1305 357 1387 tione,
399 1311 471 1371 ut
518 1304 633 1373 illo
683 1305 941 1373 fruatur
988 1312 1242 1372 tantum
1293 1311 1448 1391 post
1487 1322 1755 1372 annum.
2413 1365 2418 1374 ,
2769 1361 2776 1370 .

256 1413 617 1482 Domiuium
664 1413 814 1496 hoe,
864 1412 1046 1499 quod
1093 1413 1379 1500 quisque
1431 1413 1721 1498 privatus
1771 1412 1970 1482 habet
2017 1412 2084 1480 in
2133 1412 2338 1482 rebus
2400 1411 2572 1494 suis,
2636 1411 2739 1482 vel

186 1520 401 1605 plenum
441 1529 542 1587 est
589 1519 693 1588 vel
730 1521 1151 1606 nonptemm.
1201 1519 1584 1592 Dominium
1615 1520 1875 1606 plenum
1921 1525 2024 1588 est
2063 1519 2194 1604 jus·
2223 1518 2620 1604 disponendi
2657 1517 2740 1590 de

192 1645 253 1694 re
284 1627 462 1695 simul
509 1635 575 1696 et
623 1628 707 1698 de
755 1627 1053 1715 ejusdem
1103 1646 1257 1697 usu:
1303 1639 1431 1695 non
1469 1628 1730 1715 plenum
1775 1634 1879 1696 est
1921 1626 2034 1712 J'us
2067 1626 2464 1713 disponendi
2495 1626 2738 1709 dese,

194 1736 274 1804 vel
312 1735 384 1803 de
427 1736 729 1822 eJ'usdem
776 1756 935 1817 usu;
985 1755 1117 1805 non
1168 1755 1321 1805 vero
1370 1734 1455 1803 de
1503 1743 1794 1820 utroque
1842 1734 2078 1806 simul:
2128 1752 2336 1820 quere
2403 1733 2585 1810 istud
2645 1735 2745 1803 di-

192 1840 395 1910 viditur
436 1844 503 1910 in
550 1844 860 1911 directim
901 1851 967 1911 et
1012 1845 1183 1911 utile.
1255 1842 1577 1912 videlieet
1625 1841 1725 1910 vel
1772 1841 2073 1910 eontinet
2143 1842 2354 1912 solam
2423 1841 2520 1910 rei
2593 1860 2745 1927 pro-

200 1951 520 2035 prietatem:
572 1958 642 2021 et
691 1951 936 2021 dicitur
980 1951 1301 2033 directum,
1357 1951 1544 2036 quasi
1617 1949 1869 2020 directe
1918 1969 2056 2021 rem
2104 1952 2317 2038 ipsam
2386 1951 2526 2021 sive
2596 1952 2741 2037 ejus

204 2059 626 2143 proprietatem
676 2060 993 2129 afficiens.
1039 2060 1156 2132 Vel
1204 2078 1337 2128 non
1389 2059 1710 2141 continet,
1763 2058 1885 2127 nisi
1933 2059 2025 2128 rei
2079 2079 2273 2128 usum
2322 2077 2441 2130 seu
2491 2049 2746 2130 emolu-

202 2175 437 2234 mentum
486 2185 523 2234 a
572 2185 649 2236 re
697 2163 839 2252 ipsa
890 2166 1308 2253 provenienS,
1358 2173 1425 2233 et
1473 2165 1718 2235 dieitur
1764 2165 2133 2237 dominium
2178 2168 2332 2235 urite
2380 2169 2519 2252 (B).

266 2270 452 2337 30⁰·
503 2278 581 2356 Q.
630 2276 695 2342 2.
749 2275 915 2343 Unde
958 2274 1289 2362 repetenda
1329 2274 1591 2342 dominii
1633 2293 1744 2340 seu
1781 2275 2188 2359 proprietatis
2231 2274 2456 2360 oripo?

258 2381 315 2448 R.
352 2382 644 2450 Dominii
695 2383 882 2467 origo
933 2381 1185 2467 patebit
1232 2398 1315 2449 ex
1362 2380 1670 2466 sequenti
1714 2379 2024 2449 Scholio:

939 2685 1270 2753 Senonum.
1315 2707 1425 2733 -“
1454 2689 1978 2758 Communismus‘.

255 2946 543 3013 Error-em
594 2950 927 3012 vetustate
968 2946 1103 3030 jam
1154 2945 1511 3026 exoletum,
1578 2963 1712 3031 quo
1778 2945 1938 3014 olim
2011 2945 2488 3032 praedicabant,
2532 2946 2746 3013 omnia

187 3049 315 3116 bona
354 3071 474 3117 esse
519 3051 592 3117 in
638 3050 872 3117 mundo
919 3053 1274 3118 communia
1321 3049 1371 3135 ¹,
1419 3052 1500 3120 ab
1551 3051 1778 3120 inseris
1828 3069 2142 3121 revocare
2192 3070 2349 3120 ausa
2400 3060 2501 3121 est
2551 3058 2745 3122 aetate

188 3165 378 3225 nostra
422 3176 661 3227 recens
710 3158 1016 3244 quaedam
1071 3159 1428 3244 impiorum
1477 3164 1658 3226 secta
1720 3160 2171 3227 Communismi
2243 3159 2507 3231 nomine
2578 3158 2745 3227 desi·

187 3273 364 3348 gnata.
408 3268 477 3333 ln
530 3265 831 3334 Helvetia
881 3267 1096 3352 primo
1146 3272 1374 3334 renata
1438 3265 1702 3336 videtur
1772 3267 1973 3351 (anno
2046 3268 2312 3336 circiter
2378 3268 2599 3354 184¹),
2672 3284 2745 3336 ao

184 3368 304 3438 dein
351 3373 412 3439 in
460 3373 623 3442 alias
674 3372 1003 3458 regiones.
1053 3374 1213 3460 Ejus
1262 3374 1562 3442 solemne
1610 3374 1879 3443 effatum
1929 3381 2066 3443 est:
2116 3375 2416 3442 bonorum
2448 3387 2502 3443 et
2532 3393 2748 3442 rerum

183 3481 641 3547 communionem
688 3482 759 3547 in
803 3484 956 3548 Jure
998 3493 1249 3547 naturae
1292 3481 1576 3566 fundari,
1626 3493 1681 3547 et
1729 3482 1862 3549 ideo
1907 3469 2565 3564 nullum‘dominium,
2605 3482 2750 3548 nul-

185 3587 394 3671 lumque
426 3590 541 3674 Jus
581 3589 989 3676 proprietatis
1033 3590 1103 3655 in
1148 3591 1429 3656 humana
1472 3590 1757 3656 societate
1800 3610 1928 3657 esse
1972 3590 2440 3658 admittendum.
2492 3590 2610 3658 Hic
2646 3607 2748 3658 er-

186 3710 273 3760 ror
304 3694 526 3764 habuit
572 3696 641 3762 in
678 3694 881 3762 Gallia
931 3701 1283 3780 patronum
1323 3695 1821 3763 Proudhonium
1874 3696 2203 3782 quendam
2253 3697 2471 3783 (eujus
2543 3713 2746 3781 opera

184 3803 367 3870 omnia
424 3820 832 3889 quocunque
886 3802 1200 3874 idiomate
1250 3804 1588 3888 prohibuit
1638 3806 1703 3872 S.
1755 3806 1824 3873 C.
1873 3804 2115 3874 Indicis
2186 3807 2273 3872 22
2312 3806 2446 3891 jan.
2513 3805 2745 3889 istim:

187 3909 271 3993 qni
298 3929 368 3980 eo
399 3910 759 3980 dementiae
788 3909 1048 3979 devenit
1074 3918 1148 3978 ut
1180 3910 1401 3979 dicere
1426 3921 1567 3979 'non
1601 3913 1944 3982 erubuerit
1966 3915 2108 4000 :jus
2135 3915 2542 4000 proprietatis
2584 3911 2749 3979 nihil

188 4035 299 4100 esse,
328 4039 519 4105 quam
552 4021 761 4107 ipsum
791 4021 1053 4105 furtum.
1087 4022 1460 4088 Monstrum
1495 4021 2068 4091 hoe-anathemate
2104 4021 2433 4108 percussit
2463 4018 2624 4087 Pius
2657 4020 2746 4087 IX

234 4251 251 4292 ί
276 4252 737 4304 Communismum
758 4253 928 4313 primo
950 4251 1169 4313 professi
1194 4254 1318 4302 sunt
1338 4253 1587 4312 haeretici,
1613 4253 1771 4314 vulgo
1791 4252 2076 4313 Apostoliei
2104 4251 2334 4314 (Epiph.‚
2363 4251 2569 4302 hoeresis
2595 4253 2743 4316 in);

191 4313 278 4365 dein
305 4316 633 4378 albigenses,
666 4314 1051 4377 Anabaptistae3
1087 4314 1282 4378 aliique
1312 4314 1551 4377 ejusdem
1582 4315 1802 4366 furfuris
1836 4315 2082 4365 liaeretiei.
2144 4315 2386 4363 Thomas
2415 4316 2591 4366 Morus
2646 4317 2746 4366 Lo·

190 4379 297 4428 witi
326 4378 517 4430 librum
552 4377 723 4428 edidit
751 4377 916 4436 (anno
953 4378 1095 4449 ¹546}
1128 4377 1181 4426 in
1214 4389 1323 4488 quo
1356 4367 1821 4450 Cominunismum
1850 4376 1921 4449 'ad
1956 4378 2191 4449 systema
2225 4375 2468 4429 reduxit:
2504 4377 2624 4438 ejus
2658 4378 2748 4428 do·

189 4441 345 4491 urinas
370 4441 527 4504 quasi
561 4451 633 4490 ex
664 4440 868 4501 integi-o
900 4439 1118 4489 tradidit
1147 4440 1199 4489 et
1253 4451 1283 4488 n
1320 4440 1524 4490 ltaliam
1579 4439 1786 4490 induxit
1817 4450 1958 4489 circa
1991 4439 2224 4489 inedium
2277 4440 2534 4491 saeculum
2584 4440 2743 4491 xvn.

191 4501 378 4554 'rliomas
407 4499 779 4565 campanella.
802 4526 869 4537 --
890 4501 950 4552 V.
985 4502 1206 4552 Histoire
1238 4503 1308 4550 du
1345 4503 1720 4552 Communisme
1759 4504 1875 4558 ete.⁹
1898 4513 1990 4563 per
2010 4500 2181 4551 Alii-ed
2206 4501 2388 4553 Sudre.
2407 4504 2579 4562 Paris,
2601 4503 2742 4554 ¹850.

186 4588 235 4601 —
258 4565 468 4628 Bergier,
496 4565 822 4624 manuario,
856 4563 1095 4624 Append.
1137 4566 1191 4612 V.
1225 4565 1566 4615 Comanismo.
1600 4589 1668 4600 -
1701 4567 1809 4615 flue
1842 4566 2001 4615 etiam
2029 4564 2337 4615 waldenses
2358 4566 2598 4616 revocari
2623 4575 2744 4627 pos·

188 4630 301 4686 sunt,
327 4630 380 4679 ut
410 4627 559 4692 patet
593 4636 661 4676 ex
694 4624 832 4676 libro
866 4626 1067 4685 Ortqine
1097 4627 1178 4676 dei
1220 4626 1414 4675 Valdeiii
1447 4641 1472 4675 e
1503 4630 1774 4688 carattere,
1793 4627 1921 4677 delle
1953 4627 2211 4689 primitive
2244 4626 2355 4677 loro
2388 4628 2640 4687 dottrine,
2667 4626 2750 4676 Ri-

190 4691 336 4742 oerche
363 4690 601 4742 storiclie
635 4687 687 4738 di
720 4689 1032 4749 monsignor
1062 4689 1226 4739 areiv.
1260 4689 1514 4742 Cliarvaz.
1552 4691 1772 4749 Torin0‚
1811 4693 1949 4744 1837.
