3292 5167
437 228 571 295 448
939 214 946 226 ⁸
1147 243 1261 291 un.
1312 244 1375 291 u.
1423 245 1636 292 macr.
1686 244 1790 294 vu.
1844 248 1999 309 nist.
2051 247 2093 291 1.
2142 244 2271 292 car.
2323 245 2362 290 ι.

438 366 587 419 cum
637 347 903 429 Lessi0,
955 348 1278 430 Navarro,
1325 347 1985 431 salmanticensibuS,
2036 347 2258 434 Sylvio
2307 345 2586 432 aliisque
2634 353 2829 433 negat
2878 360 3041 413 esse

437 454 907 540 obligationem
981 452 1425 522 restitutionis
1444 481 1462 535 3
1536 473 1687 523 nam
1753 474 1946 524 nemo
1997 453 2335 540 cogendus
2385 461 2487 522 est
2535 451 2617 520 ad
2662 469 2848 533 eam,
2903 448 3044 518 nisi

438 561 519 630 de
565 561 968 645 obligatione
1016 566 1201 629 certo
1253 568 1548 629 constet:
1599 569 1801 649 atque
1847 562 1913 630 in
1962 561 2312 647 proposito
2358 558 2565 628 dubio
2601 558 2682 628 de
2714 558 2824 626 tali
2863 558 3042 627 obli-

438 667 702 753 gatione
752 673 934 735 certo
984 683 1117 734 non
1167 673 1450 750 constat,
1500 668 1626 737 hoc
1675 669 1822 755 ipso
1894 668 2047 754 quia
2097 666 2376 737 dubium
2425 673 2545 735 est.
2593 668 2729 735 Nec
2778 683 3047 752 praesu·

436 772 716 842 mendus
764 780 865 842 est
914 773 1201 841 influxus
1218 798 1237 854 3
1287 773 1439 842 licet
1488 775 1666 843 enim
1714 774 1888 843 actio
1937 773 2020 843 de
2072 792 2143 843 se
2177 783 2324 859 apta
2359 774 2447 841 sit
2478 772 2560 840 ad
2599 771 3044 854 innuendum,

438 898 589 950 cum
640 888 857 948 tamen
898 898 1040 963 ,non
1091 897 1357 965 semper
1403 881 1675 969 influat,
1742 882 1893 950 ideo
1943 881 2231 949 influxus
2283 888 2385 949 est
2434 880 2852 965 probandus:
2909 897 3044 965 pro

441 1004 570 1074 qua
622 989 947 1056 sententia
999 989 1204 1055 citant
1250 987 1448 1056 etiam
1499 988 1559 1056 d.
1612 988 1934 1057 'rhomam
1976 995 2143 1056 1.-
2176 986 2466 1056 Concina
2501 972 2762 1055 tertiam
2810 986 3041 1069 addit,

440 1114 593 1183 quae
647 1095 844 1163 tradit
891 1093 1363 1180 obligationem
1412 1078 1646 1164 adesse
1696 1095 2089 1164 restituendi
2140 1113 2259 1182 pro
2311 1101 2447 1162 rata
2483 1093 2690 1176 dubii:
2731 1082 2845 1163 sed
2880 1095 3046 1163 huic

443 1211 684 1289 aperte·
719 1204 973 1285 obstat,
1024 1202 1203 1287 quod
1252 1203 1351 1270 vel
1401 1211 1586 1271 certo
1638 1202 1942 1289 possidet
1991 1203 2158 1270 mala
2209 1203 2382 1271 actio
2412 1256 2429 1284 ,
2483 1210 2548 1272 et
2597 1201 3046 1288 reparandum

444 1318 546 1380 est
616 1318 829 1379 totum
892 1310 1203 1377 damnum
1221 1336 1240 1391 ;
1305 1310 1406 1379 vel
1468 1318 1654 1379 certo
1711 1328 1843 1379 non
1897 1309 2234 1396 possidet,
2287 1317 2351 1379 et
2399 1317 2665 1379 tenetur
2710 1309 2789 1377 ad
2842 1308 3042 1390 nihil;

447 1419 601 1509 quia
637 1420 701 1486 in
738 1418 943 1487 dubio
979 1418 1217 1487 melior
1248 1425 1348 1487 est
1385 1418 1682 1487 conditio
1718 1418 2125 1505 possidentis
2160 1419 2333 1488 bona
2368 1436 2509 1487 sua.
2545 1416 2735 1499 Quod
2769 1416 3045 1505 quidem

448 1527 866 1613 principium,
919 1526 1151 1594 saltem
1187 1527 1251 1593 in
1287 1527 1558 1595 materia
1585 1526 1887 1612 justitiae,
1922 1526 2014 1594 uti
2044 1534 2300 1595 certum
2336 1544 2567 1607 omnes
2599 1525 2949 1593 admittunt
2984 1522 3040 1593 ².

536 1633 754 1697 669.
813 1636 885 1714 Q.
951 1637 1011 1701 4.
1061 1636 1160 1701 An
1207 1653 1414 1701 causoe
1458 1635 1727 1720 sinyulae
1770 1634 1856 1700 ad
1899 1634 2202 1701 damnum
2247 1635 2437 1701 simul
2481 1645 2912 1735 concurrentes
2956 1630 3049 1698 ad

445 1744 892 1811 restitutionem
937 1743 1128 1809 simul
1171 1744 1296 1811 sint
1343 1743 1689 1830 obliqandae
1735 1745 1803 1811 in
1848 1744 2116 1813 solidum
2173 1739 2247 1811 ⁸?

537 1853 606 1919 R.
656 1849 1239 1935 Distinguendum:
1292 1852 1390 1919 vel
1440 1869 1545 1919 res
1595 1850 1677 1919 ad
1725 1869 1923 1939 quam
1973 1851 2250 1921 diversae
2302 1869 2519 1920 causae
2555 1860 3047 1920 concurrerunt

450 1965 672 2046 potest
722 1959 786 2026 in
839 1966 1059 2045 partes
1108 1957 1334 2039 dividi,
1385 1965 1456 2024 ut
1505 1964 1606 2026 est
1654 1959 1852 2026 furari
1905 1959 2325 2041 thesaurum3
2374 1958 2475 2027 vel
2525 1957 2719 2026 dividi
2772 1957 3039 2044 nequit,

448 2072 521 2133 ut
571 2070 671 2132 est
720 2065 1023 2134 occidere
1073 2064 1430 2133 hominem.
1482 2065 1596 2132 His
1647 2065 1905 2152 positiS‚
1956 2064 2274 2135 dicimus:

631 2176 702 2259 a)
749 2174 816 2242 Si
868 2191 973 2242 res
1003 2180 1223 2260 potest
1271 2171 1490 2254 dividi,
1529 2181 1689 2241 tunc
1721 2173 1776 2242 si
1814 2174 2035 2261 plures
2071 2180 2555 2243 concurrerunt
2588 2173 2731 2242 sine
2780 2178 3044 2240 motore

453 2281 841 2370 principali,
894 2280 1036 2348 sine
1102 2286 1327 2347 mutua
1399 2279 1477 2346 ad
1539 2280 1816 2349 invicem
1874 2280 2366 2369 conspiratione
2432 2300 2551 2349 seu
2612 2280 3040 2359 executione,

452 2389 691 2476 singuli
744 2393 1057 2457 tenentur
1104 2405 1223 2472 pro
1276 2394 1413 2454 rata
1447 2394 1742 2468 tantum;
1778 2406 1930 2456 cum
1963 2406 2136 2456 unus
2172 2388 2237 2455 in
2286 2387 2558 2456 alterius
2607 2404 2875 2473 operam
2911 2402 3045 2451 non

453 2497 804 2565 influxerit.
855 2494 1037 2563 Unde
1085 2495 1137 2562 si
1192 2494 1415 2581 plures
1452 2512 1644 2580 aeque
1683 2501 2081 2563 concurrant
2130 2494 2210 2562 ad
2250 2493 2717 2581 expoliandam
2750 2488 3049 2575 domum,

454 2604 534 2673 ad
599 2601 1126 2690 depopulandam
1186 2601 1444 2670 vineam
1513 2601 1657 2670 sine
1704 2601 1948 2689 praevia
1997 2609 2221 2670 mutua
2273 2601 2753 2684 conventione,
2801 2596 3048 2685 singuli

455 2731 687 2793 eorum
740 2702 857 2797 pio
907 2717 1043 2777 rata
1095 2707 1553 2779 tantummodo
1603 2716 1938 2779 tenentur.
1984 2746 2072 2777 —-.-
2119 2711 2188 2778 Si
2239 2717 2459 2780 autem
2511 2728 2740 2778 omnes
2775 2706 3049 2778 excitati

455 2818 701 2886 fuerint
751 2835 785 2884 a
834 2823 1092 2885 motore
1141 2814 1506 2902 principali,
1557 2824 1781 2883 motor
1826 2823 2093 2885 tenetur
2140 2815 2219 2883 ad
2256 2824 2505 2885 totum:
2548 2823 2613 2884 et
2658 2816 2763 2883 alii
2801 2816 2866 2882 in
2902 2815 3053 2902 ejus

455 2925 714 2994 defectu
775 2943 894 3009 pro
949 2929 1111 2990 rata.
1161 2923 1346 2993 Ratio
1397 2921 1549 3008 quia
1601 2922 1984 3009 principalis
2034 2942 2232 3010 agens
2282 2925 2428 3010 ipso
2480 2924 2651 2992 facto
2700 2923 2765 2991 in
2815 2941 2888 2991 se
2939 2942 3057 2990 su-

455 3034 648 3124 scipit
696 3031 996 3100 absolute
1046 3038 1258 3099 totum
1292 3020 1462 3099 onus
1500 3029 1720 3101 damni
1754 3032 2134 3118 reparandi:
2168 3051 2320 3105 cum
2360 3034 2502 3119 ipse
2538 3033 2849 3120 primario
2887 3032 3056 3100 illud

457 3139 710 3221 inferat,
776 3156 894 3207 nec
944 3144 1167 3206 utatur
1213 3126 1375 3219 aliis,
1429 3137 1551 3206 nisi
1603 3138 1779 3206 velut
1826 3138 2287 3207 instrumentis
2334 3139 2417 3206 ad
2470 3137 3055 3208 damnificandum.

459 3246 649 3329 Quod
712 3247 1042 3320 si.m0tor
1102 3245 1480 3332 principalis
1543 3264 1677 3315 non
1734 3245 1936 3331 adsit,
1984 3247 2101 3317 sed
2156 3264 2388 3318 omnes
2439 3248 2717 3318 invicem
2762 3267 2836 3317 se
2868 3247 3061 3316 exci-

462 3352 743 3422 taverint
791 3359 857 3420 et
905 3351 1368 3439 conjunxerint
1414 3352 1493 3420 ad
1520 3352 1856 3436 damnum,
1893 3360 2048 3421 tunc
2095 3355 2335 3440 singuli
2387 3371 2579 3440 aeque
2628 3360 2937 3424 tenentur
2984 3354 3057 3422 in

458 3459 766 3541 solidum,
803 3459 956 3545 quia
1003 3459 1242 3545 singuli
1314 3467 1470 3527 sunt
1519 3460 1728 3528 totius
1775 3461 1991 3528 damni
2043 3477 2280 3544 causa:
2324 3480 2497 3530 unus
2546 3462 2721 3531 enim
2770 3462 3060 3530 alterum

453 3568 669 3654 Juvat:
731 3584 902 3634 unus
952 3563 1250 3651 procedit
1298 3583 1333 3633 a
1383 3564 1804 3648 confidentia,
1855 3583 2054 3653 quam
2102 3568 2299 3637 habet
2347 3567 2412 3636 in
2462 3567 2736 3637 alterius
2784 3568 3063 3637 auxilio.

647 3675 712 3759 b)
762 3675 829 3742 Si
880 3691 1035 3742 vero
1082 3691 1190 3742 res
1236 3672 1318 3741 ad
1365 3690 1565 3760 quam
1598 3673 1839 3773 diversi
1874 3683 2357 3744 concurrerunt
2397 3675 2595 3744 dividi
2637 3694 2768 3746 non
2809 3681 3059 3762 potest,

459 3790 619 3851 tunc
668 3782 722 3849 si
774 3780 859 3847 ita
909 3789 1413 3863 concurrerunt,
1464 3787 1537 3848 ut
1584 3779 1729 3848 sine
1775 3779 2042 3849 illorum
2091 3799 2291 3868 opera
2339 3781 2651 3850 damnum
2697 3798 2825 3850 non
2886 3781 3057 3850 fuis-

462 3895 564 3959 set
610 3894 935 3972 secutum,
983 3894 1242 3958 certum
1288 3896 1392 3957 est
1435 3887 1587 3957 illos
1638 3886 1849 3956 teneri
1889 3888 1953 3956 in
1989 3888 2311 3971 solidum:
2362 3889 2515 3976 quia
2556 3895 2741 3959 totus
2780 3890 3064 3959 effectus

463 4016 500 4065 a
547 3996 761 4067 causis
809 3995 1088 4082 singulis
1136 3995 1264 4066 hoc
1312 4015 1469 4065 casu
1519 3993 1840 4082 procedit.
1889 3995 2055 4065 Hinc
2103 3997 2159 4064 si
2210 3997 2511 4083 praebeas
2576 4003 2767 4067 tuum
2815 3996 3063 4066 suffra-

530 4246 549 4287 ¹
584 4251 633 4307 2,
665 4250 714 4305 2,
749 4258 800 4310 q.
834 4248 916 4307 62,
957 4256 1007 4297 a.
1044 4246 1091 4298 7.
1126 4270 1191 4283 -
1221 4242 1455 4306 umori,
1489 4243 1580 4305 Op.
1617 4244 1775 4304 Mor„
1811 4243 1847 4296 l.
1880 4255 1954 4305 in,
1991 4256 2045 4296 n.
2079 4246 2199 4297 502.-

527 4308 553 4351 ἱ
583 4328 602 4351 ι
649 4309 764 4361 Alia
811 4319 898 4359 res
929 4310 1027 4367 est.
1099 4306 1280 4359 nando
1314 4306 1380 4357 de
1416 4319 1561 4358 mero
1594 4306 1822 4359 consilio
1869 4306 2160 4371 quaeritur·
2194 4307 2237 4358 si
2274 4306 2418 4358 enim
2448 4309 2635 4371 partes
2666 4306 2935 4370 Iltiaantes
2968 4319 3073 4371 per

467 4371 693 4423 amicam
740 4371 1096 4433 composition
1132 4381 1181 4420 m
1233 4368 1486 4422 benevole
1538 4368 1677 4421 inter
1726 4381 1784 4422 se
1837 4342 2181 4425 conveniant,
2216 4369 2335 4421 talis
2391 4369 2679 4420 transactio
2726 4371 2928 4434 utique,
2963 4369 3077 4432 ple·

469 4445 695 4496 rumque
747 4434 953 4493 saltem,
1009 4444 1221 4485 summo
1294 4443 1348 4482 re
1397 4430 1745 4497 approbanda
1793 4432 1901 4483 est:
1958 4434 2054 4483 etsi
2106 4430 2169 4482 ad
2229 4431 2386 4482 talem
2421 4432 2838 4483 transactionem
2883 4434 3012 4484 sti-ic

469 4494 692 4555 obligari
723 4497 1013 4559 nequeunt,
1045 4495 1174 4561 quia
1239 4493 1415 4546 ebitor
1445 4504 1658 4557 semper
1688 4495 1772 4546 vel
1803 4492 1867 4544 ad
1908 4495 2077 4546 totum
2112 4488 2195 4545 vel
2240 4494 2304 4544 ad
2344 4493 2473 4544 nihil
2503 4493 2885 4560 obstringitur.
2927 4516 2946 4538 ·
2984 4494 3073 4547 lta

423 4598 448 4635 *
472 4556 892 4681 Stffpssufig’duis
922 4618 1118 4669 dicitur
1152 4619 1315 4690 teneri
1343 4619 1396 4668 ia
1429 4618 1669 4678 solidum,
1704 4628 1825 4668 cum
1861 4617 1980 4668 aliis
2014 4626 2120 4693 non
2151 4592 2571 4678 restituentibus,
2609 4618 2721 4681 ipse
2758 4618 2967 4670 tenetur
2996 4618 3072 4669 ad

471 4686 641 4735 totum
679 4692 771 4745 per
802 4692 877 4742 se,
910 4680 1134 4743 ideoque
1166 4682 1322 4730 etiam
1360 4679 1425 4729 ad
1464 4682 1665 4743 partem
1701 4680 1961 4731 aliorum:
1996 4679 2236 4739 mutum,
2273 4678 2412 4731 idest
2442 4682 2725 4743 integrum,
2762 4681 3003 4744 plenum.
