3292 5167
570 216 705 283 630
1278 232 1392 278 cm.
1441 232 1504 277 tt.
1552 232 1765 278 rnacr.
1815 232 1943 277 vni.
1980 233 2129 277 nise.
2177 232 2218 277 1.
2268 232 2398 278 car.
2447 228 2535 277 ni.

720 335 788 414 d)
837 332 1187 417 Symbolum
1231 332 1739 397 Athanasianum
1785 331 1877 397 sic
1921 333 2178 411 dicitur,
2222 333 2365 415 quia
2398 348 2708 397 summam
2755 332 2904 396 fidei
2958 333 3162 396 conti·

560 425 691 491 net,
734 433 915 496 cujus
959 415 1342 478 Athanasius
1371 415 1603 477 saeculo
1637 412 1941 477 Ecclesiae
1988 412 2066 476 tv
2101 415 2419 494 praecipue
2450 413 2573 477 tuit
2601 421 2884 477 assertor
2926 422 2995 476 et
3022 415 3156 476 vin·

559 497 686 559 dex
730 496 1209 559 invictissimus.
1239 496 1375 558 Non
1412 503 1509 558 est
1542 503 1752 558 tamen
1801 503 2046 558 certum
2080 511 2273 574 penes
2308 495 2621 570 eruditos,
2649 494 2728 556 ab
2774 495 2916 575 ipso
2962 493 3154 559 tuisse

561 576 954 640 confectum:
1002 579 1085 639 ita
1133 585 1356 639 censet
1417 575 1750 639 Batonius,
1794 573 1915 638 Sed
1975 577 2403 639 communiter
2468 583 2759 654 negatur,
2808 584 2945 638 tum
3015 576 3153 656 quia

565 658 628 718 in
675 673 750 720 eo
795 657 1161 720 confutatur
1204 656 1604 732 Nestoriana,
1668 665 1857 736 atque
1901 656 2325 719 Euthichiana
2392 656 2659 718 haeresis
2712 654 3003 718 nondum
3044 672 3152 719 suo

564 746 854 816 tempore
898 746 1153 810 exorta;
1187 748 1316 800 tum
1362 739 1506 816 qnia
1572 738 1636 798 in
1676 753 1751 798 eo
1797 752 1921 797 non
1961 736 2196 815 legitur
2235 735 2500 799 verbum
2533 735 3153 810 consubstantialem,

563 834 706 880 cum
758 827 966 880 tamen
1015 826 1185 880 esset
1228 833 1303 880 eo
1350 826 1636 896 tempore
1683 818 1867 878 unica
1914 816 2065 880 fidei
2110 825 2348 879 nostrae
2393 824 2650 880 tessera.
2689 816 2812 878 Alii
2847 815 3009 879 illud
3055 820 3153 879 tri·

565 898 771 961 buunt
817 916 865 960 s.
909 898 1287 974 Ambrosi03
1327 898 1435 960 alii
1475 916 1523 960 s.
1570 897 1849 971 Hilario;
1891 896 2000 959 alii
2047 914 2092 957 s.
2140 897 2410 960 Eusebio
2442 896 2874 973 vercellensi3
2919 896 3029 959 alii
3058 896 3153 959 Vi·

564 979 724 1057 gilio
768 978 1118 1058 Tappensi3
1165 987 1429 1040 censent
1473 977 1580 1040 alii
1647 994 1804 1056 opus
1859 993 1999 1040 esse
2041 976 2367 1041 vincentii
2412 977 2806 1058 Lyrinensis.
2859 975 3151 1041 Ceterum

583 1076 710 1120 non
755 1067 852 1122 est
895 1059 1156 1122 dubium
1201 1058 1363 1137 quod
1414 1068 1582 1122 certa
1632 1058 1779 1119 fidei
1829 1065 2065 1120 nostrae
2109 1059 2192 1119 sit
2245 1057 2498 1137 regula:
2544 1074 2685 1122 cum
2731 1057 2894 1120 illud
2934 1058 3151 1138 jubeat

570 1142 825 1202 recitari
874 1138 1157 1201 Ecclesia
1207 1147 1445 1201 sancta.
2144 1194 2149 1201 .

649 1219 853 1294 Quare
898 1219 1251 1299 (inquires)
1293 1219 1675 1299 pravissima
1715 1217 1861 1298 fidei
1910 1224 2167 1297 puncta,
2209 1236 2262 1280 v.
2304 1235 2362 1300 9.
2426 1217 2861 1294 Eucharistia,
2906 1216 3153 1298 Sacrifi-

567 1300 754 1375 cium,
796 1300 1046 1375 etc.,“in
1093 1297 1397 1379 Symbolis
1438 1317 1562 1361 non
1595 1299 1864 1378 fuerunt
1904 1301 2244 1377 expressa?

645 1380 874 1444 Merito
920 1381 979 1442 id
1032 1381 1265 1442 factum
1312 1379 1634 1441 credimus
1684 1387 1981 1458 respectu
2028 1376 2384 1441 infidelium
2429 1385 2493 1439 et
2527 1380 3153 1456 catechumenorum,

569 1469 702 1523 tum
746 1461 826 1523 ob
870 1476 1089 1524 eorum
1139 1462 1614 1534 infirmitatem;
1663 1470 1791 1522 tum
1840 1468 2102 1538 propter
2145 1458 2404 1521 abusum
2451 1460 2555 1537 qui
2606 1463 2833 1523 merito
2886 1469 3041 1524 tunc
3085 1461 3150 1522 ti·

569 1542 901 1615 mebatur3
945 1550 1075 1603 tum
1120 1542 1313 1603 etiam
1355 1556 1432 1602 ex
1480 1539 1855 1619 Augustino,
1886 1546 1962 1601 ut
2004 1546 2179 1602 tanto
2215 1539 2543 1601 ardentius
2574 1540 3151 1620 concupiscantur,

570 1630 808 1700 quanto
851 1618 1285 1685 honorabilius
1328 1620 1753 1683 occultantur.
1797 1619 1924 1682 Hac
1969 1620 2160 1681 etiam
2206 1620 2454 1682 ratione
2514 1622 2577 1682 in
2625 1619 2737 1682 illo
2800 1620 3152 1701 Religionis

570 1703 759 1764 initio
807 1702 986 1782 plura
1036 1701 1414 1765 tacebantur
1459 1702 1784 1780 mysteria,
1828 1715 1899 1762 ac
1946 1700 2203 1761 nonnisi
2252 1702 2489 1762 sensim
2533 1704 2672 1763 sine
2716 1717 2913 1765 senen
2949 1700 3148 1765 trade·

569 1781 823 1845 bantur.
868 1783 1021 1855 Quae
1053 1782 1310 1861 quidem
1348 1782 1845 1861 prudentissima
1876 1781 2121 1843 silentii
2150 1780 2488 1859 disciplina
2527 1783 2764 1844 nostris
2796 1783 2979 1846 bisce
3010 1791 3158 1844 tem·

573 1863 835 1942 poribus
883 1863 1161 1938 videtur,
1203 1861 1281 1925 ab
1325 1861 1780 1935 ecclesiasticis
1829 1865 2186 1940 praesertim
2225 1864 2290 1922 in
2324 1860 2747 1925 familiaribus
2791 1879 2935 1926 cum
2968 1861 3156 1942 vulgo

572 1942 909 2022 colloquiis
953 1941 1336 2017 adhibenda,
1381 1958 1463 2004 ne
1507 1958 1683 2003 sacra
1775 1940 2145 2005 rofauorum
2195 1942 2509 2021 impietati
2556 1951 2967 2022 exponantur
3012 1958 3153 2005 con-

575 2023 941 2085 temnenda.
987 2022 1201 2103 Neque
1245 2023 1462 2086 dicant
1507 2039 1621 2084 nos
1668 1959 1874 2085 loessem
1925 2024 2192 2096 timere;
2235 2023 2478 2085 veritas
2523 2021 2727 2086 lucem
2775 2041 2904 2086 non
2944 2025 3159 2097 timet‚·

575 2104 685 2165 sed
735 2108 1027 2166 timemus
1088 2121 1166 2165 ne
1210 2104 1575 2166 adultorum
1622 2104 1767 2165 cibo
1812 2111 2120 2179 gravetur
2162 2099 2237 2165 ad
2286 2115 2557 2165 mortem
2605 2104 2926 2182 parvulus.
2986 2104 3156 2167 Hanc

573 2185 987 2247 oeconomiam
1025 2200 1138 2246 nos
1181 2184 1400 2247 docuit
1442 2183 1733 2246 Christus
1776 2199 1920 2245 cum
1949 2182 2291 2262 Discipulis
2335 2182 2526 2247 dixit:
2578 2185 2799 2248 Adhuc
2825 2184 3033 2249 multa
3059 2184 3159 2247 lta·

578 2263 683 2326 beo
727 2263 897 2328 vobis
939 2264 1161 2338 dicere,
1204 2265 1309 2326 sed
1351 2282 1470 2327 non
1513 2265 1774 2343 potestis
1820 2271 2075 2344 portare
2116 2264 2288 2325 modo
2326 2261 2374 2325 ¹.
3090 2258 3105 2275 ⁴

659 2343 724 2417 Q.
768 2344 825 2407 6.
871 2345 969 2407 Aa
1011 2362 1183 2424 quem
1221 2347 1505 2424 pertinet
1541 2343 1895 2424 Symbolum
1936 2344 2082 2424 fidei
2121 2345 2343 2406 edere?

656 2425 723 2486 R.
772 2425 859 2486 Ad
908 2424 1136 2504 Papam
1182 2426 1427 2499 solum3
1476 2434 1541 2487 ut
1583 2427 1757 2487 enim
1807 2426 1997 2488 habet
2039 2425 2424 2503 Angelicus:
2482 2424 2694 2488 Editio
2740 2422 3013 2505 Symboli
3054 2442 3156 2488 ne·

575 2507 854 2567 cessaria
896 2513 991 2568 est
1031 2507 1115 2568 ad
1156 2507 1480 2569 vitandum
1522 2507 1913 2585 insurqentes
1956 2522 2221 2570 erroreS.
2266 2505 2364 2567 Aa
2406 2505 2585 2568 illius
2628 2522 2772 2585 erqo
2814 2506 3160 2568 auctorita·

581 2593 698 2647 tem
738 2588 1014 2664 pertinet
1053 2587 1240 2649 editio
1286 2585 1582 2666 Symboli,
1622 2587 1705 2648 ad
1745 2588 1930 2664 cujits
1972 2587 2419 2649 auctoritatem
2448 2588 2725 2665 pertinet
2749 2584 3040 2666 finaliter
3067 2586 3159 2649 de·

580 2669 919 2728 terminare
962 2682 1033 2728 ea
1076 2684 1209 2745 quoe
1249 2675 1398 2729 sunt
1437 2667 1598 2747 fidei,
1641 2674 1717 2728 ut
1753 2666 1834 2730 ab
1876 2665 2159 2729 omnibus
2205 2669 2578 2729 inconcussa
2617 2667 2735 2748 fide
2798 2672 3158 2730 teneantur.

580 2746 708 2807 Hoc
752 2753 958 2808 autem
1000 2748 1274 2823 pertinet
1310 2748 1391 2809 ad
1430 2748 1872 2810 auctoritatem
1905 2748 2130 2809 summi
2169 2747 2494 2826 Pontificis
2526 2746 2554 2790 ¹

656 2825 852 2887 on.
897 2825 960 2900 Q.
1007 2827 1060 2888 7.
1108 2825 1268 2900 Quid
1307 2829 1377 2889 de
1425 2827 1833 2890 Catecltisvnis
1875 2827 2202 2890 dicendum
2243 2828 2526 2890 occurrit
2559 2826 2587 2869 ⁸
2615 2830 2646 2888 ?
2742 2890 2747 2893 .

661 2905 728 2967 R.
774 2905 1155 2968 Catechismi
1204 2909 1464 2969 nomine
1511 2908 1720 2969 solent
1767 2908 2036 2971 indicari
2084 2916 2374 2970 accurata
2423 2908 2792 2970 christianae
2838 2904 3160 2968 doctrinm

580 2988 993 3066 compendia:
1042 2989 1392 3067 principem
1442 2997 1616 3050 tenet
1673 2989 1878 3051 locum
1928 2987 2348 3051 catechismus
2397 2988 2703 3050 Romanus
2736 2988 2923 3065 jussu
2968 2986 3063 3049 Pii
3114 2983 3163 3047 V

579 3066 797 3135 editus
841 3069 914 3130 ad
968 3076 1246 3130 mentem
1290 3067 1554 3130 Concilii
1599 3067 1983 3143 Tridentini,
2029 3085 2141 3148 pro
2186 3069 2485 3131 Parochis
2531 3067 2914 3147 praesertim,
2956 3076 3031 3130 nt
3076 3081 3162 3129 sa·

584 3149 863 3225 pientem
907 3148 1219 3211 haberent
1250 3164 1536 3212 normam
1576 3152 1636 3210 in
1674 3150 1902 3228 populo
1933 3149 2281 3211 edocendo.
2318 3149 2725 3228 Unaquaeque
2762 3148 2959 3209 etiam
3003 3147 3165 3231 Dioe·

582 3230 746 3289 cesis
790 3246 936 3290 snos
982 3227 1174 3291 habet
1215 3231 1656 3301 catechismos,
1699 3241 1762 3292 et
1809 3232 1886 3292 iis
1930 3232 2020 3293 uti
2060 3229 2298 3292 debent
2379 3233 2440 3291 ui
2480 3228 2838 3290 doctrinam
2886 3228 3163 3290 docent:

583 3308 700 3367 hoc
747 3309 972 3370 merito
1018 3324 1238 3370 omnes
1285 3326 1395 3388 pro
1441 3327 1547 3371 sna
1598 3310 1864 3372 Dioecesi
1932 3311 2315 3388 praecipiunt
2411 3310 2690 3388 piscopi3
2734 3309 3166 3387 expositionis

577 3388 753 3449 enim
797 3388 1137 3451 diversitas
1184 3389 1587 3467 perturbaret
1631 3390 1852 3452 fideles
1888 3407 1959 3452 ac
2004 3390 2451 3454 confusionem
2500 3398 2759 3469 pareret
2792 3387 2842 3450 ⁴.

659 3465 885 3539 Quanti
932 3478 1140 3530 autem
1189 3469 1548 3533 faciendum
1591 3472 1677 3532 sit
1724 3472 2089 3533 catechistae
2134 3485 2389 3546 munus,
2421 3479 2625 3550 patet;
2664 3468 2829 3531 nam'
2936 3485 2967 3530 r
3006 3467 3168 3531 illud

580 3546 795 3626 populi
846 3564 992 3610 vera
1041 3551 1455 3614 enutriuntur
1502 3549 1872 3629 Religione:
1920 3552 2068 3613 hinc
2102 3550 2333 3614 Paulus
2361 3551 2413 3615 V
2443 3550 2509 3632 (6
2552 3561 2671 3613 oct.
2708 3549 2824 3612 160
2868 3550 2894 3629 )
2933 3557 3002 3612 et
3033 3548 3168 3613 Cle·

578 3641 760 3689 mens
802 3627 912 3689 xit
955 3629 1061 3709 (26
1098 3632 1263 3708 junii
1312 3631 1499 3712 1735)
1546 3630 1759 3710 plures
1803 3630 2239 3710 indulgentias
2304 3633 2423 3694 hoc
2491 3629 2706 3693 nobile
2748 3645 2822 3692 ac
2868 3631 3169 3693 santissi-

578 3720 750 3769 mnm
796 3707 963 3788 Opus
1007 3714 1331 3773 exercenti
1396 3726 1789 3774 concessere.
1844 3712 2215 3791 Antiquitus
2280 3713 2399 3774 hoc
2468 3726 2702 3774 munus
2764 3710 3173 3773 exercebant

577 3790 809 3850 summi
868 3790 1008 3861 viri,
1051 3790 1343 3854 Clemens
1387 3792 1878 3862 Alexandrinus.
1919 3790 2196 3872 Cyrillus
2241 3792 2895 3872 Hierosolymitanus,
2940 3789 3168 3870 Orige-

579 3884 717 3941 nes;
767 3886 838 3932 ac
882 3870 1029 3932 dein
1076 3870 1337 3948 Gersou,
1381 3872 1829 3948 BellarminuS,
1875 3870 2118 3950 Gerdil,
2163 3882 2283 3935 etc.

572 4090 777 4153 dalum,
812 4093 893 4144 vel
922 4092 990 4142 ob
1024 4092 1184 4143 aliam
1212 4091 1412 4156 iustam
1444 4104 1662 4144 causam
1698 4094 1939 4157 requisiti
1971 4094 2183 4155 fuerint,
2222 4093 2537 4158 particulam
2563 4095 2789 4156 Filioque
2824 4094 2877 4142 in
2915 4091 3173 4156 symbolo

576 4155 1213 4268 txeneinturwqronigntriarel.
1248 4156 1326 4205 Ita
1360 4155 1668 4208 Benedictus
1700 4156 1839 4218 XIV,
1870 4156 2020 4207 Bulla
2050 4158 2162 4207 Etsi
2193 4161 2256 4209 ἑο
2305 4155 2476 4219 maji..
2507 4157 2642 4209 1742.
2674 4182 2740 4193 -
2797 4155 2853 4205 V.
2914 4155 3173 4214 Feri-aris,

633 4253 643 4263 .
722 4229 813 4278 pos
891 4230 966 4275 uc,
1033 4230 1065 4277 y
1152 4229 1181 4266 ο
1205 4229 1310 4268 um.
1367 4260 1377 4277 ,

648 4276 666 4315 ¹
694 4280 772 4329 Jo.
810 4291 843 4328 1.
885 4280 936 4329 V.
976 4279 1146 4329 Stoi-ia
1177 4280 1310 4329 della
1348 4280 1524 4330 chiesa
1554 4280 1697 4330 ‹tntm
1728 4293 1822 4329 sua
1854 4280 2157 4342 fundacione
2189 4282 2241 4330 al
2276 4281 2575 4342 Pontificnto
2607 4279 2661 4330 di
2715 4280 2968 4341 Gregorio
3032 4279 3174 4337 xlv,

579 4351 711 4401 pagg
737 4342 945 4402 ‚49,12:⁷
976 4346 1026 4392 et
1064 4343 1168 4392 1:50.
1202 4367 1263 4379 —
1296 4342 1536 4402 Salzano,
1575 4343 1729 4392 Curso
1761 4342 1813 4392 di
1842 4344 2005 4393 storia
2036 4345 2390 4403 ecclesiastica,
2427 4345 2459 4394 Ι.
2496 4355 2567 4401 iv.
2605 4344 2630 4405 ς
2661 4346 2718 4393 9;
2744 4343 3041 4404 Disciplina
3066 4341 3173 4392 del·

588 4402 843 4453 l’urcano.
876 4429 939 4440 —
973 4404 1231 4465 Ferraris;
1271 4405 1328 4453 V.
1369 4406 1558 4454 Arcani
1590 4407 1713 4456 disci
1750 4406 1873 4455 lina.

642 4466 666 4502 ³
697 4469 744 4523 2,
779 4470 828 4524 2,
862 4479 913 4529 q.
953 4468 1025 4517 10.
1647 4468 1669 4506 ³
1753 4505 1764 4516 .
1804 4466 2057 4528 Martinet,
2095 4467 2167 4516 La
2196 4468 2408 4529 filosofia
2438 4467 2520 4518 del
2556 4466 2868 4518 catechismo
2902 4466 3175 4519 cattolico.

642 4526 663 4565 ⁴
702 4528 754 4577 V.
789 4528 1019 4589 synodus
1054 4528 1399 4587 Novar-tensis,
1437 4520 1507 4580 De
1539 4526 1708 4581 doctr.
1745 4528 1925 4581 christ.
1985 4536 1993 4542 ·
