3292 5167
1031 318 1111 363 me
1145 313 1582 364 nsss‘rtru‘rronn
1631 317 1696 364 ιΝ
1741 319 1949 366 seteis
2661 305 2783 368 521

387 426 449 489 δ’.
499 422 566 489 Si
616 421 783 489 fama
831 420 977 490 aliis
1027 421 1241 491 modis
1292 422 1376 490 sit
1426 429 1858 510 recuperata,
1922 445 1978 491 v.
2029 443 2109 509 g.,
2152 426 2394 513 judicis
2442 431 2789 512 sententia,

157 600 164 608 ,
198 531 498 601 veritatis
538 530 882 613 evidentia,
919 530 1302 599 testimonio
1338 529 1781 616 prudentum3
1814 550 1962 599 nam
1991 539 2146 601 tunc
2174 534 2426 603 nullum
2459 517 2792 607 damnum.

383 641 445 707 6.
495 637 563 706 Si
611 638 947 707 auditores
996 638 1156 706 mihi
1205 638 1478 707 alterius
1530 638 1779 708 crimen
1834 657 2120 707 narranti
2171 640 2366 711 fidem
2432 662 2563 712 non
2614 644 2784 713 adhi-

195 745 521 829 buerint3
566 747 761 814 eoin
808 763 968 814 casu
1016 745 1329 813 damnum
1379 763 1510 812 non
1561 745 1798 815 fuisset
1848 746 2101 815 illatum
2152 747 2282 833 (P).

290 856 452 936 Quae
503 871 720 923 causae
771 853 1199 923 continentur
1246 853 1861 922 hisce-versiculis:

758 1069 850 1132 Im
894 1086 980 1145 os,
1021 1067 1385 1148 publicitus,
1432 1067 1684 1146 oblivio,
1728 1071 1941 1145 cessio,
1983 1071 2157 1151 fama

890 1152 913 1212 i
953 1155 1259 1230 reparata
1300 1149 1451 1229 fuit,
1499 1151 1558 1213 si
1597 1150 1754 1216 data
1793 1151 1975 1213 nulla
2016 1151 2185 1230 fides.

495 1485 648 1552 Aur.
698 1485 775 1551 11.
824 1519 913 1531 —-
959 1487 1050 1551 De
1093 1482 1273 1551 modo
1328 1502 1447 1569 quo
1508 1483 1757 1550 loeditur
1800 1496 1854 1552 et
1901 1496 2237 1572 reparatur
2282 1487 2496 1553 honor.

290 1769 489 1832 '242-
546 1774 616 1852 Q.
670 1773 726 1837 l.
771 1772 932 1853 Quid
989 1784 1074 1838 est
1121 1772 1540 1838 contumelia?

289 1883 364 1949 R.
419 1881 492 1945 l:
544 1878 956 1952 Contumelia
1013 1885 1112 1947 est
1164 1879 1330 1945 loesio
1378 1879 1632 1946 honoris
1663 1881 1922 1946 alterius
1953 1881 2180 1966 absque
2198 1883 2377 1968 justa
2410 1901 2622 1964 causo,
2655 1900 2794 1967 quoe

188 1991 260 2075 fit
327 1990 399 2054 in
458 1988 599 2074 ipsa
655 1988 786 2073 ejus
832 1987 1219 2075 proesentia,·
1276 1988 1370 2053 vel
1422 1988 1491 2054 in
1545 1989 1678 2073 ejus
1722 1988 2022 2069 absentia,
2070 1988 2177 2054 sed
2224 2010 2291 2057 eo
2335 1992 2473 2075 fine,
2523 2002 2591 2057 ut
2635 1991 2794 2056 alter

189 2096 444 2164 resciat.
497 2095 726 2163 Differt
777 2112 812 2161 a
862 2093 1144 2179 simplici
1196 2092 1610 2162 detractione
1662 2112 1791 2162 non
1835 2095 2051 2163 solum
2086 2096 2261 2181 quod
2299 2096 2405 2163 illa
2442 2097 2785 2178 honorem,

191 2205 346 2274 haec
396 2202 634 2270 famam
683 2201 1032 2289 respiciat;
1082 2200 1199 2269 sed
1248 2201 1447 2268 etiam
1498 2201 1677 2287 quod
1725 2203 2126 2271 contumelia
2173 2205 2284 2272 fiat
2329 2211 2553 2288 aperte
2586 2203 2795 2271 instar

191 2312 450 2398 rapinae
517 2318 746 2380 contra
798 2318 1218 2397 praesentem,
1269 2309 1589 2384 detractio
1639 2330 1676 2379 e
1716 2312 2047 2379 contrario
2096 2311 2305 2379 instar
2351 2311 2507 2379 furti
2547 2310 2789 2380 occulti

192 2425 430 2487 contra
479 2420 841 2487 absentem.

286 2526 704 2595 Contumelia
754 2531 974 2594 autem
1023 2524 1480 2611 multipliciter
1526 2525 1637 2592 fit:
1695 2526 1759 2611 l)
1808 2526 2158 2607 omissione,
2209 2526 2286 2610 si,
2322 2546 2379 2593 ν.
2442 2544 2523 2612 3.,
2578 2526 2795 2594 cultus

192 2633 662 2719 superioribus
726 2632 991 2701 debitus
1055 2634 1467 2718 denegetur3
1550 2633 1619 2717 2)
1667 2633 1870 2718 sacae,
1943 2632 2019 2714 si,
2091 2652 2145 2698 ν.
2212 2651 2304 2717 3.,
2371 2632 2793 2718 superiorum

192 2739 417 2825 imago
453 2739 926 2817 conculcetur;
972 2740 1040 2825 3)
1087 2738 1299 2806 dietis:
1339 2738 1466 2807 hoc
1498 2756 1653 2806 vero
1698 2740 2019 2824 contingit
2056 2740 2153 2807 vel
2182 2739 2557 2826 objiciendo
2594 2739 2786 2807 alicui

193 2849 534 2916 naturales
583 2846 900 2930 defectu3‚
953 2854 1018 2914 et
1065 2845 1308 2916 dicitur
1352 2846 1737 2942 convicium
1810 2848 1911 2915 vel
1982 2846 2276 2916 desectus
2329 2847 2657 2929 moraleS,
2730 2855 2797 2914 et

191 2955 593 3041 simpliciter
629 2955 1000 3042 appellatur
1044 2956 1468 3035 contumelia3
1513 2954 1613 3022 vel
1665 2956 1807 3043 ejus
1858 2954 2326 3040 indigentiam,
2377 2962 2442 3024 et
2512 2956 2797 3024 habetur

191 3064 668 3150 improperium.
719 3063 784 3129 Si
835 3080 988 3131 vero
1033 3060 1191 3149 quid
1232 3063 1518 3149 jocando
1572 3063 1628 3131 ei
1684 3063 2067 3149 objiciatur,
2116 3071 2190 3131 ut
2237 3064 2625 3145 erubescat,
2698 3061 2798 3129 di-

194 3169 375 3237 citur
419 3169 648 3235 derisio
695 3169 796 3237 vel
843 3170 1057 3238 irrisio
1106 3169 1204 3239 vel
1254 3170 1487 3238 illusio.
1539 3172 1700 3251 Quae
1750 3171 1971 3239 omnia
2017 3170 2142 3239 sub
2178 3188 2310 3239 uno
2368 3168 2797 3238 contumeliae·

192 3275 470 3345 nomine
512 3276 717 3363 accipi
767 3279 1004 3361 solent,
1055 3285 1119 3347 et
1166 3277 1442 3347 eandem
1491 3278 1783 3365 speciem
1856 3279 2124 3362 habent,
2175 3279 2228 3347 si
2279 3278 2569 3365 excipias
2629 3277 2799 3347 deri-

193 3386 482 3467 sionem,
535 3386 646 3471 qui
697 3404 853 3454 sane
903 3386 1140 3454 modus
1190 3387 1270 3455 ab
1334 3384 1476 3453 aliis
1542 3385 1764 3471 specie
1824 3385 2042 3454 differt
2113 3404 2193 3454 ex
2268 3391 2452 3470 parte
2523 3385 2792 3468 motivi;

194 3511 352 3561 nam
403 3512 482 3561 ex
533 3494 845 3578 Angelico
894 3495 999 3560 alii
1049 3494 1229 3562 modi
1281 3494 1635 3563 intendunt
1685 3494 2010 3562 honorem
2067 3493 2459 3579 deprimere,
2505 3494 2606 3561 hic
2640 3511 2795 3563 vero

194 3600 529 3688 pudorem
577 3608 642 3668 et
692 3602 1155 3669 verecundiam
1203 3620 1474 3670 causare
1525 3602 1572 3670 ¹.

295 3712 364 3777 R.
413 3710 491 3774 2:
542 3707 958 3790 Contumelia
1007 3715 1108 3775 est
1158 3716 1502 3793 peccatum
1556 3727 1636 3775 ex
1685 3726 1927 3793 genere
1978 3725 2099 3775 suo
2148 3708 2448 3788 mortale,
2486 3708 2658 3775 sicut
2690 3706 2801 3772 de-

195 3816 438 3883 tractio
455 3840 474 3895 3
525 3832 674 3883 nam
725 3813 1282 3900 quemadmodum
1331 3814 1651 3884 detractio
1704 3816 2076 3902 proximum
2128 3815 2312 3883 laedit
2361 3814 2423 3881 in
2467 3815 2656 3894 fama,
2710 3811 2799 3876 ita

199 3921 609 3991 contumelia
655 3920 839 4010 laedit
888 3921 1173 3989 eundem
1219 3922 1284 3989 in
1349 3922 1624 4006 honore,
1708 3922 1819 4010 qui
1887 3930 1989 3992 est
2052 3923 2303 3991 bonum
2371 3918 2799 4007 praestantius

197 4029 447 4099 divitiis
523 4029 1075 4115 quibuscunque:
1148 4028 1300 4097 hinc
1348 4030 1709 4114 Apostolus
1779 4030 2304 4099 contumeliosos
2343 4047 2377 4095 a
2416 4031 2640 4111 Regno
2679 4025 2795 4091 Dei

199 4137 498 4207 excludit
540 4137 569 4180 ²
608 4164 624 4220 ;
676 4143 740 4205 et
789 4136 1090 4205 Christus
1139 4136 1298 4206 dicit
1337 4136 1487 4204 illos
1527 4139 2036 4222 reosgehennae
2078 4134 2128 4204 ³.
2166 4138 2305 4204 Erit
2338 4143 2556 4203 autem
2589 4133 2799 4201 multo

201 4247 464 4332 gravior
525 4246 967 4328 contumelia,
1032 4246 1083 4314 si
1149 4245 1260 4312 fiat
1324 4244 1386 4312 in
1439 4245 1889 4338 superiorem,
1951 4246 2052 4313 cui
2105 4251 2287 4313 certo
2345 4243 2803 4313 detraheretur

200 4375 340 4425 non
391 4373 643 4448 parum.

202 4586 342 4648 cipe,
377 4597 450 4636 un
486 4584 817 4648 magistratu,
847 4584 901 4636 la
934 4584 1335 4638 condonazione
1367 4561 1478 4637 nou
1510 4584 1921 4649 dispenserebbe
1952 4579 2294 4646 dall'obbligo
2343 4581 2395 4633 di
2445 4582 2525 4632 far
2581 4590 2792 4632 cessare

202 4651 260 4700 lo
297 4647 549 4699 scandalo
580 4650 676 4698 che
710 4647 900 4698 risulta
933 4646 1074 4698 dalla
1106 4647 1493 4700 diffamazione.
1535 4670 1552 4693 ›
1596 4650 1824 4708 Gousset,
1860 4658 1913 4697 n.
1950 4647 2092 4697 1080.
2168 4689 2169 4692 ,

269 4707 295 4812 ζ
327 4713 555 4825 {bk-ql..
584 4713 663 4771 75,
700 4721 748 4760 a.
787 4712 832 4759 1.
866 4736 930 4746 —
971 4707 1021 4758 V.
1057 4710 1288 4772 Liguori‚
1327 4711 1413 4774 Op.
1447 4713 1604 4773 Mor„
1637 4712 1676 4762 1.
1716 4709 2199 4823 ιιι,ἲηῇῐίὲίἔῖἓ.4,νῗ366
2230 4705 2283 4756 et
2315 4708 2428 4759 984.
