3292 5167
1237 282 1316 328 nu
1360 279 1518 327 voro
2105 303 2116 316 -
2606 260 2692 328 49

847 423 996 490 Aur.
1046 421 1109 489 3.
1155 457 1243 470 —
1291 425 1381 488 De
1423 420 1548 488 voti
1593 421 1987 488 extinctione.

211 648 332 714 δῦ.
364 653 618 722 Votum
652 651 944 738 extingui
985 657 1207 738 potest
1240 651 1729 737 multipliciter:
1762 652 1826 736 l)
1860 668 1977 735 per
2001 650 2448 718 cessationem
2475 668 2690 719 causae

150 757 339 838 finalis3
363 760 431 842 2)
461 778 588 845 per
616 759 974 830 notabilem
1000 758 1433 827 mutationem
1463 758 1794 838 materiae3
1834 759 1901 843 3)
1940 776 2057 842 per
2084 758 2691 840 commutationem3

149 867 197 948 t)
236 883 335 950 per
378 866 989 953 dispensationem;
1038 870 1107 952 5)
1158 885 1275 954 per
1319 867 1787 947 irritationem3
1837 869 1904 950 6)
1974 884 2094 951 per
2147 864 2473 933 defectum
2535 883 2696 933 con-

147 971 365 1040 ditionis
414 975 774 1059 ponendae,
825 975 876 1043 si
928 993 1035 1042 res
1086 993 1215 1042 non
1266 974 1351 1042 sit
1400 974 1523 1041 nisi
1573 975 1698 1041 sub
1746 973 1856 1039 tali
1908 972 2288 1040 conditione
2337 971 2697 1057 promissa;

146 1097 200 1147 ea
236 1077 591 1165 deficiente,
642 1089 858 1150 cessat
905 1080 1326 1166 obligationis
1374 1080 1892 1148 tundamentum.

206 1181 339 1249 89.
388 1191 459 1269 Q.
516 1193 575 1257 1.
631 1189 1044 1270 Quandonam
1089 1200 1298 1255 votum
1329 1188 1721 1273 extinguitur
1744 1207 1862 1274 per
1905 1186 2301 1253 cessationem
2335 1193 2588 1252 causae?

210 1298 269 1362 R.
312 1296 519 1364 Causa
569 1298 695 1365 alia
744 1304 844 1365 est
890 1296 1126 1375 finalis,
1177 1296 1298 1363 alia
1349 1296 1715 1381 impulsiva.
1767 1295 2012 1362 Finalis
2064 1299 2163 1362 est
2215 1311 2362 1378 quae
2431 1294 2520 1361 ita
2582 1292 2698 1361 de-

144 1403 405 1470 terminat
451 1404 535 1472 ad
583 1403 975 1488 vovendum,
1023 1412 1097 1472 ut
1145 1405 1287 1473 sine
1337 1422 1411 1472 ea
1455 1413 1681 1471 votum
1733 1421 1861 1470 non
1913 1402 2144 1469 fuisset
2192 1403 2547 1470 emissum:
2585 1402 2700 1467 im·

139 1511 347 1596 putstca
377 1518 502 1594 est,
554 1528 709 1597 quae
760 1511 961 1580 allicit
1008 1508 1468 1579 tantummodo
1518 1509 1597 1576 ad
1631 1493 1945 1577 libentius
1992 1507 2400 1590 vovendum,
2452 1507 2568 1575 sed
2623 1525 2702 1576 ex

144 1634 197 1684 se
236 1617 361 1684 sola
407 1618 490 1685 ad
541 1626 772 1687 votum
820 1638 952 1687 non
1001 1617 1417 1687 determinat.
1468 1621 1676 1686 Porro
1727 1622 2028 1685 cessante
2073 1634 2266 1683 causa
2319 1614 2538 1682 solum
2585 1607 2703 1681 im'-

146 1722 352 1808 pulsiva
396 1725 561 1807 voti,
609 1731 839 1794 votum
888 1743 1019 1792 non
1069 1724 1475 1810 extinguitur
1491 1750 1510 1805 3
1559 1741 1711 1792 cum
1778 1722 1886 1789 illa
1952 1739 2085 1789 non
2135 1721 2367 1789 influat
2438 1720 2506 1787 iu
2571 1722 2699 1788 voti

144 1829 564 1898 substantiam.
634 1832 718 1899 At
781 1831 1185 1916 extinguitur
1245 1837 1310 1898 et
1359 1837 1573 1899 cessat
1622 1835 1881 1922 votum,
1934 1835 2234 1896 cessante
2311 1846 2510 1895 causa
2561 1827 2702 1912 eJus

147 1934 308 2002 finali:
356 1954 511 2004 nam
562 1945 723 2006 tunc
764 1944 983 2006 cessat
1029 1939 1245 2006 omnis
1293 1937 1461 2006 ratio
1512 1936 1825 2018 vovendi3
1877 1953 2078 2021 porro
2155 1934 2304 2002 sine
2369 1935 2704 2003 voluntate

148 2049 330 2110 votum
374 2062 535 2112 esse
585 2044 836 2129 nequit.

216 2153 335 2218 Hoc
381 2153 583 2234 valet,
633 2152 755 2220 etsi
828 2170 1024 2220 causa
1073 2159 1290 2220 cesset
1354 2151 1544 2237 culpa
1593 2151 1917 2231 voventis;
1975 2149 2039 2216 iu
2100 2149 2226 2217 boc
2301 2149 2477 2217 enim
2551 2166 2702 2217 casu

154 2256 464 2327 haberetur
506 2258 776 2345 quidem
825 2267 1169 2345 peccatum
1220 2260 1305 2327 ob
1357 2257 1903 2344 impedimentum
1953 2258 2360 2344 appositum,
2409 2255 2527 2325 sed
2576 2276 2708 2325 non

156 2365 468 2435 haberetur
516 2367 652 2434 voti
701 2368 992 2450 materia,
1041 2366 1326 2454 ideoque
1376 2385 1496 2435 nec
1545 2366 1765 2452 ipsum
1814 2372 2056 2434 votum.

217 2470 342 2534 ἳθ-
390 2477 467 2556 Q.
519 2476 583 2541 2.
636 2475 798 2555 Quid
841 2474 912 2541 de
955 2475 1214 2541 notabili
1257 2474 1539 2540 materiae
1583 2473 1926 2540 mutatione
1973 2474 2041 2538 in
2086 2460 2223 2538 'voto
2250 2477 2282 2538 ?

216 2583 277 2649 R.
299 2582 588 2650 Materiae
615 2582 891 2649 mutatio
918 2582 981 2648 in
1015 2588 1169 2649 voto
1201 2580 1540 2664 contingit:
1577 2581 1641 2665 l)
1670 2579 1722 2646 si
1751 2597 1824 2647 ea
1853 2578 1963 2646 fiat
1989 2578 2439 2665 impossibilis,
2465 2576 2710 2661 illicita,

159 2684 499 2756 indifferens
534 2688 638 2755 vel
686 2686 1063 2773 impeditiva
1090 2685 1385 2754 melioris
1412 2686 1568 2754 boni
1592 2711 1609 2766 3
1636 2688 1707 2770 2)
1748 2685 1800 2753 si
1838 2691 2050 2753 status
2078 2685 2381 2753 voventis
2401 2684 2605 2753 relate
2633 2684 2710 2752 ad

156 2795 256 2860 voti
287 2796 623 2864 materiam
659 2796 770 2863 fiat
802 2794 1142 2863 moraliter
1164 2793 1483 2877 diversus,
1514 2804 1587 2861 ut
1617 2795 1672 2861 si
1708 2794 1856 2879 quis
1886 2794 2171 2861 vovisset
2211 2794 2556 2879 jejunium,
2595 2792 2710 2862 sed

159 2909 348 2985 postea
379 2903 755 2970 infirmetur
768 2928 788 2983 3
817 2902 914 2970 vel
949 2901 1456 2971 aedificationem
1488 2901 1830 2988 Ecclesiae,
1878 2900 1993 2970 sed
2028 2901 2177 2969 dein
2215 2920 2466 2988 pauper
2501 2902 2711 2969 factus

158 3008 236 3090 sit,
278 3018 346 3076 ut
390 3018 639 3095 nequat
687 3008 968 3095 amplius
1040 3008 1183 3077 sine
1231 3008 1405 3094 gravi
1456 3009 1555 3077 sui
1605 3014 1816 3076 status
1890 3007 2286 3076 detrimento
2349 3005 2711 3076 Ecclesiam

163 3123 285 3184 voto
330 3117 725 3203 promissam
783 3123 1192 3185 construere.

225 3225 342 3291 Per
383 3242 453 3292 se
502 3223 840 3310 loquendo
889 3221 1054 3291 tales
1102 3222 1504 3292 mutationes
1552 3222 1686 3289 voti
1759 3221 2231 3305 obligationem
2283 3220 2675 3306 extinguunt
2693 3248 2709 3301 ;

165 3345 286 3398 cum
327 3349 569 3399 vovens
604 3331 843 3399 merito
879 3336 1321 3417 praesumatur
1355 3346 1693 3414 nunquam
1741 3328 2052 3397 habuisse
2094 3328 2530 3396 intentionem
2564 3346 2711 3396 sese

164 3435 457 3521 obligandi
508 3438 576 3505 in
624 3437 819 3505 dictis
854 3437 1146 3506 casibus:
1200 3445 1300 3505 est
1335 3454 1711 3504 commune.
1749 3438 1890 3504 Imo
1928 3436 2118 3504 nobis
2153 3453 2303 3504 cum
2352 3435 2412 3503 d.
2463 3437 2710 3503 Thoma

163 3542 387 3612 ridetur
431 3546 864 3632 probabilius,
914 3544 1091 3631 quod
1139 3552 1365 3612 votum
1417 3563 1499 3613 ne
1547 3551 1730 3612 tenet
1780 3545 2067 3630 quidem,
2135 3562 2284 3612 cum
2333 3544 2713 3630 supervenit

163 3646 638 3736 circumstantia,
689 3670 839 3738 quae
889 3653 943 3720 si
996 3653 1293 3739 praevisa,
1342 3671 1584 3722 vovens
1628 3659 1812 3721 certo
1847 3652 2276 3721 abstinuisset
2323 3671 2356 3719 a
2409 3661 2600 3721 voto:
2649 3651 2715 3717 id

165 3757 347 3825 liberat
387 3762 463 3828 ab
508 3760 882 3847 obligatione
949 3761 1075 3827 voti
1139 3770 1251 3827 aut
1301 3761 1670 3848 juramenti,
1751 3761 1839 3828 ait
1901 3760 2272 3846 AngelicuS,
2319 3760 2481 3846 quod
2537 3760 2594 3826 si
2637 3759 2713 3824 ab

165 3863 312 3933 initio
373 3868 692 3935 accidisset
735 3880 846 3935 aut
911 3881 1127 3935 notu-m
1189 3869 1430 3954 fuisset,
1502 3869 1631 3935 haec
1674 3870 1812 3955 fieri
1857 3868 2180 3956 impediret
2211 3870 2275 3950 ¹3
2326 3887 2445 3954 per
2517 3866 2712 3934 talem

166 3972 313 4041 enim
352 3976 787 4044 mutationem
852 3992 958 4043 res
1006 3975 1080 4042 fit
1142 3974 1397 4043 diversa
1469 3992 1506 4043 a
1563 3994 1633 4044 re
1682 3976 2027 4062 promissa.
2095 3978 2168 4044 In
2234 3976 2437 4043 dubio
2494 3981 2711 4041 tamen

168 4080 433 4150 standum
475 4089 580 4151 est
628 4102 748 4168 pro
796 4082 1036 4166 valore,
1086 4101 1238 4150 cum
1280 4090 1505 4151 votum
1553 4083 1917 4169 possideat;
1956 4083 2105 4152 ideo
2173 4083 2255 4151 ad
2301 4082 2714 4168 superiorem

169 4189 599 4258 recurrendum
670 4210 791 4278 pro
843 4191 1261 4259 relaxatione.

238 4295 514 4365 Diximus
576 4316 695 4384 per
743 4316 809 4363 se
872 4296 1167 4382 loquendo
1187 4322 1212 4375 ;
1262 4314 1411 4364 nam
1470 4295 1900 4382 excipienda:

316 4406 370 4471 l.
412 4406 580 4476 Vota
604 4404 806 4472 etiam
832 4403 1153 4488 simplicia
1181 4404 1520 4487 castitatis,
1568 4421 1719 4489 quae
1772 4411 2113 4473 remanent
2146 4403 2354 4486 firma,
2404 4406 2526 4473 etsi
2565 4406 2713 4492 quis

174 4508 413 4579 stimulis
460 4510 679 4579 carnis
752 4511 1037 4578 insolitis
1102 4516 1168 4578 et
1214 4508 1606 4598 impraevisis
1675 4512 1958 4598 agitetur
2006 4529 2153 4582 cum
2203 4514 2482 4583 evidenti
2547 4512 2716 4599 peri—

216 4736 312 4788 ¹1n
338 4740 384 4802 t,
416 4740 467 4792 d.
500 4742 584 4800 38,
618 4751 669 4804 q.
706 4742 754 4791 ¹.
788 4763 852 4778 —
890 4740 948 4790 V.
982 4740 1212 4803 Liguori,
1248 4739 1340 4805 Op.
1372 4740 1525 4801 Mor„
1549 4740 1586 4792 l.
1619 4752 1695 4802 ιιι,
1731 4752 1786 4793 ιι.
1819 4744 1946 4807 2263
1980 4744 2031 4797 et
2063 4742 2098 4794 l.
2134 4755 2205 4808 tv,
2241 4755 2295 4794 n.
2328 4744 2406 4796 50.
