3292 5167
508 224 639 289 640
1217 242 1329 288 ma.
1378 243 1440 288 11.
1489 238 1699 288 Tnxcr.
1742 238 1874 286 vni.
1923 239 2073 285 nisa.
2122 240 2162 285 1.
2211 241 2338 286 cxi».
2389 241 2466 286 ιν.

506 347 932 416 declaratoria
980 346 1212 414 saltem
1262 345 1555 417 criminis
1591 364 1671 413 ex
1706 346 1767 412 S.
1803 344 2081 413 Concilii
2132 344 2695 431 congregatione3
2727 380 2819 396 —-
2852 346 2925 431 5)
2960 344 3086 432 pri-

505 453 1092 539 vatiosepulturae
1142 450 1648 521 ecclesiasticae:
1709 458 1775 519 et
1839 450 1949 537 qui
2016 458 2277 522 temere·
2339 451 2731 521 haereticum
2798 451 2866 520 in
2940 450 3083 521 loco

502 579 690 629 sacro
741 560 1071 646 sepeliret,
1121 559 1268 647 ipso
1317 559 1488 628 facto
1539 567 1717 628 esset
1765 559 2374 629 excommunicatus
2415 555 2463 626 ¹.

592 668 715 749 Qui
766 667 993 736 volunt
1042 666 1280 735 leniter
1325 682 1593 752 semper
1640 683 1792 733 cum
1840 665 2171 733 haereticis
2221 663 2570 749 agendum,
2607 671 2671 733 et
2719 636 3083 733 Ecclesiam

501 774 580 844 de
629 777 847 861 rigore
897 779 1230 856 accusant,
1278 771 1548 839 audiant
1583 771 1643 839 d.
1678 771 2128 840 Berua-rdum:
2162 771 2270 840 hic
2303 772 2439 839 vult
2474 769 2744 857 quidem
2798 770 3080 856 primum

499 881 940 966 argumentiS,
977 899 1107 948 non
1155 880 1354 948 armis
1406 879 1876 947 haereticorum
1928 897 2189 959 errores
2232 878 2483 964 repelli.
2534 878 2668 946 Sed
2715 876 2916 960 addit,
2965 894 3079 945 eos

498 989 551 1058 si
601 989 663 1056 in
717 1008 855 1057 suae
908 988 1287 1074 pertinaciae
1343 987 1633 1067 tenebris
1685 993 2046 1068 remanent,
2096 987 2255 1073 foris
2300 985 2665 1071 releqandos
2709 996 2893 1070 atque
2939 985 3077 1051 mit-

494 1099 737 1165 tendos:
787 1098 917 1166 imo
968 1095 1315 1182 aliquando
1365 1097 1585 1163 melius
1629 1096 1840 1182 qladio
1886 1097 2170 1178 coerceri,
2221 1112 2416 1181 quam
2468 1103 2539 1162 ut
2591 1094 2657 1161 in
2707 1108 2903 1162 suum
2969 1110 3078 1179 pe·

421 1200 434 1205 ’
494 1206 1022 1274 stilentissimum
1071 1190 1345 1273 errorem
1391 1205 1630 1271 multos
1659 1205 1950 1291 trajicere
1991 1204 2439 1290 permittantur
2490 1201 2540 1272 ².

568 1348 1047 1413 Observandum
1089 1356 1186 1410 est
1232 1348 1488 1410 nomine
1532 1345 1967 1409 haereticorum
2013 1345 2288 1425 intelligi
2327 1349 2553 1409 etiam:
2610 1377 2688 1389 —
2734 1344 2796 1424 l)
2844 1358 3071 1406 eorum

487 1436 938 1508 receptatoreS,
983 1429 1088 1507 qui
1137 1443 1364 1507 nempe
1412 1426 1580 1507 ip'sos
1647 1429 1923 1506 hospitio
1990 1429 2389 1505 receperint,
2451 1426 2569 1489 etsi
2615 1423 2813 1487 semel
2843 1472 2859 1497 ,
2903 1438 2984 1485 ue
3030 1439 3064 1487 a

484 1508 806 1586 judicibus
851 1509 1139 1589 legitime
1195 1509 1444 1587 quaesiti
1492 1508 1846 1586 capiantur.
1894 1508 2186 1570 Attamen
2232 1508 2552 1586 excipitur
2598 1505 2791 1568 valde
2826 1506 3064 1583 proba-

487 1589 701 1652 biliter
746 1593 850 1669 qui
899 1593 1129 1669 recipit
1174 1591 1424 1652 ratione
1468 1590 1794 1663 amicitiae,
1844 1589 1944 1651 vel
1990 1589 2610 1667 consanguinitatis;
2656 1586 2899 1649 etenim
2943 1586 3067 1650 iste

486 1685 613 1731 non
662 1671 906 1733 faveret
950 1671 1253 1732 baeretico
1296 1678 1366 1731 ut
1397 1670 1724 1731 haeretice.
1773 1669 1895 1732 Alii
1947 1679 2158 1731 tamen
2207 1669 2268 1731 id
2316 1677 2586 1747 negant;
2632 1682 2774 1729 nam
2822 1667 3065 1728 virtua-

488 1749 635 1812 liter
679 1750 1086 1813 desendendo
1135 1765 1493 1829 personam,
1544 1750 1808 1813 baeresis
1853 1748 2255 1812 defenditur:
2278 1748 2454 1822 Quod
2502 1749 2555 1810 si
2603 1762 2729 1809 non
2768 1747 3065 1811 obstante

485 1833 962 1910 receptatione,
1008 1833 1347 1924 haereticus
1391 1830 1634 1891 incidat
1680 1834 1742 1891 in
1807 1845 2033 1892 manus
2093 1830 2378 1909 judicis„
2439 1840 2592 1892 tunc
2654 1828 2764 1890 alii
2826 1835 3066 1907 negant

486 1926 705 1989 poenas
751 1913 1029 1986 incu1·ri;
1076 1927 1221 1991 quia
1267 1910 1540 1990 amplius
1585 1927 1714 1972 non
1760 1910 2011 1974 fovetur
2048 1911 2345 1993 baeresiS.
2389 1909 2583 1972 Nobis
2629 1917 2843 1970 tamen
2896 1910 3056 1971 arri·

482 1991 590 2053 det
614 1994 1045 2067 contrarium3
1089 2007 1234 2054 nam
1259 1993 1390 2071 jam
1417 1991 1782 2053 verificatus
1816 2001 1914 2054 est
1941 1992 2206 2054 effectus
2250 1990 2486 2053 favoris
2519 2006 2584 2052 in
2617 1991 3063 2067 receptatione

484 2073 650 2151 ipsa3
681 2073 843 2152 -2)
872 2071 1241 2152 defensores,
1275 2074 1381 2152 qui
1418 2088 1645 2150 nempe
1686 2088 1988 2151 personas
2021 2072 2497 2143 haereticorum,
2546 2069 2645 2132 vel
2694 2085 2919 2131 eorum
2969 2085 3056 2131 er-

479 2169 657 2214 rores
704 2161 980 2216 tuentur.
1028 2152 1181 2215 Item
1227 2151 1528 2231 fautores,
1573 2154 1678 2232 qui
1727 2152 2010 2215 favorem
2056 2161 2387 2231 praestant,
2435 2159 2505 2214 ut
2552 2150 2806 2211 facilius
2854 2151 3056 2212 haere-

476 2234 598 2294 sim
642 2232 911 2296 doceant
954 2243 1143 2314 atque
1188 2233 1585 2306 diffundant3
1618 2234 1782 2309 —3)
1814 2235 2148 2308 credentes,
2176 2237 2282 2311 qui
2314 2234 2560 2295 scilicet
2609 2231 2846 2303 verbiS,
2876 2230 3059 2294 factis

476 2312 745 2393 aliisque
790 2313 996 2377 modis
1040 2315 1326 2376 externis
1372 2314 1823 2377 haereticorum
1870 2324 2104 2377 sectam
2142 2314 2523 2395 profitentur
2562 2310 2613 2371 ³.

560 2441 773 2505 928.
826 2445 875 2522 Q
947 2444 1007 2509 5.
1053 2443 1156 2511 An
1202 2442 1451 2527 quilibet
1497 2443 1914 2528 confessarius
1958 2443 2053 2510 vel
2097 2445 2315 2510 saltem
2360 2444 2700 2531 Episcopus
2733 2440 2934 2527 possit
2977 2438 3056 2505 ab

470 2548 690 2615 hoeresi
734 2550 1092 2616 absolvere?

557 2660 627 2726 R.
681 2661 738 2724 l:
787 2661 964 2727 Inter
1014 2675 1240 2744 poenas
1290 2666 1517 2726 contra
1567 2658 1919 2728 baereticos
1966 2660 2150 2741 latas,
2202 2658 2483 2725 maxime
2530 2654 2780 2723 attendi
2853 2654 3053 2723 debet

467 2765 1095 2844 excommunicatio;
1151 2783 1281 2833 non
1331 2765 1507 2833 enim
1558 2765 1749 2833 aliter
1797 2764 2071 2833 haeresis
2122 2763 2340 2850 quoad
2382 2768 2727 2848 peccatum
2761 2779 3049 2830 reserva·

467 2879 576 2939 tur
621 2891 882 2947 summo
935 2874 1256 2955 Pontifici,
1309 2873 1430 2941 nisi
1483 2874 1567 2941 ob
1617 2872 1936 2943 adnexam
1986 2873 2739 2942 excommunicationem
2775 2872 2902 2958 ipsi
2952 2889 3050 2940 re-

465 2987 813 3047 servatam:
869 2981 1009 3047 haec
1060 2997 1252 3065 porro
1301 2979 1354 3047 si
1406 2996 1536 3046 non
1585 2979 1980 3062 incurratur,
2025 2980 2175 3071 jam3
2204 2980 2478 3047 haeresis
2529 2978 2771 3064 poterit
2806 2997 2839 3046 a
2880 2994 3047 3063 quo-

464 3086 623 3155 libet
671 3087 1074 3156 confessario
1124 3087 1395 3168 absolvi,
1447 3088 1573 3155 nisi
1622 3087 1835 3155 adbuc
1894 3087 1978 3154 sit
2050 3106 2243 3156 casus
2317 3094 2686 3154 reservatus
2762 3088 2832 3155 in
2904 3085 3045 3171 eJus

462 3176 743 3264 Dioecesi
793 3195 841 3261 ⁴.
893 3199 973 3265 Ut
1019 3202 1176 3281 ergo
1226 3195 1821 3264 excommunicatio
1873 3196 2264 3278 incurratur,
2315 3203 2380 3263 et
2414 3194 2561 3263 ideo
2595 3196 2681 3262 sit
2719 3201 3046 3262 reservata

461 3321 542 3370 ex
591 3309 773 3388 parte
836 3304 1435 3387 excommunicati,
1506 3304 1884 3390 requiritur,
1955 3311 2028 3372 bt
2098 3305 2274 3372 illius
2346 3302 2646 3371 notitiam
2716 3303 3041 3385 habuerit,

458 3417 523 3477 et
569 3409 746 3477 illam
800 3409 1034 3478 adesse
1082 3410 1272 3479 sciat:
1325 3400 1449 3479 h'oc
1498 3410 1675 3478 enim
1724 3429 2022 3479 censurae
2084 3411 2426 3498 proprium
2503 3416 2622 3481 est.
2693 3413 2790 3478 Ex
2860 3417 3044 3497 parte

454 3534 609 3585 vero
663 3515 937 3584 haeresis
988 3517 1381 3602 requiritur:
1438 3518 1502 3603 l)
1552 3527 1624 3585 ut
1691 3535 1765 3587 ea
1837 3518 1923 3585 sit
1993 3518 2309 3600 formalis,
2386 3537 2621 3603 nempe
2691 3526 2763 3585 ut
2834 3515 3044 3585 errori

462 3625 879 3693 adhaereatur
919 3643 1068 3692 cum
1105 3625 1464 3710 pertinacia
1504 3626 1883 3708 voluntatis„
1921 3643 2136 3711 neque
2169 3626 2254 3694 sit
2278 3628 2640 3713 =conjuncta
2674 3643 2825 3694 cum
2860 3625 3043 3710 igno·

452 3732 678 3815 rantia,
729 3732 883 3800 licet
934 3732 1247 3818 culpabili
1299 3750 1373 3800 ac
1422 3732 1656 3816 supina
1724 3732 1771 3813 ⁵3
1821 3734 1890 3819 2)
1940 3726 2352 3802 ut‘exterius
2391 3733 2846 3802 manifestetur
2880 3734 3040 3817 (non

452 3847 665 3908 tamen
718 3839 796 3941 ad
848 3839 1200 3908 consilium
1247 3838 1663 3925 capiendum,
1716 3840 1813 3910 vel
1863 3852 2050 3927 purae·
2113 3840 2705 3926 argumentationis
2777 3840 3040 3926 causa);

506 4066 525 4105 ¹
560 4068 635 4117 Ex
673 4067 824 4118 Sexto
861 4067 1055 4118 Decret.
1090 4065 1124 4116 l.
1159 4077 1212 4128 v,
1250 4068 1326 4118 tit.
1361 4070 1408 4130 2,
1445 4078 1560 4129 cap.
1594 4071 1639 4120 2.
1686 4068 1735 4119 V.
1780 4072 1817 4120 t.
1852 4082 1888 4130 t,
1921 4081 1972 4119 n.
2011 4072 2122 4121 916.

505 4129 529 4169 ²
562 4128 730 4180 Serm.
766 4140 912 4190 mxiv,
951 4140 1058 4179 cxv
1090 4130 1143 4180 et
1176 4140 1295 4179 cxvi
1330 4130 1383 4178 in
1420 4130 1605 4188 Cant.,·
1640 4133 1693 4180 et
1725 4132 1887 4193 Epist.
1925 4142 2157 4182 ccccxv.
2206 4156 2271 4170 -·
2325 4135 2592 4192 Attamen,
2652 4142 2816 4195 quam
2870 4130 3027 4183 nobis

446 4193 696 4243 saevitiem
732 4191 990 4252 objiciunt
1025 4191 1392 4254 protestantes,
1426 4202 1492 4243 ea
1523 4192 1624 4255 ipsi
1663 4192 1735 4243 rei
1770 4195 1910 4244 sunt.
1938 4218 2002 4231 -
2061 4195 2114 4244 V.
2165 4194 2427 4252 Martinet,
2479 4195 2745 4244 Sotuziono
2798 4193 2875 4243 de'
2898 4204 3033 4257 που

441 4252 712 4317 proclam,
748 4255 851 4304 vol.
908 4254 1026 4314 ult.,
1064 4253 1153 4305 ubi
1207 4252 1259 4303 id
1315 4254 1536 4305 historia
1593 4254 1783 4316 probat
1834 4254 2266 4308 ineluctabiliter.
2321 4281 2385 4294 -
2438 4257 2732 4315 'roi-ricelli,
2788 4256 3037 4307 Disserta-

445 4317 583 4367 ziom'
616 4326 746 4375 ecc„
780 4317 902 4366 vol:
926 4327 1042 4366 vni.
1077 4340 1139 4352 —
1172 4317 1226 4366 C.
1258 4315 1429 4367 cantu
1452 4353 1466 4377 ‚
1505 4317 1587 4367 Gli
1621 4318 1797 4367 oretici
1827 4316 1876 4365 d'
1898 4318 2073 4370 Italia.
2110 4318 2329 4378 Torin0,
2364 4321 2505 4370 1866.

508 4377 531 4416 ⁸
564 4376 619 4428 C.
657 4388 728 4427 xit
784 4378 809 4439 ς
842 4381 872 4428 5
903 4378 964 4439 de
1000 4379 1149 4436 haer..
1186 4389 1237 4429 n.
1272 4382 1320 4429 o.
1356 4403 1421 4415 -
1461 4378 1515 4428 V.
1554 4379 1782 4441 Lignori,
1823 4380 1910 4440 Ορ.
1947 4381 2103 4440 Mor„
2138 4382 2176 4432 l.
2208 4392 2301 4438 vu,
2336 4392 2427 4432 nn.
2456 4382 2550 4434 306
2582 4382 2634 4432 et
2665 4391 2811 4443 seqq.

506 4438 530 4479 ⁴
566 4412 749 4509 Quoad
784 4439 1064 4513 Dioecesini
1099 4440 1484 4512 ‚Novar-iensem
1522 4440 1640 4491 vide
1674 4441 1819 4514 dicta
1852 4441 1915 4494 de
1949 4444 2117 4505 poenis
2150 4445 2205 4494 in
2240 4443 2575 4504 blasphemos,
2611 4455 2664 4493 n.
2702 4444 2811 4494 137.

506 4501 529 4541 Ι
565 4504 693 4552 Hinc
724 4501 817 4563 qui
856 4505 1244 4564 propositiones
1274 4501 1558 4552 enuntiant
1593 4502 1713 4553 ndei
1749 4504 2056 4566 injuriosas,
2093 4504 2182 4554 sed
2214 4505 2417 4556 interne
2439 4507 2486 4555 ei
2516 4517 2628 4556 non
2658 4505 3025 4555 assentiuntur

444 4566 494 4617 et
526 4564 652 4616 sunt
686 4563 861 4634 parati·
887 4565 1223 4627 acquiescere
1275 4565 1453 4614 udicio
1488 4564 1751 4625 Ecclesiae,
1787 4568 2395 4619 excommunicationem
2430 4579 2539 4619 non
2584 4567 2864 4618 incurrunt
2896 4565 3026 4617 dete-

443 4628 530 4678 ctu
563 4626 932 4685 contumaciae,
968 4627 1213 4689 quamvis
1285 4627 1377 4676 ant
1409 4626 1481 4676 rei
1518 4626 1859 4690 blasphemiae
1893 4628 2222 4689 baereticalis,
2256 4631 2310 4681 et
2363 4630 2418 4680 in
2472 4631 2588 4692 ipso
2640 4628 2755 4680 toro
2803 4630 3026 4679 externo

445 4702 540 4752 pro
570 4688 708 4740 veris
746 4685 1004 4738 liaereticis
1039 4686 1330 4750 plerunque
1366 4689 1686 4751 reputentur.
