3292 5167
539 166 668 235 tat
1560 185 1675 232 ua.
1723 185 1787 232 n.
1834 185 2046 232 rainer.
2097 186 2152 231 v.

1578 429 1703 513 (F)
1744 430 1898 509 Paq.
1940 429 2034 492 19.

616 686 805 749 184.
849 685 918 760 Q.
962 688 1015 749 1.
1061 688 1161 749 An
1201 685 1743 765 contemplationis
1785 686 2010 748 donum
2043 687 2132 749 sit
2171 687 2675 771 admittendam?

617 768 689 832 R.
732 767 1308 850 contemplationis
1352 766 1592 829 donum
1628 766 2101 830 admittendum
2147 782 2288 829 esse
2345 776 2591 831 certum
2659 775 2798 841 est:
2857 765 3120 845 ideoque

538 848 717 912 illius
761 850 1028 911 effectus
1073 856 1143 911 ut
1185 848 1511 922 exstasim,
1561 856 1834 926 raptum,
1877 855 2033 922 etc.;
2076 855 2140 910 et
2184 847 2344 910 falsa
2388 857 2486 911 est
2531 847 2795 909 illorum
2849 844 3119 909 medico·

538 946 684 993 rum
727 932 1046 991 sententia
1090 931 1200 1008 qui
1246 942 1697 1007 quamcunque
1763 930 2069 990 exstasim
2115 938 2365 991 naturae
2401 928 2694 991 morbum
2738 927 3009 1001 dicunt,
3056 933 3123 989 ut

540 1011 713 1073 inter
756 1019 1004 1072 ceteros
1039 1008 1284 1071 Andral
1311 1056 1328 1085 ,
1378 1006 1564 1069 Corso
1619 1008 1695 1070 di
1726 1009 2048 1087 paloloqia
2083 1010 2357 1072 interna.
2401 1009 2526 1071 Nos
2569 1023 2709 1071 eum
2771 1009 2831 1070 d.
2892 1006 3119 1069 Thema

541 1091 628 1171 (2,
669 1091 731 1165 2,
776 1107 833 1170 q.
882 1090 1017 1163 175,
1060 1105 1113 1151 a.
1161 1090 1266 1166 1),
1308 1089 1615 1153 exstasim
1661 1097 1726 1150 et
1770 1098 2020 1169 raptum
2079 1087 2429 1151 dividimus
2475 1091 2540 1151 in
2586 1086 2949 1152 naturalem
2989 1102 3123 1165 quoe

542 1189 622 1234 ex
666 1172 875 1233 causis
918 1168 1343 1245 naturalibuS‚
1386 1186 1444 1230 v.
1535 1215 1570 1243 .,
1613 1169 1839 1231 morbo
1904 1167 2010 1231 vel
2065 1170 2445 1233 vehementi
2504 1169 2986 1249 imaginatione,
3026 1165 3123 1229 vel

543 1252 668 1316 alia
715 1250 1083 1313 vehementi
1128 1252 1325 1312 animi
1372 1264 1493 1329 app
1525 1249 1804 1311 icatione
1850 1251 2057 1313 oritur
2073 1270 2093 1326 3
2139 1251 2205 1311 in
2251 1251 2715 1326 ammoniacam,
2755 1265 2900 1329 quae
2937 1263 2972 1309 a
3014 1246 3126 1309 das·

542 1347 733 1397 mone
779 1331 992 1410 ligatis
1035 1329 1330 1393 sensibus
1374 1330 1663 1392 externis
1699 1339 2032 1405 causatur3
2076 1338 2141 1394 et
2176 1331 2243 1393 in
2287 1331 2570 1395 divinam
2598 1378 2616 1407 ,
2673 1346 2817 1410 quae
2864 1336 2963 1391 est
3003 1327 3122 1391 ele·

543 1413 713 1476 vatio
759 1413 994 1477 mentis
1040 1412 1107 1472 in
1154 1410 1353 1473 Deum
1398 1425 1540 1473 cum
1607 1409 2040 1473 abstractione
2084 1426 2117 1473 a
2164 1411 2463 1476 sensibus
2526 1409 2965 1474 exterioribus
2995 1454 3011 1484 ,
3051 1423 3124 1469 ex

541 1492 989 1569 magnitudine
1035 1491 1233 1569 ipsius
1277 1490 1663 1553 elevationis
1708 1489 2086 1570 procedens
2286 1536 2295 1545 -

628 1574 921 1636 Divinam
966 1574 1270 1634 exstasim
1311 1571 1449 1634 dari
1498 1569 1834 1633 indubium
1872 1581 1996 1645 est:
2033 1590 2187 1636 sane
2216 1575 2267 1636 si
2301 1590 2382 1636 ex
2416 1571 2547 1635 sola
2588 1567 3127 1648 contemplatione

549 1653 829 1716 naturali
872 1655 935 1715 vi
981 1653 1386 1715 vehementis
1430 1650 1878 1730 applicationis
1909 1651 1989 1714 ad
2021 1656 2477 1733 cogitationem
2508 1654 2839 1715 internam
2881 1662 3127 1727 suspen·

547 1735 642 1797 sio
685 1750 990 1797 sensuum
1035 1742 1451 1796 externorum
1489 1733 1672 1810 sequi
1718 1740 1963 1811 potest3
2007 1744 2246 1813 quanto
2290 1736 2493 1813 magis
2536 1733 2647 1795 fiet
2712 1735 2775 1794 in
2848 1737 3130 1791 contem·

547 1813 838 1955 platione
874 1812 1347 1894 supernaturali
1394 1829 1508 1891 per
1549 1813 2003 1876 vehementem
2049 1816 2506 1895 cogitationem
2540 1822 2605 1877 et
2643 1825 2933 1875 amorem
2985 1808 3123 1901 Deil

578 1894 617 1957 d
665 1896 942 1974 probant
985 1903 1116 1955 tum
1155 1894 1502 1956 auctoritas
1549 1902 1678 1956 tum
1728 1892 2151 1972 plurimorum
2196 1894 2579 1958 Sanctorum
2610 1891 2942 1972 exempla;
2971 1898 3036 1951 et
3066 1904 3128 1950 tn

551 1985 765 2038 sancta
815 1974 1147 2054 Scriptura
1196 1972 1412 2053 plures
1456 1973 1822 2053 hujusmodi
1870 1984 2155 2039 exstases
2186 1977 2538 2039 habentur:
2567 1973 2724 2036 Gen.
2757 1991 2843 2036 ιιι
2875 1969 3133 2034 immisit

549 2054 848 2119 Dominus
875 2055 1038 2116 Deus
1073 2071 1348 2134 soporem
1380 2053 1811 2133 (septuaginta
1836 2054 2062 2135 legunt
2081 2058 2418 2137 exstasim)
2453 2058 2522 2118 in
2548 2056 2769 2118 Adam.
2802 2051 2965 2116 Psal.
2993 2066 3131 2113 cxv:

549 2138 846 2218 eqoat'oei
887 2138 954 2198 in
997 2151 1256 2197 excessa
1312 2148 1439 2196 meo
1504 2136 1939 2215 (septuaginta
1984 2141 2373 2218 interpretes
2432 2137 2656 2216 legunt
2708 2138 2775 2198 in
2843 2128 3132 2210 exstasi).

549 2217 707 2289 Dan.
751 2234 824 2279 x:
867 2232 989 2279 non
1032 2216 1346 2278 remansit
1386 2221 1454 2277 in
1494 2232 1587 2277 me
1630 2213 1958 2292 fortitudo,
2001 2220 2106 2280 sea
2146 2226 2208 2282 et
2247 2219 2476 2298 species
2505 2232 2639 2279 mea
2682 2216 3022 2278 immutata
3048 2217 3136 2273 est

552 2299 620 2359 in
662 2313 774 2373 me,
817 2315 928 2359 nec
974 2293 1170 2357 habui
1212 2296 1552 2375 quidquam
1593 2296 1846 2358 viriam.
1890 2296 1968 2360 Et
2010 2299 2091 2361 de
2134 2298 2322 2361 Petro
2355 2299 2592 2361 dicitur
2620 2299 2753 2360 Act.
2802 2312 2877 2358 x:
2919 2290 3138 2356 cecidit

550 2394 738 2456 snper
779 2394 914 2439 enm
956 2377 1180 2439 mentis
1223 2393 1535 2438 emcessns.
1581 2376 1662 2438 Et
1704 2374 1937 2440 Paulus
1980 2395 2049 2455 11,
2084 2378 2298 2442 Corin.
2340 2396 2456 2441 xu·
2482 2379 2559 2440 de
2603 2394 2670 2439 se
2714 2378 2836 2439 ait:
2880 2375 3008 2437 scio
3048 2371 3136 2435 ho·

550 2459 774 2520 minem
818 2459 886 2520 in
934 2456 1182 2520 Christo
1224 2463 1372 2519 ante
1415 2456 1604 2520 annis
1654 2459 2147 2537 quatuordeeim,
2188 2462 2317 2523 sive
2358 2461 2425 2522 in
2460 2475 2717 2538 corpore
2744 2456 2978 2529 nescio,
3014 2453 3135 2515 sive

551 2546 740 2601 extra
780 2554 1006 2617 corpus
1048 2537 1295 2609 nescio;
1343 2535 1504 2599 Dens
1546 2538 1711 2612 scit,
1753 2554 1831 2600 ra
1878 2545 2009 2602 cnm
2050 2541 2408 2619 hujusmodi
2469 2556 2666 2619 nsque
2734 2538 2819 2600 ad
2886 2535 3137 2599 tertiam

552 2618 786 2680 coelnm.
841 2619 902 2680 V.
945 2618 1233 2694 Schram,
1277 2616 1712 2680 Institutiones
1766 2555 2104 2701 Tsseoloqiae
2145 2623 2423 2696 misticae,
2465 2630 2585 2684 etc.
2630 2617 2751 2681 vol.
2804 2635 2879 2681 ιι.

633 2698 931 2772 mmo.
973 2699 1029 2761 Ξ.
1076 2697 1427 2777 Quotupleae
1468 2704 1564 2760 est
1601 2700 2062 2779 contemplatio,
2103 2709 2165 2764 et
2207 2705 2315 2781 qui
2354 2702 2492 2780 ejas
2534 2701 2823 2781 qradus?

633 2777 702 2840 R.
746 2779 852 2840 Ad·
885 2782 951 2841 1:
995 2778 1114 2841 Ubi
1158 2778 1467 2857 completa
1515 2780 1599 2840 sit
1640 2783 1936 2859 purgatio
1981 2782 2264 2861 spiritus,
2307 2783 2475 2845 Deus
2519 2783 2799 2843 animam
2847 2776 3032 2858 ponit
3073 2774 3137 2836 in

554 2866 721 2923 statu
765 2858 1361 2938 contemplationiS,
1404 2874 1545 2939 quae
1590 2858 1824 2938 duplex
1870 2870 1987 2938 est»,
2031 2862 2411 2943 affirmativa
2444 2870 2508 2926 et
2550 2860 2890 2942 negativa.-
2939 2856 3003 2918 t·
3044 2862 3138 2918 est

555 2939 812 3019 quando
855 2940 1064 3002 anima
1111 2938 1422 3001 beneficio
1466 2939 1626 3002 lucis
1671 2939 1911 3004 divinae
1941 2952 2005 3004 et
2034 2947 2177 3006 sine
2208 2943 2334 3006 ulla
2373 2959 2564 3023 opera
2610 2938 2898 3020 propria,
2935 2936 3142 3000 cernit

554 3020 830 3099 aliquam
880 3021 1213 3082 veritatem
1258 3018 1361 3080 vel
1396 3025 1673 3082 creatam
1700 3068 1716 3097 ,
1760 3023 1851 3084 uti
1897 3033 1996 3084 est
2040 3023 2313 3086 felicitas
2376 3022 2698 3102 paradisi:
2743 3019 2843 3083 vel
2895 3020 3140 3081 increa-

558 3110 706 3175 tam,
749 3101 840 3163 uti
886 3108 985 3163 est
1027 3101 1487 3179 omnipotentia
1535 3100 1791 3176 divina:
1834 3102 1900 3164 2⁸
1944 3113 2041 3166 est
2085 3103 2348 3184 quando
2384 3105 2599 3167 anima
2632 3100 2959 3180 dignoscit
3001 3110 3138 3177 per·

557 3179 867 3242 sectiones
911 3181 1165 3244 divinas
1214 3197 1340 3241 non
1411 3182 1474 3241 in
1542 3181 1940 3261 particulari,
1984 3184 2093 3247 sed
2142 3187 2205 3247 in
2253 3200 2528 3264 genere:
2573 3191 2639 3246 et
2680 3197 2821 3245 cum
2867 3178 3141 3265 quadam

560 3261 807 3336 notitia,
852 3262 918 3323 in
961 3278 1030 3322 se
1074 3261 1333 3340 quidem
1381 3260 1666 3337 confusa,
1712 3263 1820 3325 sed
1868 3281 2010 3342 quae
2056 3266 2298 3345 ingerit
2341 3273 2720 3344 conceptum
2750 3256 3143 3338 magnitudi-

558 3344 659 3401 nis
702 3340 940 3403 divinae
986 3341 1172 3420 longe
1213 3341 1556 3419 majorem.
1601 3342 1752 3415 Quae
1788 3353 1889 3405 est
1930 3343 2120 3425 longe
2163 3344 2532 3426 perfectior,
2567 3352 2632 3408 et
2667 3342 2908 3405 dicitur
2952 3341 3142 3402 etiam

556 3420 740 3482 clara
783 3421 1029 3500 caligo,-
1074 3422 1217 3501 quia
1265 3422 1331 3481 in
1385 3423 1524 3500 ipsa
1574 3422 1955 3487 obscuratur
2017 3429 2226 3490 anima
2291 3424 2371 3488 ob
2428 3426 2691 3489 nimiam
2740 3423 2903 3486 lucis
2948 3418 3142 3483 abun·

572 3499 879 3579 dentiam,
923 3502 1016 3562 uti
1060 3501 1379 3579 contingit
1422 3500 1543 3576 illi,
1591 3504 1698 3583 qni
1745 3519 1888 3567 cum
1936 3504 2091 3581 velit
2132 3506 2331 3569 solem
2362 3505 2605 3569 directe
2638 3503 2901 3579 intueri,
2947 3500 3144 3562 nimio

558 3580 887 3643 radiorum
931 3579 1108 3660 fulgo
1124 3597 1195 3649 re
1241 3583 1417 3660 quasi
1464 3583 1844 3661 obcaecatur,
1885 3595 1951 3647 et
1984 3584 2063 3649 de
2095 3590 2230 3666 ipso
2261 3603 2387 3649 non
2422 3585 2593 3650 aliud
2632 3585 2928 3666 percipit,
2958 3592 3143 3659 quam

558 3676 860 3741 magnum
906 3660 1225 3740 quoddam
1269 3669 1335 3723 et
1378 3662 1760 3727 immensum
1805 3664 2046 3729 lumen.
2089 3668 2159 3731 ln
2203 3668 2313 3731 tali
2346 3667 2625 3748 caligine
2665 3662 3147 3744 suspenduntur

558 3748 632 3805 ut
662 3740 1030 3821 plurimum,
1073 3743 1377 3820 potentiae
1419 3745 1686 3821 animae,
1732 3751 1800 3807 et
1852 3746 2196 3827 aliquando
2253 3747 2449 3811 etiam
2493 3763 2717 3811 sensus
2771 3743 3148 3818 exteriores,

580 3826 665 3884 ita
713 3831 783 3884 ut
822 3823 1032 3885 anima
1079 3821 1482 3912 ingrediatur
1527 3825 1591 3886 in
1628 3826 1971 3903 quandam,
2009 3832 2102 3893 uti
2147 3836 2399 3902 vocant,
2446 3827 2826 3895 ebrietatem
2850 3822 3150 3906 spiritua·

575 3904 713 3979 lem,
759 3913 824 3965 et
857 3918 1115 3983 prorum
1164 3912 1229 3965 at
1274 3918 1338 3965 in
1382 3908 1620 3967 amoris
1666 3905 1915 3985 deliria,
1958 3910 2031 3972 in
2068 3919 2314 3986 cantuS,
2357 3912 2424 3972 in
2470 3910 2657 3973 fletus
2701 3905 3038 3979 insolit08‚
3083 3903 3146 3963 in

568 3982 911 4059 saltuS,uti
959 3982 1037 4045 de
1084 3999 1124 4062 p
1152 3983 1375 4046 nribus
1417 3982 1668 4049 Sanctis
1709 3996 1997 4052 narrant.

641 4062 712 4126 R.
756 4063 850 4126 Ad
896 4064 974 4126 2:
1017 4060 1264 4126 Gradus
1305 4071 1457 4127 sunt
1492 4066 1860 4131 recollectio
1907 4068 2439 4151 supernaturalis,
2483 4068 2664 4149 quies
2707 4077 2773 4131 et
2817 4065 3010 4129 unio:

723 4144 774 4206 1.
799 4145 1167 4207 Recollectio
1194 4147 1749 4223 supernaturalis:
1782 4148 2022 4214 dicitur
2065 4151 2602 4232 supernaturalis,
2632 4151 2779 4228 quia
2807 4148 2974 4210 Deus
3010 4156 3149 4207 eam

563 4233 865 4315 operatur
896 4225 961 4286 in
1000 4226 1210 4287 anima
1256 4226 1618 4287 ministerio
1664 4230 1887 4306 gratiae
1929 4233 2502 4309 extraordinariae,
2544 4247 2660 4310 per
2701 4244 2893 4310 quam
2936 4226 3147 4288 anima

564 4320 629 4365 ln
678 4312 848 4366 statu
890 4308 1097 4367 activo
1140 4304 1217 4366 ad
1265 4306 1582 4384 passivum
1628 4308 2038 4387 transfertur,
2080 4320 2145 4375 et
2186 4314 2251 4375 in
2299 4328 2374 4374 eo
2416 4312 2587 4374 sistit
2622 4310 2897 4390 (dicitur
2951 4305 3150 4369 etiam

563 4383 802 4463 infusa,
823 4386 967 4465 quia
993 4387 1216 4448 evenit
1238 4385 1553 4449 beneficio
1573 4386 1733 4451 lucis
1806 4407 1948 4455 uam
1974 4393 2140 4456 Deus
2165 4384 2497 4470 infundit).
2522 4390 2590 4453 ln
2623 4399 2750 4455 tam
2783 4388 2953 4452 felici
2981 4391 3154 4448 statu

565 4464 755 4527 debet
794 4466 1008 4528 anima
1050 4467 1301 4533 sincere
1343 4482 1414 4528 se
1455 4466 1650 4548 dirigi
1684 4485 1717 4531 a
1820 4486 1896 4534 eo
1929 4472 2007 4536 ad
2043 4472 2323 4536 resilias
2351 4470 2853 4535 considerandas
2896 4477 2960 4532 et
3003 4465 3150 4529 illos

553 4552 757 4638 actus
784 4544 1155 4636 eliciendos,
1198 4546 1276 4608 ad
1322 4562 1480 4625 quos
1522 4563 1591 4609 se
1635 4553 1839 4629 magis
1882 4569 1914 4615 a
1962 4552 2089 4616 Deo
2135 4553 2290 4617 terri
2334 4553 2683 4633 cognoscit,
2724 4551 2878 4633 quin
2926 4547 3141 4611 curio·

567 4641 698 4687 sius
741 4631 1087 4702 investiget
1129 4640 1314 4688 suum
1358 4634 1614 4690 statum.
