3292 5167
520 179 651 248 740
1138 146 1145 154 ¹
1533 199 1646 250 ιιι.
1695 197 1763 248 tr.
1813 202 2024 254 raacr.
2074 198 2200 248 vm.

518 301 924 364 clesiastiche
979 317 1047 363 se
1082 316 1164 363 ne
1188 308 1684 376 *mostranocon
1734 303 2178 368 ostentazione
2218 301 2541 380 violatori,
2568 318 2652 365 ne
2674 301 3000 381 sparlano,
3027 302 3098 369 in

522 381 832 458 pubplico,
876 398 911 444 e
953 397 1071 443 con
1117 383 1284 444 sensi
1336 381 1625 458 impliciti
1677 399 1924 462 negano
1970 385 2092 447 alla
2140 382 2361 448 Chiesa
2413 381 2751 446 l'autorita
2797 383 2862 446 di
2913 383 3098 447 rarle.

517 461 740 524 Vanno
783 477 900 524 con
945 463 1149 540 questi
1195 461 1409 524 coloro
1456 463 1473 524 i
1517 461 1690 542 quali
1740 481 2053 528 revocano
2097 463 2154 530 al
2205 467 2468 543 proprio
2511 463 2850 527 sindacato
2904 463 2968 526 le
2995 481 3094 527 co-

516 543 841 605 stituzioni
887 558 922 604 e
965 541 1052 620 gli
1095 544 1208 605 atti
1256 542 1503 604 solenni
1551 542 1653 605 del
1703 542 2022 607 Ponteflce
2066 561 2102 607 e
2145 544 2230 623 gli
2281 544 2655 607 esaminano
2714 559 2751 606 e
2817 559 2899 605 ne
2945 560 3094 623 pro·

517 624 838 684 nunziano
882 631 1206 697 sentenze,
1270 639 1394 684 noa
1438 622 1792 686 altrimenti
1841 626 1958 687 che
2002 642 2069 690 se
2103 625 2322 704 eglino
2357 626 2597 686 rossero
2636 626 2653 686 i
2697 624 2949 703 giudici
2989 642 3095 688 sn·

517 704 738 781 premi.
782 701 827 764 1l
873 702 990 765 che
1034 706 1070 764 e
1113 702 1189 765 da
1237 704 1573 766 intendere
1619 720 1743 766 non
1791 706 1929 768 solo
1973 705 2144 768 delle
2188 706 2601 769 costituzioni
2649 704 3096 769 dammaticbe

515 800 551 844 e
592 782 945 857 dottrinali,
987 798 1083 845 ma
1131 783 1423 846 eziandio
1467 784 1530 856 di
1576 785 1785 864 quelle
1828 787 1949 848 che
1993 794 2286 865 spettano
2334 785 2470 858 alla
2508 784 2856 863 disciplina
2903 783 2980 847 ed
3034 787 3094 849 ai

515 864 801 926 costumi.
831 862 1068 925 Benene
1128 862 1510 942 (soggiunge
1554 881 1585 926 a
1634 875 1850 944 questa
1892 867 2386 929 enumerazione
2434 863 2478 927 il
2528 866 2625 926 ch.
2669 867 2926 942 autore)
2973 882 3096 930 non

516 945 669 1006 tutti
724 951 963 1011 castora
1005 944 1180 1006 siano
1221 961 1332 1023 per
1372 953 1718 1007 deventura
1747 947 2081 1008 allacciati
2110 947 2275 1008 dalle
2303 962 2561 1010 censure
2598 945 3093 1022 ecclesiasticae,

446 1047 453 1058 ·
512 1025 770 1086 siccome
810 1025 902 1100 qli
941 1026 1158 1086 cretici
1197 1042 1228 1086 e
1268 1025 1360 1102 qli
1399 1026 1679 1103 apostati
1727 1026 1991 1105 formali
2016 1046 2042 1098 ;
2088 1028 2468 1090 contuttocid
2513 1026 2780 1088 davanti
2847 1042 2890 1087 a
2957 1024 3097 1103 Dio,

512 1105 665 1167 anzi
707 1106 765 1167 io
805 1105 960 1178 dieto,
1001 1123 1031 1167 c
1074 1105 1335 1166 (lavanti
1375 1106 1507 1185 aqli
1549 1107 1804 1182 nomini,
1848 1109 1915 1171 ai
1987 1107 2122 1169 ιιαῐὶ
2147 1124 2418 1186 porqono
2452 1108 2510 1168 si
2547 1122 2737 1186 qrave
2774 1106 3093 1184 scandalo,

512 1202 659 1246 sono
698 1185 780 1247 da
825 1186 1146 1263 reputarsi
1181 1186 1314 1247 tali.
1361 1211 1381 1237 ι
1439 1218 1516 1230 -
1559 1184 1628 1248 V.
1674 1185 1873 1265 OpuS,
1923 1125 1979 1250 lq
2019 1187 2207 1251 liberi
2263 1187 2594 1266 pensator-1·
2618 1234 2634 1255 ,
2676 1175 2978 1266 diatoqht.
3017 1222 3093 1234 —·

512 1263 793 1327 Modena.
838 1265 1004 1327 Nova
1052 1268 1388 1344 impiorum
1434 1274 1624 1340 secta,
1667 1270 1772 1345 qui
1819 1285 1898 1330 ex
1944 1268 2230 1347 professo
2299 1269 2470 1330 omni
2540 1267 2843 1346 religioni
2914 1266 3093 1330 vale·

512 1345 752 1407 dicunt.
782 1379 859 1392 —-
892 1343 1018 1407 Cio.
1054 1345 1237 1420 Cute„
1273 1363 1394 1408 ser.
1430 1346 1519 1420 6²,
1552 1356 1594 1409 t.
1641 1364 1709 1423 11,
1758 1364 1854 1423 ιιι,
1899 1365 1982 1425 vi,
2025 1359 2089 1411 et
2134 1349 2388 1426 passim.
2419 1381 2498 1391 —
2531 1345 2912 1421 Grosselini,
2956 1346 2989 1408 1
3025 1347 3092 1409 ti-

514 1422 648 1488 beri
686 1427 1006 1505 pausaturi
1044 1428 1112 1490 in
1153 1427 1679 1489 contraddizione.
1723 1427 1978 1504 Milan0,
2024 1427 2197 1493 1866.

593 1505 842 1568 1021.
886 1505 1287 1567 Haeretici
1340 1505 1907 1570 denuntiatio:
1950 1528 1998 1573 s.
2043 1509 2403 1588 Alphonsus
2446 1507 2514 1587 (l.
2560 1524 2659 1582 ιιι,
2726 1523 2788 1568 n.
2852 1508 2931 1572 27
2993 1507 3088 1570 di-

510 1587 779 1666 stinguit
823 1588 990 1648 inter
1038 1589 1371 1649 haereticos
1417 1588 1715 1650 formales
1760 1602 1823 1650 et
1866 1590 2071 1654 solum
2118 1596 2446 1669 suspectos
2491 1589 2570 1650 de
2618 1588 2894 1650 haeresi:
2941 1587 3089 1652 illos

512 1664 697 1730 docet
738 1667 1208 1730 denuntiandos
1251 1684 1389 1730 esse
1433 1685 1704 1747 semper,
1749 1678 1814 1731 et
1854 1686 1885 1731 a
1932 1670 2221 1751 quolibet
2262 1670 2454 1732 etiam
2495 1671 2976 1746 consanguineo
3009 1667 3088 1731 ob

514 1751 825 1810 rationem
871 1748 1015 1809 honi
1065 1748 1418 1810 communis
1462 1749 1657 1828 (quod
1721 1752 1915 1813 etiam
1971 1750 2316 1813 dicendum
2389 1757 2487 1811 est
2551 1748 2630 1810 de
2691 1745 3089 1812 carbonariis

509 1842 586 1887 ex
623 1827 1050 1891 declaratione
1086 1826 1142 1888 S.
1175 1827 1675 1891 Poenitentiariae
1716 1842 1790 1891 et.
1838 1830 2149 1908 dicendis,
2179 1829 2311 1895 Lib.
2353 1845 2437 1906 tv,
2483 1827 2895 1910 Append.25;
2933 1829 3089 1892 istos

510 1910 865 1984 generatim
911 1912 1231 1971 consentit
1296 1925 1421 1970 non
1465 1926 1604 1971 esse
1670 1908 2145 1974 denuntiandus
2207 1925 2348 1973 cnm
2413 1915 2592 1988 gravi
2660 1908 3085 1986 incommodo,

509 1991 651 2066 quia
716 1988 1069 2068 generatim
1135 1991 1514 2068 supponitur
1579 1991 1641 2051 in
1704 1992 1821 2053 bac
1892 1992 2037 2055 facti
2101 1992 2313 2069 specie
2369 1990 2590 2059 abesse
2669 1991 3088 2054 communita-

509 2069 590 2128 tis
647 2069 967 2131 damnum.
1039 2067 1239 2147 igitur
1301 2086 1374 2132 eo
1441 2074 1504 2131 in
1571 2086 1720 2134 casu
1783 2074 1936 2135 satis
1983 2071 2400 2153 probabiliter
2470 2086 2595 2131 non
2659 2069 2866 2132 solum
2936 2070 3084 2145 filii,

509 2163 635 2210 non
683 2150 886 2212 solum
931 2153 1236 2229 conjuges
1279 2165 1311 2211 a
1361 2150 1849 2213 denuntiatione
1893 2162 2326 2226 excusantur,
2374 2150 2484 2211 sed
2531 2151 2722 2212 etiam
2769 2152 3086 2228 sanguine

509 2230 829 2308 conjuncti
882 2243 1077 2311 usque
1120 2230 1197 2292 ad
1243 2242 1537 2309 quartum
1582 2232 1850 2310 gradum
1901 2233 2249 2304 inclusive;
2294 2231 2682 2294 denuntiare
2726 2232 2903 2292 enim
2952 2246 3087 2309 pro-

509 2311 679 2386 prios
700 2311 1070 2389 coniunctos
1102 2312 1268 2373 idem
1301 2321 1400 2373 est
1439 2328 1512 2374 ac
1556 2327 1748 2389 grave
1787 2313 2255 2376 incommodum
2302 2310 2536 2375 subire.
2571 2344 2649 2355 —
2677 2309 2765 2373 Ex
2811 2308 3088 2389 Synodis

510 2399 717 2451 tamen
765 2392 1158 2457 Dioecesanis
1201 2392 1320 2468 (uti
1368 2408 1449 2454 ex
1510 2391 1915 2471 Novariensi)
2000 2393 2463 2456 denuntiantur
2520 2395 2611 2453 nti
2672 2393 2953 2468 suspecti
3012 2383 3088 2453 de

509 2468 736 2533 haeresi
784 2472 1089 2552 Episcopo
1135 2470 1233 2535 vel
1278 2471 1560 2534 vicario:
1612 2473 1676 2550 1)
1719 2472 1828 2551 qui
1898 2474 2196 2537 Ecclesiae
2241 2479 2634 2554 potestatem,
2679 2472 2860 2544 ritus,
2919 2471 3090 2549 leges

507 2560 569 2612 et
615 2562 924 2632 praecepta
967 2561 1425 2632 aspernantur;
1466 2553 1531 2631 2)
1575 2556 1680 2631 qui
1727 2553 2135 2617 Sacramenta
2202 2566 2267 2616 et
2307 2568 2527 2615 eorum
2573 2567 2790 2624 usum,
2852 2555 3084 2613 oratio·

507 2646 638 2704 nes,
671 2633 1102 2711 indulgentias
1124 2642 1192 2695 et
1211 2633 1510 2713 suffragia
1542 2642 1934 2696 mortuorum
1963 2635 2237 2698 irrident
2259 2642 2323 2696 et
2352 2633 2860 2706 calumniantur;
2882 2631 2951 2710 3)
2978 2632 3086 2711 qui

508 2710 934 2790 blasphemias
994 2717 1058 2776 in
1130 2714 1369 2790 Deum,
1436 2716 1500 2775 in
1565 2712 1816 2776 Beatam
1877 2713 2241 2793 Virginem,
2300 2721 2489 2793 atque
2553 2713 2618 2773 in
2681 2709 2951 2774 Sanctos
3011 2727 3092 2774 ex

507 2793 726 2854 habitu
770 2802 834 2855 et
898 2804 1116 2874 pacato
1182 2796 1396 2864 animo
1452 2802 1793 2868 eructant;
1834 2795 1900 2872 4)
1944 2796 2050 2874 qui
2098 2805 2168 2857 ut
2207 2794 2366 2856 alios
2408 2792 2484 2856 ad
2540 2795 2743 2871 turpia
2791 2801 2858 2853 et
2903 2793 3087 2855 inho-

507 2883 680 2935 nesta
730 2876 1123 2951 pertrahant,
1166 2874 1386 2937 dicunt
1431 2875 1888 2952 impudicitiam
1939 2875 2032 2936 vel
2080 2891 2209 2937 non
2259 2890 2399 2936 esse
2447 2872 2683 2935 malum
2750 2872 2849 2934 vel
2899 2889 3083 2951 pror·

505 2969 610 3014 sus
655 2953 821 3028 leve;
862 2956 929 3035 5)
971 2958 1077 3036 qui
1125 2954 1271 3018 fidei
1318 2965 1382 3016 et
1426 2970 1671 3016 morum
1719 2954 2100 3031 rudimenta,
2145 2964 2332 3018 aetate
2380 2953 2625 3026 adulta,
2668 2951 2925 3014 discere
2972 2967 3078 3015 ne·

505 3033 787 3111 gligunt:
831 3051 903 3099 ac
946 3036 1227 3098 moribus
1274 3043 1399 3097 tam
1445 3035 1773 3097 dissolutis
1818 3037 2043 3097 vivunt
2086 3044 2156 3099 ut
2200 3035 2388 3096 fidem
2449 3035 2732 3096 exterius
2779 3033 3080 3096 interius·

509 3130 630 3193 que
685 3118 973 3178 amisisse
1034 3115 1382 3177 videantur
1429 3115 1605 3196 (paq.
1648 3115 1773 3194 24).
1818 3115 1994 3189 Quod
2033 3124 2246 3179 tamen
2292 3129 2433 3178 cunt
2481 3112 2975 3176 limitationibus
3018 3114 3083 3175 in

504 3203 679 3256 textu
723 3196 1027 3274 explicari
1070 3203 1338 3274 oportet.

584 3275 852 3338 102².
896 3274 1232 3337 Grande
1276 3274 1506 3338 Fidei
1546 3279 1972 3336 tutamen:
2018 3274 2121 3338 hic
2167 3275 2499 3353 praeterire
2562 3288 2690 3334 non
2750 3288 3088 3351 possumus

506 3353 738 3418 iactum
782 3367 1121 3432 constans,
1181 3373 1303 3436 quo
1372 3357 1531 3419 mire
1597 3356 1920 3418 validatur
1987 3353 2356 3433 temporalis
2416 3352 2716 3415 Romanae
2781 3352 3084 3415 Ecclesiae

508 3434 903 3515 Principatus
949 3438 1113 3516 apud
1160 3453 1404 3504 omnes.
1451 3439 1556 3515 qui
1603 3434 1981 3499 catholicam
2031 3434 2222 3498 fldem
2267 3433 2446 3520 cordi
2492 3432 2748 3496 babent.
2781 3432 2956 3506 Quod
2997 3434 3080 3495 ita

509 3523 769 3592 exponit
809 3518 885 3579 cl.
928 3516 1315 3586 Mazzarelli,
1360 3517 1413 3580 ll
1458 3516 1619 3580 buon
1662 3534 1771 3579 uso
1810 3516 1976 3578 della
2033 3515 2260 3594 Βορέω
2304 3530 2455 3588 ecc„
2499 3524 2542 3576 t.
2583 3531 2666 3584 tv,
2722 3530 2934 3591 opusc.
2975 3512 3085 3576 17:

517 3596 742 3660 ‹Nella
787 3600 1107 3661 sovranita
1153 3598 1254 3660 del
1295 3598 1454 3676 Papa
1502 3599 1562 3659 io
1607 3605 1785 3659 trovo
1831 3613 1916 3659 un
1962 3595 2207 3673 grande
2251 3593 2536 3656 ostacolo
2579 3594 2703 3655 alla
2773 3607 3077 3672 propaga-

505 3679 687 3740 zione
730 3678 1126 3742 dell'eresia.
1171 3679 1498 3748 Dovrebbe
1541 3681 1842 3755 cagionar
1886 3675 2157 3757 qualche
2212 3675 2589 3753 maraviglia
2659 3672 2766 3735 nel
2827 3674 3084 3766 leggere

510 3758 552 3820 il
594 3758 795 3822 catalo
843 3777 878 3822 o
921 3759 1093 3840 degli
1136 3761 1357 3822 eretici
1403 3777 1438 3820 e
1482 3757 1651 3820 delle
1693 3758 1903 3820 eresie
1945 3759 2062 3820 che
2105 3756 2161 3820 ci
2223 3755 2436 3818 hanno
2520 3755 2760 3818 lasciati
2830 3771 2849 3816 t
2913 3762 3081 3816 santi

508 3838 746 3910 lreneo,
790 3777 1081 3920 {pifanio
1125 3840 1203 3902 ed
1250 3839 1584 3916 Agostino;
1632 3838 1675 3900 il
1723 3837 1953 3899 vedere
1996 3852 2175 3900 come
2220 3852 2254 3897 a
2292 3835 2434 3915 que’
2481 3836 2675 3913 tempi
2723 3833 2811 3926 gli
2857 3834 3078 3896 eretici

506 3936 659 3981 sono
703 3923 848 3982 stati
898 3929 1073 3983 tanto
1120 3920 1226 4000 piu
1275 3919 1617 3990 numerosi,
1655 3918 1773 3980 che
1818 3933 1945 3979 non
1993 3918 2095 3979 nei
2143 3914 2339 3979 secoli
2400 3916 2762 3994 posteriori.
2803 3913 2896 3982 Ma
2944 3912 3083 3977 dac·

506 4001 622 4062 che
668 4002 684 4062 i
730 4000 877 4078 Papi
927 4000 1140 4063 hanno
1184 4008 1391 4062 esteso
1436 3999 1479 4060 il
1527 3997 1665 4060 loro
1711 3998 2062 4076 temporale
2126 3995 2448 4069 dominio,
2510 4011 2547 4059 e
2612 3991 3074 4082 specialmente

507 4084 608 4142 nei
658 4083 846 4160 tempi
896 4082 959 4143 in
1001 4081 1102 4143 cui
1148 4082 1268 4143 essi
1316 4096 1472 4142 sono
1514 4080 1660 4141 stati
1711 4078 1815 4157 piu
1862 4078 2049 4142 liberi
2095 4092 2131 4137 e
2180 4075 2592 4166 piuassolnti
2649 4090 2687 4136 e
2745 4075 2856 4153 pin
2903 4089 3068 4153 paci-

508 4161 605 4222 fici
648 4163 927 4236 sovrani‚
969 4163 1020 4224 si
1066 4162 1392 4224 osservera
1437 4160 1552 4222 che
1600 4159 1658 4221 le
1702 4160 1908 4221 eresie
1951 4174 1986 4220 e
2029 4156 2119 4236 gli
2163 4165 2390 4218 erettci
2440 4158 2814 4242 sone-“stati
2886 4169 3074 4218 meno

509 4240 846 4320 frequenti.
889 4242 976 4304 Ed
1021 4258 1171 4304 ecco
1216 4242 1256 4302 il
1308 4240 1575 4320 perche:
1622 4238 1726 4300 nel
1775 4248 1983 4316 tempo
2034 4237 2151 4299 che
2220 4238 2238 4299 i
2307 4239 2449 4315 papi
2516 4251 2641 4297 non
2706 4250 2905 4298 erano
2977 4250 3075 4297 so·

505 4324 709 4397 vrani,
753 4339 841 4388 un
881 4324 1120 4386 cretico
1163 4322 1552 4384 cominciava
1599 4337 1632 4383 a
1678 4320 2101 4383 disseminare
2159 4313 2217 4379 la
2286 4331 2398 4380 sua
2461 4316 2746 4379 dottr-ina
2813 4317 2875 4376 in
2939 4330 3066 4377 una

506 4400 750 4464 Diocesi
798 4414 1020 4546 tropxpo
1066 4411 1560 4482 impunemente.
1609 4399 2014 4480 lmperocche
2066 4412 2177 4477 per
2221 4395 2601 4488 reprimerlo
2646 4397 2705 4457 vi
2757 4411 2865 4458 era
2903 4392 3072 4457 biso·

506 4496 631 4560 gno
672 4499 709 4544 o
753 4482 855 4545 del
970 4498 1196 4546 escovo
1239 4498 1275 4544 o
1311 4483 1376 4544 di
1421 4479 1707 4544 Concilio
1754 4497 1789 4540 o
1835 4479 1939 4542 del
2000 4477 2186 4555 Papa.
2250 4474 2330 4538 Se
2397 4476 2442 4539 il
2504 4476 2790 4538 vescovo
2853 4483 3070 4553 poteva

509 4568 856 4640 reprimere
898 4566 1100 4624 costui
1148 4561 1315 4625 nella
1345 4578 1457 4624 sua
1503 4560 1748 4623 Diocesi
1787 4559 1853 4640 (e
1900 4575 2027 4621 non
2071 4571 2326 4635 sempre
2374 4556 2420 4618 il
2476 4553 2752 4637 poteva),
2793 4571 2924 4619 non
2967 4570 3074 4634 po·

510 4651 645 4704 teva
686 4644 836 4721 perc
882 4641 1191 4719 impedire
1233 4644 1352 4704 che
1397 4640 1685 4704 l'eretico
1731 4656 1860 4714 non
1908 4651 2197 4718 passasse
2239 4636 2318 4699 ad
2364 4636 2528 4700 altre
2569 4636 2839 4713 Diocesi,
2880 4650 2915 4697 e
2958 4634 3076 4698 che
