3292 5167
1202 277 1282 324 nr.
1322 277 1579 325 viarum
1623 279 1909 325 susurras
2737 257 2869 323 215

350 377 539 449 817.
591 381 665 461 Q.
712 378 775 446 3.
828 378 991 461 Quid
1025 378 1246 467 patria
1285 391 1578 468 potestas,
1611 400 1750 467 quoe
1780 382 1915 467 ejus
1934 383 2093 467 jura
2128 395 2185 449 et
2215 374 2520 480 quomodo
2551 382 2816 449 solvitur
2832 388 2876 448 P.

346 485 418 552 R.
463 483 567 553 Ad
619 487 692 553 1:
742 484 960 553 Patria
1008 491 1309 572 potestas
1359 493 1461 555 est
1510 486 1845 574 quoddam
1896 488 2082 573 quasi
2131 489 2464 577 imperium
2509 508 2553 555 a
2599 489 2726 575 teqe
2752 507 2868 575 pa·

264 592 534 659 mitibus
579 592 798 660 datum
842 603 973 659 tam
1015 593 1209 687 relate
1253 593 1339 662 ad
1383 593 1731 662 custodiam
1777 604 1832 660 et
1879 593 2300 662 educationem
2343 595 2640 682 filiorum,
2678 614 2869 683 quam

264 698 444 765 relate
488 698 580 765 ad
624 699 1084 784 mumtructum
1117 700 1422 768 bonorum
1453 699 1673 768 iisdem
1704 700 2214 789 competentium.-
2247 691 2695 787 congruenter
2742 701 2867 771 hac

262 809 591 891 potestate
641 804 929 892 gaudent
976 806 1316 892 genitores
1352 817 1494 875 tum
1528 794 1613 878 ob
1665 807 1865 875 vitam
1917 825 2113 894 quam
2148 806 2300 876 filiis
2336 806 2687 890 dederunt,
2725 815 2866 876 tum

264 913 341 982 ob
386 911 862 983 educationem
894 907 1112 1000 ‘quam
1163 914 1290 984 illis
1342 912 1607 984 debent.
1657 918 1738 982 Et
1787 916 1954 1003 patri
2005 921 2070 984 et
2120 914 2315 983 matri
2364 915 2672 984 convenit
2719 916 2866 985 haec

262 1027 554 1106 potestas
589 1023 767 1107 Lege
803 1028 1054 1091 naturae
1103 1022 1434 1109 inspecta3
1483 1029 1772 1092 attamen
1824 1023 1967 1110 lege
2016 1023 2185 1092 civili
2236 1022 2404 1110 patri
2439 1022 2862 1092 solummodo

261 1127 469 1214 primo
538 1127 860 1197 tribuitur
919 1135 1156 1216 utpote
1203 1128 1467 1198 familiae
1518 1130 1754 1217 capiti;
1803 1138 2015 1200 mater
2060 1137 2281 1199 autem
2329 1130 2594 1199 nonnisi
2641 1130 2707 1197 in
2752 1148 2865 1216 pa-

258 1235 369 1304 tris
417 1234 687 1316 defectu
737 1236 859 1305 hac
908 1244 1240 1326 potestate
1290 1236 1530 1324 gaudet
1579 1239 1739 1322 (art.
1789 1241 1874 1329 46
1924 1245 1990 1308 et
2036 1240 2215 1326 220).

337 1346 410 1413 R.
458 1343 563 1412 Ad
612 1346 698 1411 2:
745 1346 1037 1415 Effectus
1086 1344 1319 1433 patriae
1370 1337 1721 1433 potestatis
1770 1345 1877 1413 alii
1927 1353 2083 1425 sunt
2130 1364 2163 1413 a
2209 1349 2368 1414 Jure
2420 1354 2698 1427 naturae,
2752 1344 2858 1414 alii

255 1467 287 1517 a
328 1454 489 1521 Jure
548 1451 746 1521 civili.
792 1456 951 1521 Jure
980 1465 1229 1522 naturoe
1262 1461 1570 1540 parentes
1610 1453 1852 1523 habent
1878 1455 1989 1540 jus
2025 1460 2089 1523 et
2125 1453 2418 1523 officium
2466 1453 2662 1523 simul
2704 1451 2861 1521 edu·

256 1556 464 1643 candi,
517 1558 913 1628 instituendi
964 1567 1031 1628 et
1078 1559 1453 1652 corrigendi
1507 1578 1625 1647 per
1673 1559 2044 1629 moderatas
2091 1578 2322 1648 poenas
2366 1578 2525 1628 suos
2575 1559 2770 1629 filios,

336 1669 497 1734 Jure
542 1684 700 1735 vero
747 1667 923 1734 civili
969 1665 1115 1736 haec
1164 1668 1438 1737 habent:
1492 1667 1560 1750 1)
1609 1667 1829 1754 quoad
1879 1667 2170 1737 filiorum
2216 1669 2412 1752 bona,
2463 1674 2539 1736 ut
2593 1664 2716 1753 ipsi
2781 1684 2858 1736 ea

266 1771 776 1856 administrent,
825 1780 892 1841 et
939 1791 1172 1843 eorum
1220 1775 1707 1845 usumfructum
1756 1773 2165 1862 percipiant,
2214 1777 2338 1845 sub
2388 1775 2586 1844 certis
2637 1778 2856 1842 tamen

256 1880 495 1966 regulis
545 1897 632 1949 ex
702 1898 903 1967 supra
952 1853 1193 1964 dictis;
1222 1883 1292 1967 2)
1342 1888 1689 1968 acceptant
1738 1881 2162 1951 haereditates
2212 1882 2363 1951 filiis
2410 1882 2661 1951 delatas
2704 1899 2856 1950 cum

260 1986 585 2058 beneficio
636 1985 1015 2070 inventarii;
1066 1988 1217 2057 illos
1261 1996 1743 2074 repraesentant
1771 1986 1834 2056 in
1887 1989 2198 2057 omnibus
2233 1989 2489 2058 actibus
2530 1988 2852 2072 civilibu8‚

265 2102 318 2163 et
348 2113 422 2163 ea
474 2093 704 2164 omnia
749 2094 957 2164 libere
1004 2096 1409 2182 agunt,{quae
1460 2115 1591 2166 non
1644 2095 1970 2165 excedunt
2018 2096 2388 2182 simplicem
2438 2095 2854 2165 administra·

267 2202 521 2270 tionem.
578 2202 769 2283 Quod
816 2203 871 2270 si
923 2202 1263 2286 excedant,
1313 2205 1407 2271 uti
1458 2210 1636 2273 esset
1686 2204 1993 2287 alienare,
2042 2204 2329 2273 mutuari
2382 2203 2652 2273 nomine
2685 2202 2854 2271 filio·

260 2329 408 2395 rom,
459 2318 615 2393 etc„
669 2317 868 2395 tunc,
916 2318 990 2379 ut
1036 2311 1244 2380 valide
1284 2329 1477 2397 agere
1524 2313 1807 2405 possint,
1866 2313 2264 2400 requiritur.
2293 2311 2561 2381 evidens
2601 2310 2850 2380 utilitas

256 2419 532 2488 filiorum
602 2425 668 2488 et
718 2420 1065 2497 tribunalis
1114 2421 1543 2490 auctorizatio
1574 2423 1727 2506 (ort.
1777 2422 1958 2508 224).
2003 2421 2310 2490 Attamen
2359 2419 2539 2498 addit
2589 2418 2845 2489 Codex:

252 2529 360 2594 Per
390 2527 458 2593 la
486 2527 860 2593 risco-ssione
905 2527 1003 2594 dei
1046 2527 1333 2614 capitali,
1382 2546 1416 2593 o
1455 2547 1573 2614 per
1618 2528 1682 2595 la
1726 2528 1976 2597 vendita
2019 2528 2085 2595 di
2130 2528 2315 2616 effetti
2349 2527 2562 2595 mobili
2593 2527 2851 2613 soqqetti

248 2651 287 2699 o
306 2631 827 2704 deterioramento,
859 2634 1105 2701 bacterii
1131 2634 1686 2703 l'autorizzazione
1714 2634 1812 2703 del
1832 2646 2081 2723 pretore
2104 2655 2146 2702 a
2167 2634 2528 2703 condizione
2557 2634 2623 2701 di
2644 2652 2849 2700 nuovo

248 2739 528 2826 impiam,
581 2740 646 2806 la
690 2740 795 2806 cui
838 2740 1167 2807 sicurezza
1210 2742 1309 2808 sia
1353 2742 1771 2842 riconosciuto
1817 2741 1925 2809 dal
1959 2753 2207 2830 pretore
2249 2753 2437 2830 stesso
2484 2741 2632 2827 (art.
2667 2739 2848 2825 224);

250 2847 321 2934 3)
381 2845 612 2934 quoad
658 2846 947 2916 filiorum
990 2866 1330 2934 personaS,
1378 2848 1493 2917 filii
1562 2856 1898 2936 nequeunt
1947 2849 2255 2919 deserere
2303 2847 2574 2917 domum
2634 2853 2848 2934 pater-

250 2971 390 3022 nam
436 2952 586 3022 sine
634 2954 843 3040 patris
890 2973 1242 3039 consensu,
1295 2955 1418 3025 nisi
1469 2964 1699 3042 agatur
1745 2955 1828 3025 de
1875 2974 2115 3025 nomen
2165 2955 2379 3024 dando
2429 2953 2682 3022 militiae
2734 2971 2844 3021 na-

250 3059 466 3130 tionali
519 3060 571 3128 ¹.
609 3061 733 3142 Qui
770 3079 1140 3131 consensus
1176 3062 1538 3149 requiritur
1570 3081 1859 3149 quoque,
1907 3064 1962 3132 si
1999 3064 2235 3132 tertius
2292 3062 2449 3131 velit
2484 3062 2634 3129 illos
2681 3059 2843 3129 ado-

250 3176 465 3254 ptare,
534 3169 641 3238 vel
687 3168 814 3256 ipsi
879 3169 1079 3238 velint
1150 3171 1646 3239 matrimonium
1696 3172 2111 3254 contrahere,
2161 3169 2456 3239 nondum
2506 3168 2839 3254 completo

249 3292 410 3346 anno
460 3278 551 3344 25
600 3276 655 3344 si
705 3277 1003 3360 masculi,
1052 3280 1129 3345 21
1184 3279 1239 3346 si
1282 3278 1573 3346 roeminae
1612 3280 1766 3362 (art.
1802 3280 1906 3360 63,
1946 3280 2097 3360 208,
2131 3279 2429 3363 221);1ι)
2481 3282 2703 3362 potest
2736 3293 2842 3361 pa-

249 3389 344 3451 ter
387 3391 621 3470 petere
669 3400 705 3450 a
761 3383 934 3453 civili
984 3384 1318 3468 tribunali,
1368 3393 1441 3453 ut
1488 3386 1542 3454 si
1608 3385 1723 3453 filii
1773 3386 1904 3453 sint
1950 3384 2455 3471 incorrigibiles,
2506 3384 2842 3452 collocen-

257 3497 363 3560 tur
407 3491 477 3559 in
528 3492 754 3578 aliquo
805 3491 1216 3562 educationis
1265 3494 1365 3563 vel
1413 3493 1849 3561 correctionis
1893 3493 2197 3561 instituto
2252 3495 2403 3577 (ort.
2439 3493 2619 3578 222).

326 3598 533 3667 Addit
580 3597 809 3667 Codex
858 3598 1015 3668 cim:
1061 3604 1148 3667 Le
1193 3599 1599 3687 disposizioni
1645 3601 1742 3667 clei
1783 3600 2128 3687 precedenti
2172 3601 2421 3668 articoli
2456 3620 2606 3666 sono
2641 3599 2843 3683 appli-

246 3704 417 3771 cabili
461 3705 601 3771 alla
645 3704 860 3771 madre
891 3698 998 3773 che
1030 3707 1288 3773 esercita
1332 3706 1397 3772 la
1419 3707 1638 3794 patria
1668 3705 1921 3793 podest&
1954 3707 2101 3792 (art.
2135 3707 2316 3792 231).
2351 3709 2580 3773 Potest
2617 3710 2833 3774 tamen

249 3811 333 3878 vir
376 3819 812 3894 testamentO,
848 3812 960 3881 'vel
1008 3813 1136 3880 alio
1186 3821 1334 3881 actu
1384 3814 1787 3896 authentico,
1827 3813 2243 3882 conditiones
2279 3826 2614 3899 apponere
2650 3810 2835 3878 uxori

245 3917 582 4001 superstiti
636 3918 858 4004 quoad
906 3918 1365 3988 educationem
1401 3927 1466 3987 et
1501 3919 2137 3988 administrationem
2200 3918 2532 3998 filiorum,
2585 3934 2733 4002 quae
2783 3917 2836 3983 si

244 4020 387 4088 velit
435 4022 521 4089 ah
574 4021 704 4090 illis
753 4021 1146 4108 dispensari,
1199 4023 1598 4092 audiendum
1646 4032 1747 4093 est
1796 4022 2427 4093 consiliumfamilias
2469 4023 2619 4105 (art.
2654 4021 2833 4104 235).

320 4130 389 4195 R„
437 4128 542 4196 Ad
575 4131 643 4196 3:
695 4132 823 4198 Pro
876 4138 1080 4215 parte,
1116 4150 1245 4216 qua
1280 4132 1487 4217 patria
1531 4139 1827 4216 potestas
1864 4131 2098 4199 nititur
2126 4134 2285 4198 Jure
2321 4127 2625 4208 naturali,
2661 4146 2829 4195 nun-

249 4249 436 4317 quam
485 4234 908 4318 dissolvitur3
956 4236 1106 4305 ideo
1145 4256 1295 4306 cum
1330 4239 1543 4306 officia
1590 4238 1888 4322 honoris,
1923 4237 2189 4319 amoriS,
2224 4233 2609 4303 reverentiae
2659 4234 2832 4303 filio-

250 4356 383 4407 rum
456 4360 614 4427 erga
680 4351 990 4428 parentes
1039 4344 1339 4412 oriantur
1387 4343 1723 4431 praecipue
1772 4362 1854 4412 ex
1911 4347 2067 4412 Jure
2129 4340 2451 4424 naturali,
2518 4349 2830 4427 perpetua

248 4452 409 4513 sunt.
459 4449 540 4516 At
588 4466 715 4535 pro
764 4467 839 4517 ea
888 4458 1071 4536 parte
1120 4469 1253 4537 qua
1303 4450 1445 4518 haec
1496 4457 1791 4537 potestas
1839 4450 2146 4518 innititur
2171 4452 2327 4516 Jure
2370 4448 2559 4531 civili,
2596 4446 2828 4516 dissol-

253 4552 435 4620 vitur:
494 4557 562 4643 1)
627 4557 687 4625 si
736 4557 910 4626 filius
958 4558 1387 4644 compleverit
1435 4577 1682 4626 annum
1730 4561 1836 4641 21,
1887 4558 1952 4625 id
1999 4565 2100 4626 est
2149 4558 2264 4625 fiat
2327 4563 2520 4625 aetate
2584 4557 2828 4640 maj0r3

303 4730 323 4771 ¹
356 4734 411 4785 V.
442 4735 581 4815 Lepe-
608 4737 677 4787 20
709 4736 880 4788 martii
917 4737 1065 4801 18543
1101 4738 1154 4788 et
1183 4738 1386 4790 Decret.
1417 4739 1475 4789 31
1515 4736 1690 4789 martii
1727 4738 1866 4789 1855.
