3292 5167
487 245 623 312 486
1222 269 1332 315 un.
1384 271 1446 316 ιι.
1495 272 1711 318 τιιΑοτ.
1752 270 1855 316 vn.
1905 267 2017 318 ms.
2069 269 2132 318 ιι.
2173 272 2303 319 car.
2353 273 2394 318 ι.

1094 517 1128 601 S
1175 518 1253 585 ΙΙ.
1303 554 1390 568 —-
1436 522 1527 587 De
1569 515 1852 602 suicidio,
1900 519 2103 590 duello
2148 531 2205 587 et
2247 520 2487 588 abonu.
2582 577 2601 596 .

575 785 781 853 70¹2.
834 788 907 867 Q.
960 788 1016 852 l.
1066 787 1167 854 An
1212 787 1541 853 suicidium
1589 788 1671 856 sit
1719 788 2002 858 licitum?
2444 845 2449 850 .
2806 849 2813 854 .

589 895 658 961 R.
703 894 972 986 Absque
1019 891 1234 960 divina
1282 895 1676 964 auctoritate
1724 896 1905 965 nefas
1940 903 2040 964 est
2074 897 2369 982 seipsum
2402 895 2651 965 directe
2686 896 3099 967 interficere:

479 1008 589 1068 est
651 1007 875 1068 contra
949 1000 1256 1082 StoicOS,
1309 1019 1595 1086 quorum
1646 999 1942 1071 errorem
1994 1004 2216 1087 plures
2264 1022 2347 1071 ex
2395 1003 2733 1072 modernis
2785 1003 3076 1089 pseudo-

491 1106 906 1194 philosophis
935 1107 1301 1176 instaurare
1328 1109 1545 1176 conati
1599 1116 1776 1193 sunt,
1812 1110 2182 1196 praesertim
2226 1110 2709 1196 Montesquieu,
2744 1113 3083 1179 Rousseau

489 1223 556 1284 et
589 1183 890 1284 ‘Voltaire
939 1215 1077 1302 (qui
1132 1223 1347 1284 tamen
1390 1235 1520 1285 non
1571 1235 1837 1304 semper
1881 1219 2004 1314 sibi
2047 1225 2201 1287 sunt
2236 1216 2779 1304 consentientes).
2819 1218 2891 1286 ld
2924 1236 3083 1287 sane

485 1331 811 1409 repugnat
851 1324 1147 1392 charitati
1201 1342 1350 1409 erga
1389 1324 1704 1410 seipsum,
1746 1332 1811 1395 et
1852 1334 1952 1394 est
1987 1327 2271 1410 graviter
2312 1325 2707 1411 injuriosum
2748 1332 2881 1412 tam
2915 1328 3084 1407 Deo,

488 1432 599 1517 qui
659 1431 842 1500 solus
906 1439 1008 1499 est
1071 1431 1362 1500 directus
1411 1440 1476 1501 et
1525 1433 1873 1502 absolutus
1921 1433 2230 1501 dominus
2280 1433 2430 1500 vitae
2480 1433 2846 1513 humanae;.
2881 1451 3077 1519 quam

491 1539 790 1608 societati
831 1547 899 1607 et
929 1539 1341 1626 reipublicae,
1377 1537 1526 1625 quae
1565 1539 1809 1628 injuste
1854 1560 1970 1628 per
2002 1540 2353 1609 suicidium
2387 1541 2679 1626 privatur
2711 1557 2829 1608 sua
2868 1548 3081 1626 parte,

487 1664 605 1715 seu
641 1648 811 1715 cive:
865 1647 950 1713 ita
985 1645 1337 1731 Angelicus
1376 1649 1420 1713 ¹.
1459 1649 1596 1715 Hoc
1633 1647 2026 1732 prohibetur
2059 1647 2342 1731 generali
2383 1648 2493 1714 illo
2532 1652 2911 1733 praecepto:
2950 1667 3077 1714 non

482 1754 736 1822 occides
782 1757 993 1840 Neque
1023 1755 1205 1836 enim,
1248 1755 1336 1820 ait
1368 1755 1796 1839 AugustinuS‚
1827 1755 1935 1840 qui
1964 1776 2028 1822 se
2057 1754 2292 1838 occidit,
2332 1754 2511 1826 aliud
2540 1775 2732 1840 quam
2763 1755 3069 1823 hominem

488 1861 704 1927 occidit
754 1855 810 1926 ²:
862 1867 926 1929 et
967 1859 1201 1929 haeresi
1254 1861 1340 1929 69
1389 1860 1559 1929 inter
1593 1861 1945 1930 haereticos
1982 1867 2285 1929 recenset
2317 1861 2927 1944 Circumcelliones,
2964 1859 3081 1946 qui

487 1967 716 2034 insana
790 1968 1047 2060 feritate
1118 1987 1189 2037 se
1267 1968 1448 2054 ipsos
1498 1969 1914 2060 occidebant,
1961 1976 2027 2036 et
2075 1968 2239 2037 alios
2288 1968 2367 2038 ad
2416 1967 2479 2036 id
2531 1968 2952 2037 inducebant.
3000 1966 3073 2035 ld

489 2074 707 2160 ipsum
768 2074 1024 2143 erudite
1067 2075 1314 2163 probat
1364 2094 1549 2144 more
1597 2095 1720 2144 suo
1771 2076 1849 2144 cl.
1901 2077 2254 2162 episcopus
2306 2077 2516 2144 Scotti
2566 2077 2629 2144 in
2680 2077 2819 2145 suis
2875 2077 3067 2144 Theo-

493 2184 847 2250 rematibus.
877 2184 1026 2268 *Ipsi
1079 2184 1357 2270 gentiles
1408 2184 1534 2252 hoc
1581 2183 1799 2253 scelus
1849 2183 2153 2253 detestati
2205 2191 2395 2265 sunt3
2445 2183 2745 2251 audiatur
2784 2182 3071 2251 Tullius:

481 2290 620 2357 Piis
672 2283 956 2357 omnibus
1006 2292 1360 2358 retinendas
1412 2304 1502 2358 est
1553 2293 1807 2358 animus
1863 2292 1932 2359 in
1985 2293 2263 2359 custodia
2297 2292 2608 2379 corporis;
2663 2312 2778 2362 nec
2831 2291 3077 2377 injussu

473 2398 656 2484 ejuS,
707 2416 748 2464 a
793 2417 912 2482 quo
957 2398 1061 2464 ille
1105 2399 1273 2465 vobis
1318 2411 1403 2464 est
1449 2398 1652 2484 datm,
1702 2420 1786 2465 ex
1833 2400 2155 2466 hominum
2203 2401 2329 2464 vita
2374 2395 2777 2484 viiqrandum
2824 2409 2957 2484 est,
3002 2416 3075 2466 ne

485 2524 715 2570 munus
762 2495 1107 2572 humanum
1154 2506 1545 2591 assiqnatum
1590 2526 1632 2573 a
1680 2509 1805 2574 Deo
1853 2505 2157 2592 defuqisse
2206 2506 2542 2574 videa-mini
2590 2505 2640 2572 ³.

575 2611 740 2679 Hinc
795 2611 901 2679 lex
956 2610 1402 2680 ecclesiastica
1460 2613 1668 2697 privat
1729 2612 2046 2706 suicidam
2095 2631 2277 2691 sacra
2326 2613 2664 2698 sepultura
2714 2630 2793 2681 ex
2840 2607 3081 2679 Rituala‘

487 2721 800 2786 Romano:
850 2738 999 2805 quae
1051 2727 1268 2789 tamen
1321 2738 1511 2807 poena
1562 2739 1679 2789 eos
1730 2740 1859 2790 non
1895 2723 2379 2810 complectitur,
2415 2722 2523 2809 qui
2562 2722 2807 2803 furore,
2855 2737 3076 2786 amen-

484 2827 572 2895 tia
608 2836 720 2894 aut
765 2827 1070 2912 phrenesi
1111 2847 1232 2913 per
1261 2828 1712 2914 gravissimam
1746 2830 1982 2898 animae
2021 2830 2354 2899 tristitiam
2398 2830 2666 2912 turbati.
2711 2828 2912 2895 vitam
2950 2826 3071 2895 sibi

482 2935 888 3021 eripuerunt,
954 2935 1051 3004 vel
1100 2935 1396 3023 quiante
1445 2900 1730 3004 mortem
1768 2936 2143 3005 doluerunt.
2178 2939 2341 3005 Item
2392 2936 2589 3004 hodie
2622 2934 2898 3002 invaluit
2936 2950 3079 3020 pra·

487 3042 612 3125 xiS‚
664 3050 736 3111 ut
787 3042 848 3111 in
899 3042 1124 3126 dubio,
1173 3061 1251 3112 an
1305 3042 1452 3129 quis
1486 3043 1566 3112 ab
1600 3044 1729 3112 alio
1764 3044 1859 3112 vel
1911 3063 1945 3111 a
2002 3063 2073 3113 se
2122 3044 2269 3130 ipso
2310 3051 2582 3113 necatus
2632 3041 2739 3124 sit,
2788 3059 2869 3107 an
2898 3039 3075 3108 deli-

480 3151 707 3221 berate
741 3152 841 3220 vel
877 3171 957 3221 ex
988 3153 1206 3221 animo
1245 3153 1507 3220 turbato
1548 3152 1671 3220 sibi
1711 3159 1993 3242 mortem
2026 3151 2343 3234 intulerit,
2378 3152 2719 3238 sepultura
2757 3149 3079 3218 ecclesia-

485 3259 648 3329 stica
712 3280 842 3330 non
905 3261 1215 3348 privetur.
1263 3261 1428 3328 Nam
1476 3262 1724 3329 crimen
1776 3267 1910 3330 tam
1952 3269 2147 3329 atrox
2197 3268 2263 3328 et
2310 3267 2537 3328 contra
2590 3265 2889 3326 naturam
2941 3271 3072 3324 non

487 3371 915 3456 praesumitur
968 3369 1329 3439 deliberate
1399 3370 1691 3456 positum
1751 3369 1832 3438 ad
1881 3371 2186 3438 ultimum
2237 3368 2469 3438 alitum
2519 3368 2713 3450 vitae,
2765 3366 2889 3435 nisi
2942 3364 3076 3434 sint

479 3476 720 3546 indicia
771 3478 1299 3546 manifestissima
1350 3475 1399 3545 ⁴.

570 3582 774 3645 2⁰8·
827 3588 898 3667 Q.
947 3588 1007 3652 2.
1055 3588 1156 3679 Αῃ
1204 3586 1382 3653 liceat
1429 3586 1723 3676 mutilare
1768 3586 1998 3671 seipsos
2026 3592 2058 3652 Ρ

570 3696 642 3762 Β.
705 3693 1043 3778 Negative:
1113 3694 1236 3761 nisi
1282 3691 1363 3760 ad
1412 3691 1982 3762 conservationem
2034 3691 2239 3759 totius
2289 3690 2589 3777 corporis
2639 3688 2725 3756 sit
2775 3702 3083 3756 necessa·

481 3800 686 3881 rium3
753 3797 951 3887 idque
1000 3801 1256 3869 etiamsi
1307 3800 1419 3868 fiat
1466 3799 1547 3867 ad
1600 3799 1909 3867 tuendam
1956 3799 2332 3869 castitatem
2380 3807 2445 3867 et
2492 3795 2816 3865 sedandas
2868 3801 3077 3862 tenta-

477 3908 719 3978 tiones.
786 3909 983 3977 Solus
1048 3909 1221 3977 enim
1286 3909 1463 3975 Deus
1526 3913 1628 3975 est
1690 3905 1840 3973 vitae
1894 3906 2201 3974 humanae
2251 3906 2560 3974 dominus
2611 3903 2958 3976 absolutus
3009 3906 3079 3969 et

480 4016 810 4099 directus;
850 4016 1050 4084 homo
1103 4031 1255 4084 vero
1307 4034 1437 4083 non
1488 4014 1710 4108 hahet,
1761 4013 1883 4083 nisi
1935 4014 2440 4083 convenientem
2487 4027 2701 4080 usum.

480 4244 624 4297 obhll
663 4244 774 4295 arlo
823 4246 870 4295 al
905 4247 1126 4297 servizio
1171 4243 1415 4305 militare,
1460 4253 1569 4296 nou
1620 4243 1759 4294 v'ha
1803 4242 2026 4304 dubbio,
2062 4243 2160 4295 che
2191 4243 2229 4295 ll
2260 4241 2424 4307 parire
2459 4253 2552 4307 per
2584 4242 2789 4292 ottener
2829 4236 3075 4301 giustizia

477 4319 511 4357 e
545 4255 800 4379 redimere
850 4310 1133 4371 l’lnglusta
1177 4318 1503 4380 vessazione,
1555 4306 1809 4378 potrebbe
1852 4307 1949 4357 dar
2002 4307 2117 4357 loro
2148 4309 2353 4378 quanto
2379 4363 2383 4368 ,
2408 4303 2807 4377 desider-assero
2847 4311 2942 4362 per
2994 4298 3073 4348 d}-

481 4370 724 4421 chiarare
756 4371 789 4419 il
842 4370 1001 4433 figito,
1052 4373 1225 4434 giusto
1260 4371 1311 4421 la
1341 4369 1528 4431 verite,
1561 4369 1776 4419 inabile.
1814 4388 1831 4408 ·
1860 4370 2185 4428 Frassinettr,
2205 4365 3075 4431 Compendweec.,nissertaz.v11.

509 4453 512 4458 ·
543 4431 565 4471 ¹
600 4435 647 4491 2,
681 4436 730 4492 2,
806 4474 816 4484 .
853 4435 932 4494 74,
969 4447 1017 4485 a.
1051 4436 1098 4485 5.
1143 4459 1194 4468 -
1237 4434 1288 4482 V.
1326 4433 1556 4494 Liguon,
1595 4432 1688 4494 Op.
1724 4432 1881 4491 Mor„
1917 4432 1951 4482 l.
1988 4444 2065 4492 ιιι,
2101 4442 2191 4481 nn.
2227 4433 2322 4482 366
2353 4431 2405 4480 et
2436 4440 2588 4493 seqq.

543 4493 711 4545 ²1.st
796 4497 961 4547 ecio.
1003 4495 1176 4558 Dei‚l.
1217 4508 1253 4546 ιι
1310 4505 1356 4544 c.
1392 4497 1472 4546 20.
1562 4521 1573 4531 ·
2705 4551 2714 4561 ,

542 4557 564 4597 ⁸
601 4557 670 4606 De
705 4557 930 4617 flevum„
963 4559 998 4609 ι.
1035 4571 1101 4610 v1.
1141 4583 1203 4595 -
1243 4530 1297 4606 θ.
1335 4556 1617 4619 ‘raptu-em,
1654 4556 1831 4616 saffo
1864 4557 2120 4614 tooretrco,
2155 4566 2208 4604 n.
2238 4553 2352 4614 270,
2388 4552 2478 4605 ubi
2514 4551 2673 4603 refert
2702 4548 2831 4600 mad
2880 4548 3073 4599 socra-

476 4616 547 4670 tis
581 4618 635 4668 in
669 4617 972 4673 Phoedone:
1011 4617 1112 4671 Not
1140 4622 1303 4671 stamo
1335 4621 1423 4681 qui
1449 4620 1588 4681 posti
1616 4620 1756 4679 dauza·
1791 4619 1878 4668 Dea·
1906 4620 2055 4681 quasi
2086 4617 2387 4677 sentineue,·
2439 4628 2504 4666 or
2535 4615 2590 4665 la
2636 4612 2916 4665 meniana
2959 4619 3069 4680 quon

463 4680 582 4744 Jmo
617 4684 873 4732 mnoversi
903 4683 991 4732 dal
1021 4687 1165 4743 posto
1198 4693 1354 4731 senza
1384 4682 1582 4730 licmza
1609 4682 1694 4732 del
1724 4681 1981 4742 capitano.

545 4743 568 4784 ⁴
613 4743 665 4794 V.
699 4744 857 4794 Plura
891 4743 993 4793 hac
1024 4744 1090 4796 de
1122 4755 1178 4795 re
1211 4742 1325 4794 Lib.
1359 4754 1431 4803 w,
1466 4743 1695 4806 Append.
1731 4742 1797 4792 de
1828 4742 2187 4793 ecclesiastica
2222 4740 2515 4803 sepultura.
