3292 5167
973 281 1049 329 or.
1097 283 1274 329 virus
1322 280 1622 329 neronom
1673 282 1978 329 orrosms
2672 264 2762 330 83

196 387 294 442 stat
323 376 477 440 illud
529 380 786 446 babere
830 384 922 447 uti
971 385 1329 447 immissum
1373 401 1405 446 a
1452 384 1779 458 daemone3
1829 385 1977 463 quia
2035 383 2204 447 Deus
2270 400 2413 446 cum
2480 387 2771 450 immittit

205 459 427 532 somnia,
476 462 680 544 simul
730 463 946 527 reddit
989 465 1317 528 bominem
1361 471 1629 541 certum,
1660 463 1759 526 vel
1799 465 1978 544 quasi
2020 474 2269 528 certum
2301 464 2469 544 quod
2502 465 2579 528 ab
2629 473 2764 546 ipso

209 540 302 604 Deo
338 540 462 603 sint
507 542 833 607 immissa.
1803 595 1810 604 .
2401 597 2406 602 .

276 679 432 748 iu.
482 678 559 757 Q.
609 679 676 743 5.
725 678 890 758 Quid
931 677 1256 746 dicendum
1301 679 1377 745 de
1417 679 1837 746 chiromantici
1881 691 1936 744 et
1980 677 2373 763 astroloqia?

279 786 338 851 R.
379 782 471 850 Ad
522 784 588 849 1:
639 785 865 852 Multis
914 784 1153 852 abhinc
1201 786 1468 853 saeculis
1519 785 2090 870 circumvagantur
2138 783 2254 850 viri
2303 792 2502 870 atque
2541 784 2772 852 mulie-

220 909 320 972 res,
358 890 541 975 vulgo
586 890 878 976 zinqari:
924 908 1084 976 gens
1133 898 1237 960 est
1282 891 1703 977 vagabunda,
1757 909 2006 972 socorS,
2060 908 2293 976 rapax,
2345 891 2567 972 ferox,
2617 909 2766 976 quae

221 996 475 1067 abludia
520 997 619 1065 vel
667 998 949 1083 AEgypto
1017 1016 1135 1084 per
1200 1005 1405 1066 totam
1468 999 1803 1084 Europam
1860 998 2110 1066 saeculo
2168 1000 2281 1066 XV
2344 997 2769 1064 disseminata

224 1112 318 1175 est.
358 1104 464 1186 Qui
512 1104 713 1190 impie
749 1104 1074 1190 jactitant,
1124 1124 1197 1173 se
1230 1106 1473 1173 bonam
1513 1106 1611 1174 vel
1644 1106 1887 1173 malam
1921 1106 2377 1191 quuscunque
2436 1105 2764 1172 fortunam

224 1214 508 1282 vaticinari
559 1232 637 1281 ex
689 1214 1244 1282 lineamentorum
1310 1214 1376 1282 in
1424 1214 1684 1295 fronte,
1759 1214 1823 1281 in
1889 1215 2053 1283 facie
2126 1230 2201 1282 ac
2266 1215 2636 1300 praesertim
2702 1213 2767 1280 in

221 1320 476 1389 manibus
524 1320 936 1405 inspectione
988 1320 1036 1388 ¹.
1083 1358 1174 1368 —
1222 1325 1403 1389 Hanc
1451 1319 1732 1389 dicimus
1785 1338 1933 1389 esse
1982 1338 2205 1388 veram
2261 1320 2552 1406 speciem
2603 1319 2768 1387 divi*

220 1427 480 1509 nationis,
523 1426 810 1514 ideoque
857 1445 998 1496 rem
1047 1446 1320 1515 prorsus
1372 1428 1749 1508 nefandam3
1799 1446 1948 1515 quae
1999 1427 2175 1495 enim
2224 1426 2567 1513 proportio
2634 1421 2767 1493 m'e-

218 1534 438 1601 diorum
481 1534 558 1601 ad
604 1533 852 1602 finem?
897 1533 1072 1602 unde
1121 1534 1403 1620 graviter
1451 1541 1726 1621 peccant
1798 1536 1908 1620 qui
1972 1542 2102 1602 tam
2152 1533 2485 1602 horridam
2556 1540 2765 1603 artem

221 1648 500 1724 exercent,
547 1641 744 1710 etiam
793 1643 1047 1710 ratione
1096 1642 1385 1710 scandali
1435 1641 1487 1707 ¹.
1535 1642 1659 1724 Qui
1710 1650 1931 1710 autem
1993 1640 2266 1711 eosdem
2325 1640 2568 1709 adeunt
2624 1658 2766 1707 ma-

220 1766 325 1816 nus
365 1747 434 1815 iis
477 1748 923 1829 ostendenteS,
975 1757 1046 1816 ut
1092 1749 1336 1816 bonam
1383 1748 1484 1817 vel
1534 1739 1772 1816 malam
1820 1749 2154 1817 fortunam
2190 1765 2376 1816 suam
2431 1745 2585 1816 inde
2633 1747 2768 1815 edi-

221 1861 390 1936 scant,
427 1861 692 1940 peccant
727 1855 1096 1923 mortaliter
1128 1856 1280 1941 (nisi
1317 1855 1708 1941 simplicitas
1756 1862 1870 1923 aut
1905 1855 2167 1924 inscitia
2203 1857 2529 1940 excuset),
2569 1856 2620 1923 si
2658 1855 2766 1948 fir·

219 1977 362 2030 mam
404 1980 623 2031 eorum
673 1962 967 2031 dicteriis
1024 1962 1222 2031 fidem
1287 1963 1673 2044 adhibeant,
1740 1964 1835 2031 vel
1897 1981 2091 2049 grave
2162 1963 2543 2052 scandalum
2595 1982 2765 2051 prae-

218 2070 411 2151 beant3
456 2069 798 2139 venialiter
846 2089 1020 2154 vero,
1069 2072 1124 2139 si
1177 2071 1241 2138 id
1290 2073 1375 2140 ob
1425 2072 1634 2139 solam
1676 2072 2129 2140 curiositatem
2164 2072 2262 2141 vel
2297 2090 2476 2140 mera
2509 2072 2762 2142 ridendi

225 2177 394 2262 gratia
436 2183 644 2261 agant,
696 2171 792 2244 u'ti
843 2179 1287 2246 communiter
1333 2178 1505 2246 solet
1554 2179 1960 2264 contingere.

288 2287 345 2351 R.
388 2284 474 2351 Ad
519 2291 591 2351 2:
645 2284 1023 2370 Astrologia
1072 2304 1189 2353 seu
1235 2287 1509 2354 scientia
1559 2294 1914 2368 astrorum,
1951 2277 2250 2372 'duplicis
2308 2294 2409 2354 est
2443 2288 2761 2370 ·generis:

216 2398 297 2457 est
336 2408 551 2477 nempe
600 2391 725 2459 alia
772 2393 1110 2475 naturalis,
1159 2392 1283 2459 alia
1319 2394 1691 2479 judiciaria.
1743 2396 1869 2461 Per
1917 2394 2194 2479 primam
2229 2394 2531 2462 homines
2566 2413 2644 2462 ex
2678 2394 2766 2462 si-

215 2496 404 2567 derum
447 2499 595 2583 situ,
648 2508 856 2583 motu,
909 2507 1058 2569 ortu
1110 2508 1177 2570 et
1225 2519 1464 2570 occasu
1501 2501 1930 2570 vaticinantes
1983 2502 2355 2587 praedicunt
2405 2503 2761 2570 nonnullos

215 2605 443 2673 effectus
491 2615 733 2690 certos,
785 2608 896 2693 qui
947 2625 1185 2694 nempe
1234 2626 1312 2676 ex
1362 2607 1654 2676 siderum
1708 2615 1773 2676 et
1848 2608 2256 2695 planetarum
2308 2608 2759 2677 conversioni-

212 2711 327 2795 bus,
370 2731 435 2782 ac
479 2733 675 2783 cursu
730 2716 1104 2783 necessario
1154 2723 1688 2801 consequuntur,
1739 2717 1832 2784 uti
1885 2736 1939 2784 v,
1977 2699 2048 2802 ’3.
2100 2717 2420 2801 eclipses;
2469 2716 2757 2785 nonnul-

207 2818 287 2888 los
326 2828 529 2890 autem
580 2823 893 2906 incertos,
942 2822 1008 2890 id
1057 2832 1158 2891 est
1208 2825 1539 2893 naturales
1601 2823 1901 2910 quidem,
1952 2824 2070 2893 sed
2134 2825 2599 2909 contingentes
2661 2824 2758 2890 su-

205 2933 377 3011 turos,
423 2929 512 2996 uti
560 2938 718 2998 sunt
766 2930 961 3014 venti,
1014 2931 1286 3017 pluviae,
1342 2938 1773 3016 tempestates
1840 2938 1905 2999 et
1969 2931 2227 2999 similia.
2294 2933 2421 3000 Per
2482 2931 2753 2998 alteram

205 3052 328 3104 vero
371 3054 444 3103 ex
492 3036 726 3105 iisdem
777 3038 993 3106 causis
1045 3038 1382 3107 vaticinari
1436 3046 1853 3123 praesumunt
1902 3040 2098 3106 etiam
2162 3057 2311 3123 quae
2381 3036 2670 3125 pendent
2717 3054 2753 3104 a

207 3138 375 3209 libera
406 3143 751 3213 bominum
802 3146 1161 3229 voluntate,
1211 3165 1267 3212 v.
1318 3163 1399 3230 g.‚
1449 3145 1885 3227 matrimonia,
1935 3146 2154 3228 exitia,
2206 3145 2376 3214 bella
2441 3152 2506 3213 et
2558 3161 2752 3231 paces

200 3246 553 3316 familiarum
587 3258 653 3319 et
691 3252 1143 3337 imperiorum,
1196 3269 1377 3320 mors
1429 3251 1827 3338 principum.
1879 3252 2131 3332 Quibus
2167 3251 2402 3338 positis
2436 3250 2750 3318 dicimus:

344 3359 397 3423 l.
440 3358 799 3443 Astroloyia
842 3359 1159 3425 naturalis
1209 3376 1328 3443 pro
1380 3364 1585 3444 parte,
1639 3375 1767 3443 qua
1819 3359 2121 3444 praedicit
2187 3359 2459 3442 effectus
2519 3376 2752 3426 neces-

198 3449 392 3547 sarios,
441 3482 570 3532 non
621 3466 841 3533 solum
893 3465 1086 3547 licita,
1136 3464 1255 3533 sed
1303 3465 1487 3533 valde
1536 3465 1884 3534 laudabilis
1935 3472 2067 3546 est3
2125 3484 2276 3533 cum
2329 3464 2637 3533 inserviat
2670 3464 2751 3531 ad

200 3572 459 3656 tempora
509 3570 935 3657 designanda.
986 3575 1115 3639 Pro
1165 3577 1349 3657 parte
1398 3591 1575 3655 ver0,
1628 3590 1756 3658 qua
1808 3571 2110 3659 praedicit
2159 3572 2434 3640 effectus
2484 3570 2752 3656 quidem

198 3678 507 3761 naturales,
557 3678 673 3746 sed
727 3697 857 3747 non
911 3680 1344 3762 necessariOS,
1402 3688 1731 3766 quatenus
1767 3699 2004 3765 nempe
2043 3675 2122 3747 ii's
2164 3682 2431 3748 obstare
2468 3687 2748 3765 possunt
2801 3681 2806 3688 “

197 3798 374 3853 causae
419 3786 789 3854 innumerae
843 3786 999 3854 item
1051 3787 1404 3871 naturaleS,
1458 3788 1632 3855 licita
1682 3786 1953 3873 quidem
2004 3792 2133 3868 est,
2183 3786 2302 3854 sed
2351 3787 2750 3873 plerumque

199 3903 342 3972 vana,
387 3892 537 3978 quia
588 3911 713 3962 nos
762 3893 921 3961 latet
968 3911 1118 3979 quae
1171 3894 1265 3961 vis
1314 3893 1647 3962 sideribus
1694 3894 1888 3961 insita
1924 3893 2029 3976 sit,
2082 3911 2317 3978 quaeve
2367 3899 2686 3978 potestas.

330 3999 386 4065 2.
430 4000 793 4085 Astroloqia
824 3999 1195 4085 judiciaria,
1244 3999 1300 4067 si
1349 3999 1462 4066 fiat
1509 3998 1591 4067 de
1641 4017 1923 4085 persona
1970 3998 2388 4086 particulari,
2432 3997 2554 4065 etsi
2611 4004 2749 4064 tan-

197 4105 487 4173 tummodo
536 4106 1098 4192 conjecturaliter,
1149 4106 1433 4192 graviter
1487 4106 1713 4176 illicita
1764 4113 1865 4175 est
1913 4114 1978 4174 et
2041 4105 2502 4193 superstitiosa
2520 4129 2538 4186 ;
2598 4087 2750 4191 (juia

196 4225 420 4293 corpora
468 4195 773 4280 coelestia
820 4213 886 4281 in
937 4213 1139 4281 libera
1180 4214 1527 4281 bominum
1578 4213 1915 4281 voluntate
1961 4212 2120 4280 nihil
2162 4212 2433 4280 omnino
2472 4219 2745 4301 queunt,

190 4333 299 4386 cum
342 4319 724 4390 necessario
774 4331 1179 4391 moveantur.
1229 4322 1413 4392 Unde
1462 4322 1707 4390 dicitur
1741 4321 1804 4389 in
1840 4318 2237 4407 Scripturis:
2291 4331 2342 4386 α’
2386 4321 2582 4406 siquis
2613 4322 2750 4394 coeli

221 4549 416 4603 ¹Etlam
454 4552 584 4626 cod.
616 4562 762 4626 posit.
798 4563 1005 4626 carcere
1039 4554 1336 4618 puniuntur
1367 4554 1457 4668 zui
1493 4553 1654 4627 talem
1674 4551 2064 4625 ‘divinationem
2101 4554 2346 4628 exercent
2378 4553 2499 4613 (art.
2538 4551 2689 4624 436).
2738 4615 2748 4625 ⁸

214 4613 232 4656 ἱ
267 4614 311 4665 V.
342 4615 584 4678 Βθτςιθτ,
630 4615 926 4665 οιτιοηανιο
959 4626 1065 4667 ecc.
1101 4617 1331 4679 Append.
1417 4654 1429 4665 .
1468 4616 1723 4678 Zmyara,·
1754 4640 1818 4653 —
1851 4614 2040 4676 Cenni,
2074 4617 2102 4665 Ι
2133 4620 2334 4667 mistero
2371 4614 2747 4676 subappenmm

169 4687 321 4730 owero
352 4680 425 4729 Lo
459 4682 721 4739 “repone
769 4677 821 4728 di
871 4679 1175 4739 Motatorem,
1227 4679 1500 4731 Romanzo
1555 4678 1770 4728 storico.
1823 4677 2029 4739 Napoii‚
2085 4680 2223 4731 ¹856.
2257 4704 2321 4716 -
2377 4678 2429 4728 V.
2470 4677 2743 4737 Ferrari33

171 4738 210 4790 v.
234 4741 450 4806 zamri.
