3292 5167
1283 285 1736 335 Apuonrtouss
2669 270 2798 336 729
2917 276 2924 284 '

218 392 347 448 stra
389 400 626 449 somma
674 386 864 450 totale
907 386 966 450 al
1011 386 1073 450 di
1119 386 1178 452 la
1225 387 1468 452 diotto
1511 389 1854 452 milioni....
1899 388 2020 455 Ora
2087 389 2526 455 indicheremo
2569 392 2636 454 in
2671 408 2796 455 una

198 465 524 608 *muffme
568 465 800 561 tavola,
846 470 1119 561 come-si
1154 481 1444 563 ‚possano
1489 469 1784 534 dividere
1827 470 1915 550 gli
1961 471 2228 535 abitanti
2277 472 2449 535 della
2499 482 2663 535 terra
2710 490 2801 536 se·

217 560 335 608 con
387 563 424 608 o
469 546 528 610 le
571 547 824 611 diverse
868 548 1169 628 religioni
1215 551 1333 612 cbe
1372 549 1776 631 professam.

244 735 247 740 ¹
369 687 392 716 ι
450 660 498 724 11
544 661 1023 727 Cristianesimo
1068 710 1094 742 ,
1176 710 2190 730 ...........
2277 667 2681 746 344,000,000

613 743 836 808 Cbiesa
883 743 1178 808 cattolica
1277 792 1293 808 .
1376 765 1411 808 .·
1474 791 1491 809 .
1574 793 1588 810 .
1674 793 1689 809 .
1796 743 2202 822 208,000,000

617 824 843 887 Cbiese
886 824 1209 904 orientali,
1251 825 1659 889 scismatiche
1704 841 1741 887 o

693 905 976 968 eretiche
1082 951 1686 970 .......
1831 904 2197 979 70,000,000

612 983 1141 1052 Protestantismo
1278 1032 1689 1051 .....
1829 984 2192 1059 66,000,000

1588 1107 1597 1114 ·
1803 1091 2204 1168 344,000,000

375 1231 398 1262 ι
456 1205 504 1268 ll
547 1205 914 1272 Gindaismo
967 1255 982 1271 .
1067 1257 1081 1272 .
1166 1213 1181 1271 “.
1265 1254 2187 1274 ..........
2351 1207 2672 1283 4,000,000

378 1312 400 1342 ι
459 1288 885 1351 L'lslamismo
969 1334 2187 1352 .............
2189 1313 2198 1320 ·
2272 1287 2680 1363 too,000,000

376 1392 401 1423 ι
458 1367 505 1429 ll
551 1368 985 1432 Bramanismo
1078 1416 2187 1434 ............
2309 1368 2685 1444 60,000,000

378 1473 399 1502 ι
458 1446 506 1510 Il
553 1449 892 1512 Buddismo
976 1497 989 1512 .
1074 1498 1087 1512 .
1172 1495 1188 1512 .
1273 1498 1287 1512 .
1330 1473 1337 1479 ·
1373 1496 2188 1518 ..........
2284 1448 2684 1524 180,000,000

374 1554 398 1584 »
455 1528 634 1591 Culto
678 1530 740 1591 di
789 1528 1102 1609 confacio,
1145 1530 1207 1592 di
1256 1529 1451 1607 Simo,
1496 1530 1665 1611 degli
1717 1528 1965 1610 Spiriti,
2016 1546 2141 1594 ecc.
2172 1577 2188 1592 .
2281 1528 2682 1604 152‚000‚000

537 1662 558 1690 ι
615 1637 832 1700 Totale
876 1637 1049 1717 degli
1094 1633 1363 1736 abitan'ti¹
1409 1635 1575 1699 della
1627 1647 1818 1701 terra.
1881 1685 1897 1701 .
1987 1686 2001 1700 .
2087 1685 2102 1700 .
2190 1685 2203 1700 .
2286 1635 2685 1714 840,000,000

1255 1928 1376 2009 (F)
1417 1929 1570 2009 paq.
1611 1928 1751 1992 624.

300 2154 561 2215 ΙθΙθ.
603 2152 853 2216 Fides
900 2152 985 2215 in
1021 2158 1333 2218 neuun
1364 2155 1641 2217 diximus
1675 2154 2037 2216 necessario
2065 2167 2205 2215 esse
2229 2151 2619 2215 credendum
2651 2158 2803 2214 actu

213 2235 516 2313 explicito
560 2243 622 2297 et
661 2238 1138 2315 supernaturali
1182 2237 1375 2299 Deum
1423 2238 1721 2310 existere,
1766 2243 1829 2297 et
1866 2233 1932 2295 in
1979 2237 2107 2296 vita
2154 2232 2367 2297 futura
2415 2249 2556 2295 esse
2592 2247 2800 2295 remu·

212 2324 592 2378 neraturum
639 2333 831 2396 opera
876 2317 1240 2393 hominum:
1285 2332 1433 2379 nam
1477 2316 1556 2377 de
1612 2316 1951 2377 existentia
2002 2314 2114 2376 Dei
2180 2321 2250 2376 ut
2305 2315 2581 2376 auctoris
2630 2321 2805 2376 natu·

214 2410 333 2468 rae,
407 2394 625 2474 plures
668 2406 995 2476 nequeunt
1063 2396 1298 2460 habere
1358 2395 1599 2469 fidem;
1668 2410 1810 2458 cum
1862 2394 2027 2457 ratio
2091 2393 2402 2458 naturalis
2470 2391 2806 2456 evidenter

212 2490 356 2537 eam
397 2492 528 2554 Jatn
575 2479 986 2542 demonstret.
1032 2478 1191 2540 Hinc
1234 2477 1430 2539 Deum
1476 2493 1635 2548 esse,
1680 2491 1807 2538 non
1854 2475 2091 2537 dicitur
2115 2473 2427 2538 articulus
2453 2473 2646 2546 fldei3
2688 2473 2801 2535 sed
2919 2477 2925 2488 '

212 2560 737 2636 praesupponitur
781 2559 855 2621 ad
902 2557 1229 2622 articulos:
1278 2573 1387 2620 seu
1435 2567 1531 2619 est
1575 2555 1724 2618 fidei
1772 2555 2254 2633 praeambulum,
2305 2564 2373 2617 ut
2407 2555 2498 2616 ait
2548 2552 2801 2629 Angeli-

214 2651 333 2697 cus
368 2636 427 2714 (1
472 2653 526 2716 p.
570 2654 627 2716 q.
675 2638 770 2709 tt,
818 2656 871 2701 a.
915 2640 1005 2718 2),
1052 2641 1186 2701 sive
1232 2639 1536 2711 conditio,
1581 2639 1721 2698 sine
1765 2651 1886 2714 qua
1936 2636 2090 2697 fides
2137 2651 2264 2698 non
2309 2636 2642 2712 existeres.
2687 2632 2802 2696 Vel

214 2718 477 2790 rectius,
523 2716 1011 2782 fundamentum
1058 2729 1154 2783 est
1200 2721 1391 2781 totius
1428 2716 1782 2794 Religionis
1828 2717 2151 2789 revelatae,
2193 2726 2258 2777 et
2303 2716 2688 2793 supponitur
2735 2716 2801 2775 in

213 2797 515 2859 omnibus
579 2798 726 2860 fidei
792 2798 1330 2879 professionibu33
1395 2813 1542 2860 nam
1591 2801 1767 2875 prius
1832 2795 2163 2859 credimus
2229 2796 2426 2858 Deum
2488 2798 2807 2871 existere,

215 2892 409 2956 quam
439 2878 783 2942 revelasse.
836 2880 1175 2943 Tliomistoe.
1224 2899 1225 2904 ¹

301 2955 670 3037 Quanquam
716 2960 879 3023 nihil
927 2962 1157 3035 obstat,
1204 2959 1544 3039 quominus
1593 2958 1757 3019 circa
1807 2955 1977 3018 idem
2029 2955 2353 3035 objectum
2409 2955 2675 3017 scientia
2744 2964 2807 3018 et

216 3035 382 3100 fides
443 3042 743 3113 existant,
811 3056 1039 3122 nempe
1105 3040 1263 3103 fides
1325 3039 1563 3102 rationi
1610 3036 1889 3111 accedat,
1934 3044 2004 3099 ut
2049 3047 2295 3099 naturae
2353 3037 2588 3113 gratia.
2636 3035 2805 3097 Sane

217 3117 533 3198 quidquid
578 3129 676 3182 est
718 3123 781 3184 in
820 3120 1027 3184 Libris
1072 3121 1398 3183 canonicis
1441 3119 1519 3181 ab
1563 3117 1926 3181 auctoribus
1970 3119 2302 3196 inspiratis
2348 3127 2678 3178 narra-tum
2721 3114 2800 3177 ad

219 3198 373 3260 fidei
419 3197 736 3278 objectum
784 3205 1102 3280 pertinet3
1172 3209 1234 3263 et
1280 3210 1489 3262 tamen
1538 3200 1602 3259 in
1674 3201 1754 3259 iis
1823 3198 2005 3275 plura
2067 3205 2441 3272 narrantur,
2510 3212 2652 3274 quae
2718 3196 2795 3258 ad

220 3279 558 3341 scientiam
603 3289 914 3360 spectant,
960 3292 1029 3345 et
1073 3283 1190 3343 viis
1236 3278 1638 3343 naturalibus
1684 3278 1980 3354 cognosci
2030 3285 2298 3355 possunt
2335 3294 2351 3337 :
2390 3292 2444 3338 v.
2490 3293 2570 3354 g.,
2609 3274 2804 3339 mira·

219 3358 368 3421 cula
411 3360 662 3440 MoysiS,
704 3360 962 3439 Christi,
1005 3361 1452 3440 Apostolorum
1498 3375 1529 3421 a
1592 3359 1863 3423 testibus
1932 3356 2201 3419 oculatis
2267 3356 2590 3419 evidentia
2657 3371 2800 3419 sen·

221 3455 409 3501 suum
454 3442 1018 3519 cognoscebantur.
1063 3442 1273 3504 Adde:
1327 3441 1544 3502 dicere
1609 3437 2056 3517 unusquisque
2123 3446 2412 3502 tenetur:
2481 3436 2670 3499 Credo
2738 3436 2806 3499 in

220 3518 497 3582 Deum...
541 3524 1032 3599 omnipotentem,
1079 3530 1418 3585 creatorem
1464 3518 1603 3582 coeli
1642 3526 1705 3581 et
1746 3526 1965 3593 terras,
2018 3533 2162 3596 quae
2218 3527 2428 3582 tamen
2495 3534 2607 3597 per
2670 3511 2805 3580 vias

220 3601 548 3683 naturales
597 3605 833 3681 optime
877 3614 1368 3683 cognoscuntur.
1413 3601 1624 3663 Adde:
1661 3616 1788 3661 non
1822 3608 2155 3678 repugnat,
2189 3599 2358 3679 quod
2396 3600 2619 3661 firmus
2643 3612 2801 3676 prae-

221 3680 457 3744 beatur
500 3698 797 3745 assensus
842 3682 970 3745 Deo
1016 3684 1329 3747 revelanti
1378 3684 1511 3745 sive
1555 3680 1875 3759 objectum
1921 3681 2004 3740 sit
2047 3679 2309 3753 clarum,
2385 3679 2524 3739 sive
2582 3679 2805 3740 obscu-

223 3776 386 3823 rum.
429 3762 508 3826 Et
551 3772 700 3826 tunc
743 3763 978 3842 duplex
1023 3765 1331 3842 distingui
1379 3771 1586 3841 potest
1627 3768 1806 3824 actus
1849 3759 2264 3835 adhaesionis,
2326 3774 2495 3821 unus
2538 3759 2800 3820 eviden-

225 3842 308 3903 tia
358 3842 640 3917 innixns‚
687 3854 751 3906 et
795 3845 1075 3923 pertinet
1117 3845 1193 3906 ad
1231 3846 1568 3906 scientiam
1600 3840 1996 3914 naturalem;
2034 3840 2201 3902 alter
2230 3838 2627 3902 revelatione
2666 3839 2805 3901 fun·

223 3921 428 3995 datae,
472 3925 576 4001 qui
626 3923 769 3987 ideo
814 3934 910 3986 est
951 3934 1129 3987 actus
1176 3923 1344 3986 fidei.
1381 3957 1461 3970 —
1504 3922 1573 4001 Y.
1639 3922 1948 3998 Bouvier,
2009 3919 2096 3983 De
2152 3918 2324 3983 Fide.
2389 3952 2469 3965 —
2530 3918 2800 3981 Benedi-

221 4009 361 4066 ctus
403 4001 562 4080 xlv,
610 4003 696 4065 De
751 4002 842 4067 Ss.
891 4003 1397 4081 Canonizatione,
1442 4003 1483 4066 l.
1528 4020 1623 4079 111,
1687 4019 1736 4064 c.
1806 4001 1903 4077 19,
1952 4016 2012 4062 n.
2063 4000 2156 4063 to.
2217 4033 2297 4046 —
2352 3998 2654 4073 Perrone‚
2719 3998 2806 4061 De

226 4082 377 4145 locis
428 4082 650 4160 Theoi„
693 4094 853 4164 part.
895 4085 979 4148 3⁸.

305 4163 395 4225 Ad
443 4180 578 4227 rem
623 4166 737 4228 cel.
783 4165 1108 4229 Pianciani
1159 4165 1220 4227 in
1269 4163 1707 4228 eruditissimo
1751 4160 2002 4240 Opere,
2047 4159 2448 4240 Cosmoqonia
2507 4158 2807 4221 naturale

227 4252 596 4324 comparata
638 4248 736 4308 col
780 4245 1021 4322 Genesi,
1065 4263 1122 4326 p.
1165 4246 1249 4322 2⁸,
1295 4245 1327 4327 5
1374 4246 1440 4306 t:
1499 4268 1521 4298 ‹
1565 4242 1648 4304 La
1711 4240 2125 4304 conclusione
2194 4241 2493 4319 precipua
2564 4239 2683 4301 che
2749 4242 2802 4301 si

228 4331 365 4387 trae
409 4326 577 4388 dalle
621 4328 830 4405 prime
873 4327 1095 4407 parole
1158 4326 1260 4388 del
1306 4341 1486 4389 sacro
1529 4321 1739 4398 Teste,
1781 4324 1920 4384 c'roe
1965 4321 2007 4384 il
2053 4320 2291 4382 mondo
2361 4335 2572 4382 essere
2641 4328 2805 4381 stato

104 4451 119 4457 -
227 4411 443 4467 creato
488 4405 591 4468 dal
639 4406 812 4470 nulla
856 4424 890 4469 e
936 4424 1064 4470 non
1111 4423 1328 4470 essere
1374 4415 1621 4480 etern0,
1665 4404 1744 4466 da
1794 4403 1938 4465 tutti
1986 4404 2005 4464 i
2051 4401 2339 4464 cattolici
2387 4402 2437 4461 si
2485 4410 2803 4463 ammette.

228 4484 395 4548 Tntti
442 4495 951 4552 ammetteranno
994 4503 1239 4568 ancora·
1273 4488 1392 4549 cbe
1438 4488 1529 4548 sia
1573 4494 1797 4565 questo
1841 4499 1926 4547 un
1973 4482 2239 4545 articulo
2282 4479 2349 4543 di
2390 4479 2572 4560 redu
2604 4497 2703 4543 ma
2735 4497 2805 4543 se

230 4579 347 4627 con
394 4565 477 4628 tal
524 4566 692 4630 irase
756 4569 806 4630 si
854 4566 1040 4632 vuole
1085 4568 1423 4631 intendere
1465 4568 1585 4629 che
1632 4565 1715 4628 tal
1765 4564 1967 4626 verita
2015 4565 2134 4625 noi
2171 4563 2452 4625 teniamo
2516 4559 2801 4623 soltanto

227 4659 344 4724 per
387 4646 532 4709 sede
576 4647 692 4711 che
736 4663 863 4711 non
909 4652 1034 4730 puo
1078 4648 1741 4712 dimostrativamente
1785 4645 2094 4724 provarsi,
2138 4645 2195 4706 ci
2243 4641 2442 4705 siamo
2486 4641 2647 4703 fatto
2714 4640 2803 4701 le·

230 4724 362 4788 cito⁴
400 4725 872 4792 diversamente
916 4730 1201 4811 opinare.
1242 4728 1380 4793 Non
1428 4728 1739 4791 treviamo
1782 4730 2169 4806 ripugnante
2211 4725 2334 4787 che
2379 4738 2463 4787 un
2523 4718 2800 4785 articolo
