3292 5167
513 246 647 314 682
1095 326 1102 333 ·
1180 258 1406 310 ttesu.
1454 248 1665 310 τἰιΛοτ.
1715 261 1838 310 vm.
1890 265 2038 310 mse.
2088 261 2175 308 ιιι.
2224 264 2354 310 ου.
2410 263 2450 309 1.

518 373 613 440 les
686 367 975 438 timorati
1047 367 1221 438 anxii
1293 386 1442 437 esse
1513 366 1879 437 nullimode
1950 366 2193 436 debent
2242 365 2460 454 quoad
2527 364 2723 452 hujus
2780 366 3060 452 'praecep

516 476 1052 575 satisfactionem.

550 670 561 676 -
603 584 812 653 Aliter
855 590 975 667 est,
1025 582 1079 652 si
1128 583 1268 652 sola
1316 582 1564 662 attritio
1614 582 2031 652 emitteretur
2078 583 2145 650 in
2194 580 2616 650 Poenitentiae
2667 578 3116 666 susceptione,

375 740 384 751 .
495 693 670 778 quia
721 691 979 760 attritio
1013 709 1147 759 non
1194 691 1267 758 fit
1302 690 1755 777 principaliter
1802 708 1879 760 ex
1915 708 2140 759 amore
2186 689 2327 772 Dei,
2379 687 2496 758 sed
2541 688 2680 769 sui;
2729 693 2796 756 et
2844 685 3119 775 proinde

517 800 580 867 in
632 818 705 869 ea
756 782 958 869 deest*
990 798 1311 901 motivum
1361 798 1723 885 principale
1773 797 2132 867 charitatis.

2942 1016 2973 1039 U

845 1090 975 1157 Aur
1017 1087 1098 1161 II.
1146 1122 1236 1134 —-
1286 1090 1374 1163 De
1415 1084 1719 1153 charitate
1763 1104 1915 1172 crya
1959 1083 2230 1169 seipsum
2274 1095 2330 1149 et
2371 1046 2739 1169 proximum
2766 1134 2785 1163 ,

1300 1267 1375 1314 ac
1419 1246 1511 1314 de
1536 1245 1937 1337 inimicorum
1982 1243 2318 1311 dilectione.

614 1466 835 1560 96⁴8,
888 1497 955 1576 Q.
996 1498 1054 1563 1.
1104 1495 1204 1562 An
1235 1476 1425 1585 'home
1469 1494 1739 1580 seipsum
1784 1492 2085 1562 charitate
2128 1493 2383 1578 diligere
2424 1493 2630 1560 debeat
2653 1499 2684 1559 ?

603 1606 654 1672 R
715 1606 926 1671 Homo
959 1601 1156 1670 debet
1189 1620 1262 1670 se
1294 1601 1565 1686 diligere
1609 1618 1687 1668 ex
1724 1600 2061 1679 charitate,
2095 1599 2256 1669 adeo
2290 1609 2363 1669 ut
2398 1607 2627 1686 peccet
2660 1606 2891 1669 contra
2966 1598 3118 1666 cha·

514 1709 774 1779 ritatem
850 1727 1000 1794 erga
1072 1726 1143 1777 se
1214 1709 1433 1795 ipsum
1504 1707 1617 1793 qui
1692 1709 1973 1777 salutem
2045 1726 2232 1779 suam
2281 1707 2698 1795 spiritualem
2759 1707 2860 1776 vel
2918 1705 3121 1774 etiam

517 1815 969 1902 temporalem,
1008 1815 1150 1884 sine
1184 1833 1401 1897 causa,
1445 1814 1712 1900 negligit
1738 1819 1790 1883 ¹.
1819 1818 1896 1882 Et
1930 1833 2087 1882 sane
2119 1832 2307 1883 amor
2338 1815 2675 1882 charitatis
2708 1813 3027 1881 fundatur
3058 1810 3119 1879 in

515 1922 1114 1992 communicatione
1146 1920 1611 1991 beatitudinis:
1663 1920 1838 1989 unde
1879 1921 1969 1988 illi
2020 1929 2174 1989 sunt
2224 1922 2539 1989 charitate
2591 1920 2925 2006 diligendi,
2981 1919 3120 2005 qui-

515 2033 641 2102 bus
713 2030 1190 2099 beatitudinem
1255 2030 1580 2111 volumus,
1632 2032 1812 2116 atqui
1854 2030 2054 2099 homo
2105 2031 2479 2100 necessario
2521 2031 2719 2101 debet
2767 2029 2932 2098 velle
2988 2029 3114 2098 sibi

515 2137 1023 2211 beatitudinem:
1082 2155 1239 2222 ergo
1289 2137 1663 2206 necessario
1700 2136 1895 2206 debet
1951 2156 2024 2206 se
2081 2155 2308 2206 amore
2358 2137 2697 2207 charitatis
2744 2136 3026 2221 diligere
3070 2134 3115 2204 ².

518 2246 637 2327 Qui
667 2263 870 2327 amor,
899 2262 1029 2331 quo
1066 2246 1213 2331 quis
1245 2264 1316 2312 se
1350 2244 1581 2328 diligit,
1614 2251 1716 2311 est
1748 2244 1986 2313 fortior
2018 2262 2263 2327 amore,
2300 2263 2432 2332 quo
2468 2245 2678 2330 diligit
2708 2242 3115 2331 proximum,

517 2353 669 2440 quia
711 2371 896 2427 amor
942 2353 1042 2421 sui
1094 2371 1224 2420 non
1275 2353 1587 2438 importat
1651 2350 2107 2420 tantummodo
2157 2352 2492 2436 unionem,
2545 2351 2662 2421 sed
2710 2352 2922 2438 ipsam
2976 2350 3117 2418 uni-

519 2467 738 2528 tatem.
791 2460 912 2561 Qui
962 2468 1178 2527 tamen
1229 2465 1300 2526 ut
1357 2466 1578 2528 rectus
1628 2459 1735 2544 sit,
1785 2459 1981 2528 debet
2045 2478 2194 2529 esse
2241 2459 2963 2530 secundum'uaturam
3018 2475 3114 2526 ra-

518 2567 850 2649 tionalem,
901 2584 1028 2652 qua
1076 2566 1275 2634 homo
1326 2565 1450 2633 sibi
1502 2565 1657 2633 velit
1703 2584 1778 2633 ea
1826 2566 2000 2635 bona
2049 2585 2198 2653 quae
2250 2568 2583 2652 pertinent
2631 2565 2711 2632 ad
2760 2563 3114 2651 perfectio-

516 2693 664 2744 nem
700 2674 973 2741 rationis
989 2700 1008 2755 3
1058 2692 1192 2741 non
1224 2689 1378 2739 vero
1427 2670 1794 2741 secundum
1830 2678 2128 2742 naturam
2161 2673 2544 2741 sensibilem
2584 2680 2649 2745 et
2698 2679 3109 2756 corruptam,

517 2799 649 2868 quo
713 2780 979 2866 quidem
1044 2798 1267 2849 amore
1332 2797 1403 2847 se
1440 2779 1775 2866 prosequi,
1826 2798 1956 2877 non
1999 2780 2267 2866 proprie
2318 2799 2504 2849 amor
2537 2786 2657 2863 est,
2708 2779 2829 2847 sed
2878 2778 3113 2846 odium

510 2888 696 2975 juxta
744 2887 906 2955 illud
952 2887 1358 2955 Psalmistae:
1398 2885 1506 2971 qui
1552 2886 1756 2973 ditiqit
1793 2887 2201 2973 iniquitatem,
2247 2889 2373 2955 odit
2417 2878 2925 2955 animam·suam
2977 2880 3036 2951 ⁸.

596 3031 796 3092 Homo
840 3030 1030 3097 debet
1070 3030 1265 3093 etiam
1310 3044 1388 3091 ex
1424 3029 1739 3103 charitate
1784 3029 2057 3109 diligere
2108 3047 2341 3111 corpus
2399 3046 2621 3106 suum3
2648 3038 2762 3092 'est
2793 3029 2969 3093 enim
3010 3031 3111 3092 sui

519 3126 695 3190 pars:
740 3121 805 3174 et
847 3109 1000 3174 licet
1039 3126 1269 3190 corpus
1315 3119 1603 3172 nostrum
1650 3126 1777 3172 non
1807 3111 1891 3173 sit
1921 3128 2117 3191 capax
2148 3120 2412 3175 aeternae
2446 3110 2876 3174 beatitudinis
2912 3110 3111 3173 Deum

517 3191 958 3271 cognoscendo
1005 3200 1069 3254 et
1111 3190 1422 3265 amand03
1485 3198 1582 3252 est
1641 3197 1853 3253 tamen
1916 3207 1987 3254 ca
2035 3209 2114 3255 ax
2183 3191 2600 3256 beatitudinis
2664 3192 3109 3271 participatae,

517 3285 658 3349 quae
702 3287 780 3334 ex
823 3273 1036 3335 anima
1081 3273 1355 3350 gloriosa
1403 3271 1469 3332 in
1516 3273 1722 3349 ipsum
1768 3270 1971 3334 redun
2027 3282 2107 3343 at.
2156 3272 2596 3353 Perfezionare
2640 3272 2704 3334 la
2734 3278 2937 3335 mente
2973 3288 3006 3333 e
3050 3270 3112 3333 la

515 3352 764 3415 velenta
804 3355 835 3415 e
876 3354 971 3415 cio
1013 3350 1132 3415 che'
1164 3358 1595 3413 semmamente
1626 3353 1941 3430 importa;
1984 3371 2087 3415 ma
2131 3354 2355 3416 l'uemo
2399 3355 2585 3417 non-e
2629 3369 2792 3433 puro
2836 3351 3111 3431 spirite,-

524 3433 764 3495 l'essere
806 3450 917 3494 suo
957 3436 988 3495 e
1031 3450 1118 3495 tm
1165 3449 1362 3496 essere
1406 3437 1736 3510 compesce,
1776 3440 1996 3513 eppero
2043 3433 2105 3495 la
2147 3433 2502 3514 perfeziene
2562 3433 2709 3495 dell’
2731 3449 2931 3495 essere
2971 3435 3005 3494 e
3048 3432 3111 3497 la

522 3512 879 3654 perfeziene
932 3513 1029 3575 del
1072 3522 1413 3605 compes-to.-
1477 3515 1911 3605 conservatae,
1965 3513 2219 3595 qiacche
2266 3519 2389 3595 pud
2430 3515 2675 3593 perire,
2739 3513 3106 3609 ordinarie,

515 3590 622 3655 aba
655 3593 851 3656 atarto
892 3594 1030 3656 alla
1072 3609 1427 3657 esecuzione
1469 3592 1534 3654 di
1576 3596 1672 3653 cte
1705 3591 1813 3656 che
1846 3595 2023 3658 datia
2064 3603 2302 3672 mente,
2349 3595 2524 3658 dalla
2566 3594 2820 3659 volente
2863 3592 2938 3673 fu
2983 3594 3109 3657 dte·

511 3681 728 3753 peste,
776 3690 912 3735 ecco
969 3674 1085 3736 due
1126 3675 1313 3752 panti
1353 3674 1421 3737 di
1460 3688 1584 3735 nen
1613 3687 1771 3750 poca
1814 3675 2218 3755 importanza
2262 3674 2307 3738 ⁵.
2352 3675 2537 3737 Unde
2580 3674 2838 3754 quando
2882 3673 3107 3737 Sancti

519 3753 823 3817 dicuntur
866 3753 1076 3816 odisse
1121 3770 1350 3833 corpus
1395 3768 1600 3826 suum,
1645 3752 1705 3815 id
1741 3769 1869 3816 non
1905 3757 2349 3836 accipiendum
2395 3755 2747 3819 secuudum
2787 3763 3111 3830 naturam,

517 3850 659 3913 quae
683 3834 848 3897 bona
875 3843 1002 3910 est;
1026 3834 1138 3896 sed
1169 3834 1522 3917 secundum
1555 3837 2036 3913 corruptionem
2067 3837 2228 3916 ejus,
2263 3853 2404 3916 quae
2451 3844 2758 3915 aggravat
2802 3837 3109 3910 animam,

517 3922 583 3977 et
626 3915 1040 3977 infectionem
1086 3919 1667 3994 concupiscentiae‚
1712 3932 1854 3995 quae
1900 3917 2175 3981 inclinat
2217 3920 2293 3981 ad
2357 3929 2703 3997 peccatum.
2764 3914 2929 3979 Hinc
2972 3914 3107 3979 lau·

518 3995 711 4058 dandi
759 3997 865 4075 qui
911 4011 1143 4074 corpus
1185 4013 1372 4094 suum
1415 3999 1774 4076 prudenter
1819 3998 2113 4077 affligunt
2157 4014 2230 4061 ac
2276 4005 2630 4061 macerant.
2695 4084 2703 4093 ἱ

603 4129 809 4197 2062.
856 4132 930 4211 Q.
977 4133 1039 4198 2.
1065 4132 1189 4199 An
1233 4133 1313 4199 sit
1358 4145 1576 4200 contra
1622 4135 1984 4210 charitatem
2034 4134 2152 4200 sibi
2198 4145 2458 4200 mortem
2503 4138 2762 4220 optare?

607 4240 673 4304 R.
721 4239 1049 4323 Negative,
1099 4239 1154 4305 si
1205 4238 1313 4306 fiat
1362 4257 1444 4307 ex
1494 4239 1823 4310 desiderio
1882 4246 2132 4310 aeterne
2205 4239 2536 4310 felicitatis
2552 4266 2572 4323 3
2620 4246 2779 4309 tunc
2826 4238 3107 4309 charitas

579 4461 600 4502 1
633 4463 913 4526 Ejusmodi
947 4466 1125 4518 tamen
1159 4468 1375 4529 peccata
1405 4468 1495 4520 vix
1530 4479 1791 4521 accusare
1824 4470 1880 4521 in
1915 4468 2261 4522 confessione
2311 4468 2504 4532 solent,
2541 4480 2663 4521 cum
2694 4467 2803 4532 jam
2858 4468 2988 4519 satis
3022 4465 3104 4518 de-

519 4525 785 4578 clarentur
815 4538 911 4600 per
944 4528 1115 4602 ipsam
1150 4530 1385 4594 culpam,
1421 4542 1541 4594 quae
1575 4534 1844 4594 patratum
1881 4534 1960 4587 sic
2089 4534 2102 4583 i
2151 4544 2208 4585 se
2254 4531 2569 4585 inebriando
2623 4531 2781 4585 saluti
2840 4528 3101 4594 corporali

515 4588 692 4647 nocet,
727 4591 860 4640 satis
891 4594 971 4642 est
1000 4601 1045 4641 si
1116 4597 1356 4645 eccatum
1390 4592 1663 4646 ebrietatis
1695 4596 1915 4657 aperiat.
1948 4596 2026 4646 Ba
2050 4596 2218 4646 lerini.
2388 4598 2395 4603 '

581 4649 606 4690 ²
637 4651 811 4702 matth.
845 4663 938 4703 xx.
973 4653 1032 4703 D.
1114 4654 1321 4715 homas,
1356 4657 1386 4706 2
1439 4658 1493 4717 2,
1525 4669 1577 4719 q.
1613 4658 1694 4717 25,
1729 4668 1780 4710 a.
1812 4658 1864 4709 3.

587 4714 613 4753 ⁸
648 4715 729 4764 1³³.
761 4725 813 4764 x.
1376 4690 1406 4756 ι’
1436 4718 1722 4783 'rapat-eiu,
1761 4718 1941 4781 saneto
1976 4721 2212 4771 teor-otton
2245 4731 2376 4781 ecc„
2407 4729 2461 4770 n.
2497 4720 2610 4773 263.
