<?xml version="1.0" encoding="UTF-8"?>
<!DOCTYPE html PUBLIC "-//W3C//DTD XHTML 1.0 Transitional//EN"
    "http://www.w3.org/TR/xhtml1/DTD/xhtml1-transitional.dtd">
<html xmlns="http://www.w3.org/1999/xhtml" xml:lang="en" lang="en">
 <head>
  <title>
</title>
<meta http-equiv="Content-Type" content="text/html;charset=utf-8" />
  <meta name='ocr-system' content='tesseract 3.04.00' />
  <meta name='ocr-capabilities' content='ocr_page ocr_carea ocr_par ocr_line ocrx_word'/>
</head>
<body>
  <div class='ocr_page' id='page_1' title='image "./theologiamorali04scavgoog_0482.png"; bbox 0 0 3292 5167; ppageno 0'>
   <div class='ocr_carea' id='block_1_1' title="bbox 447 190 2386 256">
    <p class='ocr_par' dir='ltr' id='par_1_1' title="bbox 447 190 2386 256">
     <span class='ocr_line' id='line_1_1' title="bbox 447 190 2386 256; baseline -0.002 -1"><span class='ocrx_word' id='word_1_1' title='bbox 447 190 580 256; x_wconf 72' lang='lat'>472</span> <span class='ocrx_word' id='word_1_2' title='bbox 1154 209 1269 253; x_wconf 74' lang='grc' dir='ltr'><strong>ιιιι.</strong></span> <span class='ocrx_word' id='word_1_3' title='bbox 1318 206 1383 254; x_wconf 89' lang='grc' dir='ltr'>ιι.</span> <span class='ocrx_word' id='word_1_4' title='bbox 1439 208 1655 255; x_wconf 74' lang='grc' dir='ltr'>τιιΑοτ.</span> <span class='ocrx_word' id='word_1_5' title='bbox 1704 206 1808 254; x_wconf 85' lang='grc' dir='ltr'>νιι.</span> <span class='ocrx_word' id='word_1_6' title='bbox 1858 208 2011 255; x_wconf 69' lang='lat' dir='ltr'>mse.</span> <span class='ocrx_word' id='word_1_7' title='bbox 2059 207 2100 253; x_wconf 90' lang='grc' dir='ltr'>ι.</span> <span class='ocrx_word' id='word_1_8' title='bbox 2149 207 2280 253; x_wconf 67' lang='lat' dir='ltr'>cn.</span> <span class='ocrx_word' id='word_1_9' title='bbox 2322 204 2386 253; x_wconf 84' lang='grc' dir='ltr'>ιι.</span> 
     </span>
    </p>
   </div>
   <div class='ocr_carea' id='block_1_2' title="bbox 385 298 3065 3832">
    <p class='ocr_par' dir='ltr' id='par_1_2' title="bbox 385 298 3065 1379">
     <span class='ocr_line' id='line_1_2' title="bbox 448 298 3064 399; baseline -0.001 -19"><span class='ocrx_word' id='word_1_10' title='bbox 448 322 664 382; x_wconf 86' lang='lat' dir='ltr'>tamen</span> <span class='ocrx_word' id='word_1_11' title='bbox 715 312 768 380; x_wconf 90' lang='lat' dir='ltr'>si</span> <span class='ocrx_word' id='word_1_12' title='bbox 804 312 1170 381; x_wconf 80' lang='lat' dir='ltr'>creditores</span> <span class='ocrx_word' id='word_1_13' title='bbox 1220 312 1491 380; x_wconf 89' lang='lat' dir='ltr'>omnino</span> <span class='ocrx_word' id='word_1_14' title='bbox 1541 319 1783 399; x_wconf 89' lang='lat' dir='ltr'>sponte</span> <span class='ocrx_word' id='word_1_15' title='bbox 1818 321 1882 380; x_wconf 89' lang='lat' dir='ltr'>et</span> <span class='ocrx_word' id='word_1_16' title='bbox 1917 311 2124 380; x_wconf 87' lang='lat' dir='ltr'>libere</span> <span class='ocrx_word' id='word_1_17' title='bbox 2163 309 2446 379; x_wconf 82' lang='lat' dir='ltr'>debitori</span> <span class='ocrx_word' id='word_1_18' title='bbox 2498 298 3064 395; x_wconf 74' lang='lat' dir='ltr'>compositionem</span> 
     </span>
     <span class='ocr_line' id='line_1_3' title="bbox 447 416 3065 504; baseline -0.002 -13"><span class='ocrx_word' id='word_1_19' title='bbox 447 420 772 502; x_wconf 82' lang='lat' dir='ltr'>faciendo,</span> <span class='ocrx_word' id='word_1_20' title='bbox 824 420 1154 504; x_wconf 88' lang='lat' dir='ltr'>reliquum</span> <span class='ocrx_word' id='word_1_21' title='bbox 1189 420 1703 504; x_wconf 80' lang='lat' dir='ltr'>condonassent,</span> <span class='ocrx_word' id='word_1_22' title='bbox 1755 418 1861 488; x_wconf 90' lang='lat' dir='ltr'>ille</span> <span class='ocrx_word' id='word_1_23' title='bbox 1900 426 2058 486; x_wconf 88' lang='lat' dir='ltr'>tunc</span> <span class='ocrx_word' id='word_1_24' title='bbox 2093 417 2174 485; x_wconf 87' lang='lat' dir='ltr'>ad</span> <span class='ocrx_word' id='word_1_25' title='bbox 2209 416 2598 487; x_wconf 89' lang='lat' dir='ltr'>ulteriorem</span> <span class='ocrx_word' id='word_1_26' title='bbox 2644 417 3065 485; x_wconf 88' lang='lat' dir='ltr'>solutionem</span> 
     </span>
     <span class='ocr_line' id='line_1_4' title="bbox 447 526 3063 608; baseline -0.002 -11"><span class='ocrx_word' id='word_1_27' title='bbox 447 547 578 597; x_wconf 89' lang='lat' dir='ltr'>non</span> <span class='ocrx_word' id='word_1_28' title='bbox 631 536 988 598; x_wconf 89' lang='lat' dir='ltr'>teneretur.</span> <span class='ocrx_word' id='word_1_29' title='bbox 1038 529 1205 596; x_wconf 89' lang='lat' dir='ltr'>Item</span> <span class='ocrx_word' id='word_1_30' title='bbox 1253 529 1587 597; x_wconf 89' lang='lat' dir='ltr'>bonorum</span> <span class='ocrx_word' id='word_1_31' title='bbox 1635 545 1913 596; x_wconf 91' lang='lat' dir='ltr'>suorum</span> <span class='ocrx_word' id='word_1_32' title='bbox 1969 526 2233 608; x_wconf 80' lang='lat' dir='ltr'>cedenS,</span> <span class='ocrx_word' id='word_1_33' title='bbox 2282 532 2540 594; x_wconf 86' lang='lat' dir='ltr'>attento</span> <span class='ocrx_word' id='word_1_34' title='bbox 2586 529 2744 595; x_wconf 86' lang='lat' dir='ltr'>Jure</span> <span class='ocrx_word' id='word_1_35' title='bbox 2782 532 3063 599; x_wconf 60' lang='lat' dir='ltr'>naturae,</span> 
     </span>
     <span class='ocr_line' id='line_1_5' title="bbox 450 631 3060 722; baseline -0.002 -18"><span class='ocrx_word' id='word_1_36' title='bbox 450 643 673 722; x_wconf 88' lang='lat' dir='ltr'>potest</span> <span class='ocrx_word' id='word_1_37' title='bbox 723 634 849 703; x_wconf 89' lang='lat' dir='ltr'>sibi</span> <span class='ocrx_word' id='word_1_38' title='bbox 901 633 1154 721; x_wconf 88' lang='lat' dir='ltr'>aliquid</span> <span class='ocrx_word' id='word_1_39' title='bbox 1221 636 1388 703; x_wconf 91' lang='lat' dir='ltr'>clam</span> <span class='ocrx_word' id='word_1_40' title='bbox 1438 637 1749 718; x_wconf 86' lang='lat' dir='ltr'>retinere,</span> <span class='ocrx_word' id='word_1_41' title='bbox 1798 635 1851 704; x_wconf 91' lang='lat' dir='ltr'>si</span> <span class='ocrx_word' id='word_1_42' title='bbox 1906 641 2090 703; x_wconf 88' lang='lat' dir='ltr'>certo</span> <span class='ocrx_word' id='word_1_43' title='bbox 2159 633 2391 717; x_wconf 89' lang='lat' dir='ltr'>videat,</span> <span class='ocrx_word' id='word_1_44' title='bbox 2469 634 2651 720; x_wconf 89' lang='lat' dir='ltr'>quod</span> <span class='ocrx_word' id='word_1_45' title='bbox 2712 652 2864 720; x_wconf 87' lang='lat' dir='ltr'>pars</span> <span class='ocrx_word' id='word_1_46' title='bbox 2931 631 3060 701; x_wconf 89' lang='lat' dir='ltr'>sibi</span> 
     </span>
     <span class='ocr_line' id='line_1_6' title="bbox 446 741 3060 828; baseline -0 -19"><span class='ocrx_word' id='word_1_47' title='bbox 446 741 838 827; x_wconf 87' lang='lat' dir='ltr'>assignanda</span> <span class='ocrx_word' id='word_1_48' title='bbox 904 743 1309 810; x_wconf 84' lang='lat' dir='ltr'>insufficiens</span> <span class='ocrx_word' id='word_1_49' title='bbox 1359 743 1446 811; x_wconf 91' lang='lat' dir='ltr'>sit</span> <span class='ocrx_word' id='word_1_50' title='bbox 1494 743 1593 810; x_wconf 92' lang='lat' dir='ltr'>sui</span> <span class='ocrx_word' id='word_1_51' title='bbox 1648 761 2064 828; x_wconf 89' lang='lat' dir='ltr'>suorumque</span> <span class='ocrx_word' id='word_1_52' title='bbox 2114 742 2627 811; x_wconf 87' lang='lat' dir='ltr'>necessitatibus</span> <span class='ocrx_word' id='word_1_53' title='bbox 2647 769 2667 825; x_wconf 89' lang='lat'>;</span> <span class='ocrx_word' id='word_1_54' title='bbox 2730 750 2795 811; x_wconf 91' lang='lat' dir='ltr'>et</span> <span class='ocrx_word' id='word_1_55' title='bbox 2859 742 2915 809; x_wconf 88' lang='lat' dir='ltr'>si</span> <span class='ocrx_word' id='word_1_56' title='bbox 2978 741 3060 808; x_wconf 82' lang='lat' dir='ltr'>iis</span> 
     </span>
     <span class='ocr_line' id='line_1_7' title="bbox 448 847 3062 937; baseline -0.002 -18"><span class='ocrx_word' id='word_1_57' title='bbox 448 850 721 919; x_wconf 92' lang='lat' dir='ltr'>omnino</span> <span class='ocrx_word' id='word_1_58' title='bbox 771 848 1084 935; x_wconf 82' lang='lat' dir='ltr'>indigeat,</span> <span class='ocrx_word' id='word_1_59' title='bbox 1137 857 1359 937; x_wconf 91' lang='lat' dir='ltr'>potest</span> <span class='ocrx_word' id='word_1_60' title='bbox 1401 850 1607 936; x_wconf 86' lang='lat' dir='ltr'>jndici</span> <span class='ocrx_word' id='word_1_61' title='bbox 1661 849 2095 934; x_wconf 83' lang='lat' dir='ltr'>interroganti</span> <span class='ocrx_word' id='word_1_62' title='bbox 2146 849 2578 935; x_wconf 88' lang='lat' dir='ltr'>respondere,</span> <span class='ocrx_word' id='word_1_63' title='bbox 2628 869 2702 920; x_wconf 86' lang='lat' dir='ltr'>se</span> <span class='ocrx_word' id='word_1_64' title='bbox 2754 868 2888 918; x_wconf 86' lang='lat' dir='ltr'>non</span> <span class='ocrx_word' id='word_1_65' title='bbox 2940 847 3062 915; x_wconf 88' lang='lat' dir='ltr'>ha-</span> 
     </span>
     <span class='ocr_line' id='line_1_8' title="bbox 446 957 3062 1044; baseline -0.001 -18"><span class='ocrx_word' id='word_1_66' title='bbox 446 958 625 1040; x_wconf 86' lang='lat' dir='ltr'>bere,</span> <span class='ocrx_word' id='word_1_67' title='bbox 684 957 865 1044; x_wconf 82' lang='lat' dir='ltr'>quod</span> <span class='ocrx_word' id='word_1_68' title='bbox 916 976 1155 1043; x_wconf 87' lang='lat' dir='ltr'>nempe</span> <span class='ocrx_word' id='word_1_69' title='bbox 1204 964 1510 1026; x_wconf 86' lang='lat' dir='ltr'>teneatur</span> <span class='ocrx_word' id='word_1_70' title='bbox 1559 957 1796 1026; x_wconf 89' lang='lat' dir='ltr'>cedere</span> <span class='ocrx_word' id='word_1_71' title='bbox 1834 960 1879 1024; x_wconf 85' lang='lat'>¹.</span> <span class='ocrx_word' id='word_1_72' title='bbox 1932 959 2245 1026; x_wconf 88' lang='lat' dir='ltr'>Ceterum</span> <span class='ocrx_word' id='word_1_73' title='bbox 2296 957 2362 1025; x_wconf 90' lang='lat' dir='ltr'>in</span> <span class='ocrx_word' id='word_1_74' title='bbox 2416 957 2536 1026; x_wconf 86' lang='lat' dir='ltr'>hac</span> <span class='ocrx_word' id='word_1_75' title='bbox 2575 977 2646 1026; x_wconf 87' lang='lat' dir='ltr'>re</span> <span class='ocrx_word' id='word_1_76' title='bbox 2680 963 2877 1027; x_wconf 86' lang='lat' dir='ltr'>caute</span> <span class='ocrx_word' id='word_1_77' title='bbox 2911 973 3062 1043; x_wconf 88' lang='lat' dir='ltr'>pro-</span> 
     </span>
     <span class='ocr_line' id='line_1_9' title="bbox 449 1064 3059 1152; baseline -0.002 -19"><span class='ocrx_word' id='word_1_78' title='bbox 449 1065 852 1147; x_wconf 78' lang='lat' dir='ltr'>cedendum3</span> <span class='ocrx_word' id='word_1_79' title='bbox 904 1067 1055 1152; x_wconf 86' lang='lat' dir='ltr'>quia</span> <span class='ocrx_word' id='word_1_80' title='bbox 1093 1066 1487 1151; x_wconf 86' lang='lat' dir='ltr'>plerumque</span> <span class='ocrx_word' id='word_1_81' title='bbox 1521 1065 1855 1133; x_wconf 88' lang='lat' dir='ltr'>bonorum</span> <span class='ocrx_word' id='word_1_82' title='bbox 1890 1081 2196 1132; x_wconf 88' lang='lat' dir='ltr'>cessores</span> <span class='ocrx_word' id='word_1_83' title='bbox 2238 1082 2393 1132; x_wconf 86' lang='lat' dir='ltr'>suas</span> <span class='ocrx_word' id='word_1_84' title='bbox 2430 1065 2864 1133; x_wconf 84' lang='lat' dir='ltr'>necessitates</span> <span class='ocrx_word' id='word_1_85' title='bbox 2910 1064 3059 1149; x_wconf 84' lang='lat' dir='ltr'>plus</span> 
     </span>
     <span class='ocr_line' id='line_1_10' title="bbox 449 1169 3060 1258; baseline -0.001 -19"><span class='ocrx_word' id='word_1_86' title='bbox 449 1173 729 1240; x_wconf 90' lang='lat' dir='ltr'>nimium</span> <span class='ocrx_word' id='word_1_87' title='bbox 779 1179 1198 1258; x_wconf 81' lang='lat' dir='ltr'>exaggerant,</span> <span class='ocrx_word' id='word_1_88' title='bbox 1250 1180 1315 1240; x_wconf 90' lang='lat' dir='ltr'>et</span> <span class='ocrx_word' id='word_1_89' title='bbox 1367 1170 1711 1239; x_wconf 89' lang='lat' dir='ltr'>moderato</span> <span class='ocrx_word' id='word_1_90' title='bbox 1762 1171 1937 1239; x_wconf 90' lang='lat' dir='ltr'>victu</span> <span class='ocrx_word' id='word_1_91' title='bbox 1976 1170 2086 1255; x_wconf 89' lang='lat' dir='ltr'>qui</span> <span class='ocrx_word' id='word_1_92' title='bbox 2125 1169 2288 1256; x_wconf 89' lang='lat' dir='ltr'>ipsis</span> <span class='ocrx_word' id='word_1_93' title='bbox 2329 1171 2661 1255; x_wconf 85' lang='lat' dir='ltr'>convenit,</span> <span class='ocrx_word' id='word_1_94' title='bbox 2718 1187 3060 1258; x_wconf 88' lang='lat' dir='ltr'>nunquam</span> 
     </span>
     <span class='ocr_line' id='line_1_11' title="bbox 385 1281 1107 1379; baseline -0.003 -30"><span class='ocrx_word' id='word_1_95' title='bbox 385 1308 388 1311; x_wconf 45' lang='lat'><em>⁷</em></span> <span class='ocrx_word' id='word_1_96' title='bbox 451 1281 742 1349; x_wconf 86' lang='lat' dir='ltr'>contenti</span> <span class='ocrx_word' id='word_1_97' title='bbox 786 1287 964 1348; x_wconf 89' lang='lat' dir='ltr'>sunt.</span> <span class='ocrx_word' id='word_1_98' title='bbox 1085 1350 1107 1379; x_wconf 52' lang='lat'><em>3</em></span> 
     </span>
    </p>

    <p class='ocr_par' dir='ltr' id='par_1_3' title="bbox 451 1385 3059 2757">
     <span class='ocr_line' id='line_1_12' title="bbox 628 1385 3059 1468; baseline -0.001 -13"><span class='ocrx_word' id='word_1_99' title='bbox 628 1392 689 1455; x_wconf 75' lang='grc' dir='ltr'>[ι.</span> <span class='ocrx_word' id='word_1_100' title='bbox 741 1385 1164 1468; x_wconf 61' lang='lat' dir='ltr'>nen-msto</span> <span class='ocrx_word' id='word_1_101' title='bbox 1214 1385 1586 1468; x_wconf 81' lang='lat' dir='ltr'>creditoriS,</span> <span class='ocrx_word' id='word_1_102' title='bbox 1640 1385 2011 1455; x_wconf 89' lang='lat' dir='ltr'>dummodo</span> <span class='ocrx_word' id='word_1_103' title='bbox 2062 1386 2267 1455; x_wconf 88' lang='lat' dir='ltr'>libera</span> <span class='ocrx_word' id='word_1_104' title='bbox 2317 1387 2404 1455; x_wconf 90' lang='lat' dir='ltr'>sit</span> <span class='ocrx_word' id='word_1_105' title='bbox 2467 1395 2533 1456; x_wconf 87' lang='lat' dir='ltr'>et</span> <span class='ocrx_word' id='word_1_106' title='bbox 2598 1405 2728 1455; x_wconf 91' lang='lat' dir='ltr'>non</span> <span class='ocrx_word' id='word_1_107' title='bbox 2797 1391 3059 1454; x_wconf 83' lang='lat' dir='ltr'>extorta</span> 
     </span>
     <span class='ocr_line' id='line_1_13' title="bbox 451 1490 3054 1580; baseline 0 -21"><span class='ocrx_word' id='word_1_108' title='bbox 451 1496 531 1573; x_wconf 80' lang='lat' dir='ltr'>vi,</span> <span class='ocrx_word' id='word_1_109' title='bbox 583 1502 762 1563; x_wconf 89' lang='lat' dir='ltr'>metu</span> <span class='ocrx_word' id='word_1_110' title='bbox 816 1500 927 1561; x_wconf 91' lang='lat' dir='ltr'>aut</span> <span class='ocrx_word' id='word_1_111' title='bbox 975 1494 1225 1577; x_wconf 82' lang='lat' dir='ltr'>fraude,</span> <span class='ocrx_word' id='word_1_112' title='bbox 1276 1511 1493 1580; x_wconf 87' lang='lat' dir='ltr'>neque</span> <span class='ocrx_word' id='word_1_113' title='bbox 1542 1493 1761 1578; x_wconf 88' lang='lat' dir='ltr'>aliqua</span> <span class='ocrx_word' id='word_1_114' title='bbox 1813 1494 1957 1578; x_wconf 88' lang='lat' dir='ltr'>lege</span> <span class='ocrx_word' id='word_1_115' title='bbox 2029 1493 2366 1580; x_wconf 87' lang='lat' dir='ltr'>prohibita</span> <span class='ocrx_word' id='word_1_116' title='bbox 2417 1494 2540 1579; x_wconf 91' lang='lat' dir='ltr'>(ut,</span> <span class='ocrx_word' id='word_1_117' title='bbox 2589 1513 2643 1561; x_wconf 79' lang='lat' dir='ltr'>V.</span> <span class='ocrx_word' id='word_1_118' title='bbox 2694 1513 2775 1579; x_wconf 89' lang='lat' dir='ltr'>g.,</span> <span class='ocrx_word' id='word_1_119' title='bbox 2827 1490 3054 1578; x_wconf 79' lang='lat' dir='ltr'>probi-</span> 
     </span>
     <span class='ocr_line' id='line_1_14' title="bbox 451 1598 3057 1670; baseline -0.001 0"><span class='ocrx_word' id='word_1_120' title='bbox 451 1603 585 1670; x_wconf 89' lang='lat' dir='ltr'>bita</span> <span class='ocrx_word' id='word_1_121' title='bbox 634 1610 735 1670; x_wconf 91' lang='lat' dir='ltr'>est</span> <span class='ocrx_word' id='word_1_122' title='bbox 786 1601 1137 1669; x_wconf 87' lang='lat' dir='ltr'>Canonicis</span> <span class='ocrx_word' id='word_1_123' title='bbox 1188 1601 1590 1669; x_wconf 90' lang='lat' dir='ltr'>condonatio</span> <span class='ocrx_word' id='word_1_124' title='bbox 1642 1601 2039 1668; x_wconf 84' lang='lat' dir='ltr'>amissarum</span> <span class='ocrx_word' id='word_1_125' title='bbox 2097 1600 2644 1669; x_wconf 86' lang='lat' dir='ltr'>distributionum</span> <span class='ocrx_word' id='word_1_126' title='bbox 2713 1600 2882 1668; x_wconf 85' lang='lat' dir='ltr'>facta</span> <span class='ocrx_word' id='word_1_127' title='bbox 2946 1598 3057 1667; x_wconf 88' lang='lat' dir='ltr'>ab·</span> 
     </span>
     <span class='ocr_line' id='line_1_15' title="bbox 451 1698 3052 1794; baseline -0.002 -17"><span class='ocrx_word' id='word_1_128' title='bbox 451 1709 820 1793; x_wconf 85' lang='lat' dir='ltr'>sentibus);</span> <span class='ocrx_word' id='word_1_129' title='bbox 872 1726 1025 1777; x_wconf 92' lang='lat' dir='ltr'>cum</span> <span class='ocrx_word' id='word_1_130' title='bbox 1076 1707 1257 1778; x_wconf 87' lang='lat' dir='ltr'>enim</span> <span class='ocrx_word' id='word_1_131' title='bbox 1296 1708 1589 1777; x_wconf 85' lang='lat' dir='ltr'>creditor</span> <span class='ocrx_word' id='word_1_132' title='bbox 1628 1707 1715 1776; x_wconf 92' lang='lat' dir='ltr'>sit</span> <span class='ocrx_word' id='word_1_133' title='bbox 1749 1706 2062 1776; x_wconf 88' lang='lat' dir='ltr'>dominus</span> <span class='ocrx_word' id='word_1_134' title='bbox 2096 1708 2189 1776; x_wconf 86' lang='lat' dir='ltr'>rei</span> <span class='ocrx_word' id='word_1_135' title='bbox 2227 1698 2655 1794; x_wconf 83' lang='lat' dir='ltr'>suae‚&#39;potest</span> <span class='ocrx_word' id='word_1_136' title='bbox 2688 1724 2835 1775; x_wconf 91' lang='lat' dir='ltr'>eam</span> <span class='ocrx_word' id='word_1_137' title='bbox 2867 1706 3052 1775; x_wconf 86' lang='lat' dir='ltr'>alteri</span> 
     </span>
     <span class='ocr_line' id='line_1_16' title="bbox 453 1814 3053 1903; baseline -0.003 -18"><span class='ocrx_word' id='word_1_138' title='bbox 453 1817 719 1899; x_wconf 84' lang='lat' dir='ltr'>donare,</span> <span class='ocrx_word' id='word_1_139' title='bbox 757 1817 987 1902; x_wconf 89' lang='lat' dir='ltr'>sicque</span> <span class='ocrx_word' id='word_1_140' title='bbox 1021 1817 1362 1886; x_wconf 90' lang='lat' dir='ltr'>remittere</span> <span class='ocrx_word' id='word_1_141' title='bbox 1398 1816 1874 1903; x_wconf 83' lang='lat' dir='ltr'>obligationem</span> <span class='ocrx_word' id='word_1_142' title='bbox 1910 1816 2087 1883; x_wconf 90' lang='lat' dir='ltr'>illius</span> <span class='ocrx_word' id='word_1_143' title='bbox 2116 1814 2569 1899; x_wconf 79' lang='lat' dir='ltr'>restituendae,</span> <span class='ocrx_word' id='word_1_144' title='bbox 2605 1817 2658 1882; x_wconf 92' lang='lat' dir='ltr'>si</span> <span class='ocrx_word' id='word_1_145' title='bbox 2694 1814 2780 1883; x_wconf 90' lang='lat' dir='ltr'>sit</span> <span class='ocrx_word' id='word_1_146' title='bbox 2814 1814 3053 1882; x_wconf 88' lang='lat' dir='ltr'>oblata.</span> 
     </span>
     <span class='ocr_line' id='line_1_17' title="bbox 454 1922 3053 2009; baseline -0.002 -18"><span class='ocrx_word' id='word_1_147' title='bbox 454 1926 616 2005; x_wconf 83' lang='lat' dir='ltr'>Quae</span> <span class='ocrx_word' id='word_1_148' title='bbox 664 1924 991 2005; x_wconf 85' lang='lat' dir='ltr'>remissio,</span> <span class='ocrx_word' id='word_1_149' title='bbox 1044 1924 1304 1993; x_wconf 86' lang='lat' dir='ltr'>etiamsi</span> <span class='ocrx_word' id='word_1_150' title='bbox 1355 1924 1548 1992; x_wconf 84' lang='lat' dir='ltr'>tacita</span> <span class='ocrx_word' id='word_1_151' title='bbox 1601 1923 1708 2006; x_wconf 88' lang='lat' dir='ltr'>sit,</span> <span class='ocrx_word' id='word_1_152' title='bbox 1768 1923 1971 2004; x_wconf 87' lang='lat' dir='ltr'>valet;</span> <span class='ocrx_word' id='word_1_153' title='bbox 2046 1940 2196 1990; x_wconf 89' lang='lat' dir='ltr'>nam</span> <span class='ocrx_word' id='word_1_154' title='bbox 2243 1923 2416 1991; x_wconf 81' lang='lat' dir='ltr'>taciti</span> <span class='ocrx_word' id='word_1_155' title='bbox 2463 1935 2518 1989; x_wconf 77' lang='lat' dir='ltr'>et</span> <span class='ocrx_word' id='word_1_156' title='bbox 2562 1922 2847 2009; x_wconf 76' lang='lat' dir='ltr'>expressi</span> <span class='ocrx_word' id='word_1_157' title='bbox 2906 1941 3053 1988; x_wconf 77' lang='lat' dir='ltr'>con-</span> 
     </span>
     <span class='ocr_line' id='line_1_18' title="bbox 451 2028 3051 2127; baseline -0.001 -31"><span class='ocrx_word' id='word_1_158' title='bbox 451 2050 668 2098; x_wconf 81' lang='lat' dir='ltr'>sensus</span> <span class='ocrx_word' id='word_1_159' title='bbox 712 2030 924 2097; x_wconf 84' lang='lat' dir='ltr'>eadem</span> <span class='ocrx_word' id='word_1_160' title='bbox 966 2032 1163 2116; x_wconf 78' lang='lat' dir='ltr'>ferme</span> <span class='ocrx_word' id='word_1_161' title='bbox 1218 2044 1306 2127; x_wconf 82' lang='lat' dir='ltr'>esc</span> <span class='ocrx_word' id='word_1_162' title='bbox 1352 2031 1448 2098; x_wconf 85' lang='lat' dir='ltr'>vis</span> <span class='ocrx_word' id='word_1_163' title='bbox 1492 2043 1676 2117; x_wconf 78' lang='lat' dir='ltr'>atque</span> <span class='ocrx_word' id='word_1_164' title='bbox 1721 2031 2008 2098; x_wconf 78' lang='lat' dir='ltr'>conditio.</span> <span class='ocrx_word' id='word_1_165' title='bbox 2081 2030 2199 2099; x_wconf 89' lang='lat' dir='ltr'>Hic</span> <span class='ocrx_word' id='word_1_166' title='bbox 2239 2029 2483 2116; x_wconf 83' lang='lat' dir='ltr'>juverit</span> <span class='ocrx_word' id='word_1_167' title='bbox 2529 2028 2698 2097; x_wconf 87' lang='lat' dir='ltr'>duos</span> <span class='ocrx_word' id='word_1_168' title='bbox 2758 2028 3051 2115; x_wconf 86' lang='lat' dir='ltr'>proferre</span> 
     </span>
     <span class='ocr_line' id='line_1_19' title="bbox 453 2134 3052 2225; baseline -0.001 -21"><span class='ocrx_word' id='word_1_169' title='bbox 453 2136 768 2215; x_wconf 80' lang='lat' dir='ltr'>articulos</span> <span class='ocrx_word' id='word_1_170' title='bbox 819 2134 1067 2205; x_wconf 83' lang='lat' dir='ltr'>Codicis</span> <span class='ocrx_word' id='word_1_171' title='bbox 1113 2138 1351 2217; x_wconf 80' lang='lat' dir='ltr'>civilis;</span> <span class='ocrx_word' id='word_1_172' title='bbox 1398 2137 1655 2225; x_wconf 84' lang='lat' dir='ltr'>primus</span> <span class='ocrx_word' id='word_1_173' title='bbox 1705 2143 1840 2205; x_wconf 86' lang='lat' dir='ltr'>est:</span> <span class='ocrx_word' id='word_1_174' title='bbox 1904 2141 2000 2204; x_wconf 85' lang='lat' dir='ltr'>La</span> <span class='ocrx_word' id='word_1_175' title='bbox 2067 2138 2424 2205; x_wconf 66' lang='lat' dir='ltr'>volontarie</span> <span class='ocrx_word' id='word_1_176' title='bbox 2492 2136 2897 2203; x_wconf 76' lang='lat' dir='ltr'>restituzione</span> <span class='ocrx_word' id='word_1_177' title='bbox 2956 2134 3052 2201; x_wconf 75' lang='lat' dir='ltr'>del</span> 
     </span>
     <span class='ocr_line' id='line_1_20' title="bbox 452 2243 3049 2333; baseline -0.001 -22"><span class='ocrx_word' id='word_1_178' title='bbox 452 2244 622 2311; x_wconf 76' lang='lat' dir='ltr'>titolo</span> <span class='ocrx_word' id='word_1_179' title='bbox 670 2244 980 2331; x_wconf 65' lang='lat' dir='ltr'>originale</span> <span class='ocrx_word' id='word_1_180' title='bbox 1025 2258 1179 2312; x_wconf 82' lang='lat' dir='ltr'>sotto</span> <span class='ocrx_word' id='word_1_181' title='bbox 1226 2246 1414 2332; x_wconf 73' lang='lat' dir='ltr'>firma</span> <span class='ocrx_word' id='word_1_182' title='bbox 1451 2246 1732 2333; x_wconf 83' lang='lat' dir='ltr'>privata,</span> <span class='ocrx_word' id='word_1_183' title='bbox 1783 2245 1948 2330; x_wconf 80' lang='lat' dir='ltr'>satta</span> <span class='ocrx_word' id='word_1_184' title='bbox 1993 2244 2102 2311; x_wconf 84' lang='lat' dir='ltr'>dal</span> <span class='ocrx_word' id='word_1_185' title='bbox 2149 2244 2452 2312; x_wconf 83' lang='lat' dir='ltr'>creditore</span> <span class='ocrx_word' id='word_1_186' title='bbox 2498 2245 2566 2311; x_wconf 86' lang='lat' dir='ltr'>al</span> <span class='ocrx_word' id='word_1_187' title='bbox 2609 2243 2890 2324; x_wconf 77' lang='lat' dir='ltr'>debitore,</span> <span class='ocrx_word' id='word_1_188' title='bbox 2954 2260 3049 2309; x_wconf 86' lang='lat' dir='ltr'>co-</span> 
     </span>
     <span class='ocr_line' id='line_1_21' title="bbox 452 2349 3047 2438; baseline -0.001 -22"><span class='ocrx_word' id='word_1_189' title='bbox 452 2351 724 2417; x_wconf 80' lang='lat' dir='ltr'>stituisce</span> <span class='ocrx_word' id='word_1_190' title='bbox 773 2352 834 2417; x_wconf 82' lang='lat' dir='ltr'>la</span> <span class='ocrx_word' id='word_1_191' title='bbox 876 2370 1077 2438; x_wconf 83' lang='lat' dir='ltr'>prova</span> <span class='ocrx_word' id='word_1_192' title='bbox 1122 2351 1287 2419; x_wconf 84' lang='lat' dir='ltr'>della</span> <span class='ocrx_word' id='word_1_193' title='bbox 1334 2352 1710 2418; x_wconf 83' lang='lat' dir='ltr'>liberazione</span> <span class='ocrx_word' id='word_1_194' title='bbox 1754 2362 1926 2418; x_wconf 77' lang='lat' dir='ltr'>tanto</span> <span class='ocrx_word' id='word_1_195' title='bbox 1974 2352 2043 2417; x_wconf 81' lang='lat' dir='ltr'>in</span> <span class='ocrx_word' id='word_1_196' title='bbox 2084 2352 2302 2436; x_wconf 78' lang='lat' dir='ltr'>favore</span> <span class='ocrx_word' id='word_1_197' title='bbox 2352 2351 2508 2417; x_wconf 83' lang='lat' dir='ltr'>dello</span> <span class='ocrx_word' id='word_1_198' title='bbox 2541 2362 2726 2417; x_wconf 78' lang='lat' dir='ltr'>stesso</span> <span class='ocrx_word' id='word_1_199' title='bbox 2766 2349 3047 2431; x_wconf 81' lang='lat' dir='ltr'>debitore,</span> 
     </span>
     <span class='ocr_line' id='line_1_22' title="bbox 454 2457 3046 2544; baseline -0.002 -21"><span class='ocrx_word' id='word_1_200' title='bbox 454 2470 686 2543; x_wconf 81' lang='lat' dir='ltr'>quanto</span> <span class='ocrx_word' id='word_1_201' title='bbox 734 2459 803 2524; x_wconf 80' lang='lat' dir='ltr'>in</span> <span class='ocrx_word' id='word_1_202' title='bbox 845 2460 1062 2544; x_wconf 80' lang='lat' dir='ltr'>favore</span> <span class='ocrx_word' id='word_1_203' title='bbox 1107 2458 1205 2525; x_wconf 87' lang='lat' dir='ltr'>dei</span> <span class='ocrx_word' id='word_1_204' title='bbox 1251 2458 1628 2525; x_wconf 78' lang='lat' dir='ltr'>condebitori</span> <span class='ocrx_word' id='word_1_205' title='bbox 1675 2458 1744 2524; x_wconf 83' lang='lat' dir='ltr'>in</span> <span class='ocrx_word' id='word_1_206' title='bbox 1788 2458 1983 2525; x_wconf 82' lang='lat' dir='ltr'>solido</span> <span class='ocrx_word' id='word_1_207' title='bbox 2022 2458 2170 2543; x_wconf 89' lang='lat' dir='ltr'>(art.</span> <span class='ocrx_word' id='word_1_208' title='bbox 2211 2457 2434 2543; x_wconf 75' lang='lat'><strong>1279).</strong></span> <span class='ocrx_word' id='word_1_209' title='bbox 2468 2457 2651 2526; x_wconf 84' lang='lat' dir='ltr'>Alter</span> <span class='ocrx_word' id='word_1_210' title='bbox 2680 2457 2777 2525; x_wconf 91' lang='lat' dir='ltr'>sic</span> <span class='ocrx_word' id='word_1_211' title='bbox 2818 2458 3046 2526; x_wconf 79' lang='lat' dir='ltr'>habet:</span> 
     </span>
     <span class='ocr_line' id='line_1_23' title="bbox 454 2565 3052 2653; baseline 0.001 -24"><span class='ocrx_word' id='word_1_212' title='bbox 454 2566 550 2630; x_wconf 77' lang='lat' dir='ltr'>La</span> <span class='ocrx_word' id='word_1_213' title='bbox 595 2565 992 2631; x_wconf 78' lang='lat' dir='ltr'>restituzione</span> <span class='ocrx_word' id='word_1_214' title='bbox 1035 2565 1134 2631; x_wconf 88' lang='lat' dir='ltr'>del</span> <span class='ocrx_word' id='word_1_215' title='bbox 1170 2585 1373 2652; x_wconf 73' lang='lat' dir='ltr'>peqno</span> <span class='ocrx_word' id='word_1_216' title='bbox 1414 2585 1542 2632; x_wconf 77' lang='lat' dir='ltr'>non</span> <span class='ocrx_word' id='word_1_217' title='bbox 1591 2565 1767 2632; x_wconf 83' lang='lat' dir='ltr'>basta</span> <span class='ocrx_word' id='word_1_218' title='bbox 1811 2585 1932 2652; x_wconf 84' lang='lat' dir='ltr'>per</span> <span class='ocrx_word' id='word_1_219' title='bbox 1989 2567 2098 2651; x_wconf 80' lang='lat' dir='ltr'>far</span> <span class='ocrx_word' id='word_1_220' title='bbox 2150 2582 2510 2653; x_wconf 79' lang='lat' dir='ltr'>presumere</span> <span class='ocrx_word' id='word_1_221' title='bbox 2572 2566 2635 2631; x_wconf 83' lang='lat' dir='ltr'>la</span> <span class='ocrx_word' id='word_1_222' title='bbox 2693 2566 3052 2633; x_wconf 78' lang='lat' dir='ltr'>remissione</span> 
     </span>
     <span class='ocr_line' id='line_1_24' title="bbox 453 2671 1412 2757; baseline 0.001 -20"><span class='ocrx_word' id='word_1_223' title='bbox 453 2672 551 2737; x_wconf 83' lang='lat' dir='ltr'>del</span> <span class='ocrx_word' id='word_1_224' title='bbox 593 2671 856 2741; x_wconf 79' lang='lat' dir='ltr'>debitore</span> <span class='ocrx_word' id='word_1_225' title='bbox 905 2673 1055 2755; x_wconf 84' lang='lat' dir='ltr'>(art.</span> <span class='ocrx_word' id='word_1_226' title='bbox 1110 2674 1311 2757; x_wconf 77' lang='lat'>1280)</span> <span class='ocrx_word' id='word_1_227' title='bbox 1363 2673 1412 2738; x_wconf 85' lang='lat'>².</span> 
     </span>
    </p>

    <p class='ocr_par' dir='ltr' id='par_1_4' title="bbox 453 2777 3060 3509">
     <span class='ocr_line' id='line_1_25' title="bbox 551 2777 3053 2866; baseline 0 -21"><span class='ocrx_word' id='word_1_228' title='bbox 551 2779 761 2846; x_wconf 88' lang='lat' dir='ltr'>Etiam</span> <span class='ocrx_word' id='word_1_229' title='bbox 811 2786 994 2848; x_wconf 89' lang='lat' dir='ltr'>certo</span> <span class='ocrx_word' id='word_1_230' title='bbox 1045 2786 1447 2866; x_wconf 84' lang='lat' dir='ltr'>praesumpta</span> <span class='ocrx_word' id='word_1_231' title='bbox 1500 2778 1804 2848; x_wconf 89' lang='lat' dir='ltr'>remissio</span> <span class='ocrx_word' id='word_1_232' title='bbox 1877 2777 2131 2862; x_wconf 89' lang='lat' dir='ltr'>liberat,</span> <span class='ocrx_word' id='word_1_233' title='bbox 2181 2779 2347 2848; x_wconf 88' lang='lat' dir='ltr'>adeo</span> <span class='ocrx_word' id='word_1_234' title='bbox 2396 2786 2470 2847; x_wconf 89' lang='lat' dir='ltr'>ut</span> <span class='ocrx_word' id='word_1_235' title='bbox 2516 2777 2710 2846; x_wconf 89' lang='lat' dir='ltr'>liceat</span> <span class='ocrx_word' id='word_1_236' title='bbox 2758 2777 2873 2847; x_wconf 91' lang='lat' dir='ltr'>tibi</span> <span class='ocrx_word' id='word_1_237' title='bbox 2915 2795 3053 2847; x_wconf 88' lang='lat' dir='ltr'>rem</span> 
     </span>
     <span class='ocr_line' id='line_1_26' title="bbox 457 2884 3054 2971; baseline 0.001 -21"><span class='ocrx_word' id='word_1_238' title='bbox 457 2884 737 2951; x_wconf 83' lang='lat' dir='ltr'>alienam</span> <span class='ocrx_word' id='word_1_239' title='bbox 773 2885 1056 2954; x_wconf 82' lang='lat' dir='ltr'>retinere</span> <span class='ocrx_word' id='word_1_240' title='bbox 1091 2887 1188 2954; x_wconf 89' lang='lat' dir='ltr'>vel</span> <span class='ocrx_word' id='word_1_241' title='bbox 1227 2886 1525 2971; x_wconf 86' lang='lat' dir='ltr'>accipere</span> <span class='ocrx_word' id='word_1_242' title='bbox 1562 2904 1644 2953; x_wconf 80' lang='lat' dir='ltr'>ex</span> <span class='ocrx_word' id='word_1_243' title='bbox 1708 2893 2110 2971; x_wconf 84' lang='lat' dir='ltr'>praesumpta</span> <span class='ocrx_word' id='word_1_244' title='bbox 2143 2886 2477 2955; x_wconf 83' lang='lat' dir='ltr'>voluntate</span> <span class='ocrx_word' id='word_1_245' title='bbox 2512 2884 2780 2967; x_wconf 89' lang='lat' dir='ltr'>domini,</span> <span class='ocrx_word' id='word_1_246' title='bbox 2819 2902 3054 2970; x_wconf 85' lang='lat' dir='ltr'>nempe</span> 
     </span>
     <span class='ocr_line' id='line_1_27' title="bbox 459 2991 3060 3079; baseline 0 -20"><span class='ocrx_word' id='word_1_247' title='bbox 459 2991 637 3078; x_wconf 82' lang='lat' dir='ltr'>quod</span> <span class='ocrx_word' id='word_1_248' title='bbox 686 2992 740 3061; x_wconf 88' lang='lat' dir='ltr'>si</span> <span class='ocrx_word' id='word_1_249' title='bbox 792 3001 1050 3079; x_wconf 87' lang='lat' dir='ltr'>peteres</span> <span class='ocrx_word' id='word_1_250' title='bbox 1097 2994 1382 3063; x_wconf 89' lang='lat' dir='ltr'>libenter</span> <span class='ocrx_word' id='word_1_251' title='bbox 1431 2993 1542 3062; x_wconf 87' lang='lat' dir='ltr'>ille</span> <span class='ocrx_word' id='word_1_252' title='bbox 1591 2993 1890 3077; x_wconf 90' lang='lat' dir='ltr'>donaret,</span> <span class='ocrx_word' id='word_1_253' title='bbox 1946 3000 2144 3079; x_wconf 90' lang='lat' dir='ltr'>prout</span> <span class='ocrx_word' id='word_1_254' title='bbox 2215 2994 2375 3062; x_wconf 88' lang='lat' dir='ltr'>satis</span> <span class='ocrx_word' id='word_1_255' title='bbox 2433 2992 2877 3062; x_wconf 88' lang='lat' dir='ltr'>communiter</span> <span class='ocrx_word' id='word_1_256' title='bbox 2937 2991 3060 3060; x_wconf 55' lang='lat' dir='ltr'>do«</span> 
     </span>
     <span class='ocr_line' id='line_1_28' title="bbox 460 3103 3049 3190; baseline 0 -22"><span class='ocrx_word' id='word_1_257' title='bbox 460 3107 610 3168; x_wconf 80' lang='lat' dir='ltr'>cent</span> <span class='ocrx_word' id='word_1_258' title='bbox 660 3119 809 3169; x_wconf 89' lang='lat' dir='ltr'>cum</span> <span class='ocrx_word' id='word_1_259' title='bbox 860 3103 1206 3188; x_wconf 83' lang='lat' dir='ltr'>Angelico:</span> <span class='ocrx_word' id='word_1_260' title='bbox 1256 3103 1407 3189; x_wconf 80' lang='lat' dir='ltr'>quid</span> <span class='ocrx_word' id='word_1_261' title='bbox 1451 3104 1616 3170; x_wconf 82' lang='lat' dir='ltr'>enim</span> <span class='ocrx_word' id='word_1_262' title='bbox 1665 3103 1803 3170; x_wconf 88' lang='lat' dir='ltr'>dolo</span> <span class='ocrx_word' id='word_1_263' title='bbox 1843 3104 2017 3188; x_wconf 78' lang='lat' dir='ltr'>facit,</span> <span class='ocrx_word' id='word_1_264' title='bbox 2068 3103 2178 3189; x_wconf 80' lang='lat' dir='ltr'>qui</span> <span class='ocrx_word' id='word_1_265' title='bbox 2212 3115 2398 3190; x_wconf 73' lang='lat' dir='ltr'>putat</span> <span class='ocrx_word' id='word_1_266' title='bbox 2444 3104 2766 3170; x_wconf 78' lang='lat' dir='ltr'>dominum</span> <span class='ocrx_word' id='word_1_267' title='bbox 2797 3121 3049 3169; x_wconf 76' lang='lat' dir='ltr'>consen·</span> 
     </span>
     <span class='ocr_line' id='line_1_29' title="bbox 453 3208 3053 3297; baseline 0.002 -25"><span class='ocrx_word' id='word_1_268' title='bbox 453 3225 674 3274; x_wconf 81' lang='lat' dir='ltr'>surum</span> <span class='ocrx_word' id='word_1_269' title='bbox 717 3209 910 3294; x_wconf 80' lang='lat' dir='ltr'>fuisse</span> <span class='ocrx_word' id='word_1_270' title='bbox 943 3215 1021 3277; x_wconf 75' lang='lat'>³?</span> <span class='ocrx_word' id='word_1_271' title='bbox 1055 3210 1218 3278; x_wconf 83' lang='lat' dir='ltr'>Hinc</span> <span class='ocrx_word' id='word_1_272' title='bbox 1249 3209 1558 3278; x_wconf 89' lang='lat' dir='ltr'>dominus</span> <span class='ocrx_word' id='word_1_273' title='bbox 1593 3210 1679 3279; x_wconf 93' lang='lat' dir='ltr'>ob</span> <span class='ocrx_word' id='word_1_274' title='bbox 1716 3208 1878 3278; x_wconf 86' lang='lat' dir='ltr'>levia</span> <span class='ocrx_word' id='word_1_275' title='bbox 1930 3210 2172 3279; x_wconf 75' lang='lat' dir='ltr'>turtula</span> <span class='ocrx_word' id='word_1_276' title='bbox 2209 3228 2470 3279; x_wconf 88' lang='lat' dir='ltr'>servum</span> <span class='ocrx_word' id='word_1_277' title='bbox 2507 3210 2852 3297; x_wconf 85' lang='lat' dir='ltr'>expellens</span> <span class='ocrx_word' id='word_1_278' title='bbox 2890 3227 3053 3279; x_wconf 86' lang='lat' dir='ltr'>cen-</span> 
     </span>
     <span class='ocr_line' id='line_1_30' title="bbox 458 3316 3058 3406; baseline 0.001 -26"><span class='ocrx_word' id='word_1_279' title='bbox 458 3322 643 3381; x_wconf 87' lang='lat' dir='ltr'>setur</span> <span class='ocrx_word' id='word_1_280' title='bbox 685 3317 898 3385; x_wconf 86' lang='lat' dir='ltr'>eidem</span> <span class='ocrx_word' id='word_1_281' title='bbox 954 3318 1289 3385; x_wconf 83' lang='lat' dir='ltr'>remittere</span> <span class='ocrx_word' id='word_1_282' title='bbox 1339 3334 1604 3386; x_wconf 91' lang='lat' dir='ltr'>omnem</span> <span class='ocrx_word' id='word_1_283' title='bbox 1654 3317 2152 3403; x_wconf 85' lang='lat' dir='ltr'>obligationem,</span> <span class='ocrx_word' id='word_1_284' title='bbox 2203 3317 2330 3387; x_wconf 88' lang='lat' dir='ltr'>hoc</span> <span class='ocrx_word' id='word_1_285' title='bbox 2392 3319 2559 3405; x_wconf 74' lang='lat' dir='ltr'>ip30,</span> <span class='ocrx_word' id='word_1_286' title='bbox 2638 3319 2826 3406; x_wconf 82' lang='lat' dir='ltr'>quod</span> <span class='ocrx_word' id='word_1_287' title='bbox 2897 3316 3058 3386; x_wconf 88' lang='lat' dir='ltr'>nihil</span> 
     </span>
     <span class='ocr_line' id='line_1_31' title="bbox 459 3410 1739 3509; baseline 0.002 -22"><span class='ocrx_word' id='word_1_288' title='bbox 459 3429 640 3509; x_wconf 84' lang='lat' dir='ltr'>petat</span> <span class='ocrx_word' id='word_1_289' title='bbox 690 3430 754 3491; x_wconf 89' lang='lat' dir='ltr'>et</span> <span class='ocrx_word' id='word_1_290' title='bbox 794 3440 945 3491; x_wconf 89' lang='lat' dir='ltr'>eum</span> <span class='ocrx_word' id='word_1_291' title='bbox 996 3422 1282 3492; x_wconf 86' lang='lat' dir='ltr'>dimittat</span> <span class='ocrx_word' id='word_1_292' title='bbox 1332 3425 1472 3508; x_wconf 84' lang='lat' dir='ltr'>(G).</span> <span class='ocrx_word' id='word_1_293' title='bbox 1734 3410 1739 3415; x_wconf 67' lang='grc'><strong><em>’</em></strong></span> 
     </span>
    </p>

    <p class='ocr_par' dir='ltr' id='par_1_5' title="bbox 454 3505 3059 3832">
     <span class='ocr_line' id='line_1_32' title="bbox 635 3505 3056 3618; baseline 0 -22"><span class='ocrx_word' id='word_1_294' title='bbox 635 3532 695 3596; x_wconf 86' lang='grc'>5.</span> <span class='ocrx_word' id='word_1_295' title='bbox 747 3527 1380 3611; x_wconf 67' lang='lat' dir='ltr'>Campe-:satim</span> <span class='ocrx_word' id='word_1_296' title='bbox 1414 3529 1539 3596; x_wconf 84' lang='lat' dir='ltr'>alia</span> <span class='ocrx_word' id='word_1_297' title='bbox 1570 3537 1673 3598; x_wconf 89' lang='lat' dir='ltr'>est</span> <span class='ocrx_word' id='word_1_298' title='bbox 1709 3532 2098 3618; x_wconf 83' lang='lat' dir='ltr'>impropria:</span> <span class='ocrx_word' id='word_1_299' title='bbox 2134 3538 2199 3600; x_wconf 89' lang='lat' dir='ltr'>et</span> <span class='ocrx_word' id='word_1_300' title='bbox 2232 3539 2333 3600; x_wconf 88' lang='lat' dir='ltr'>est</span> <span class='ocrx_word' id='word_1_301' title='bbox 2368 3531 2571 3601; x_wconf 88' lang='lat' dir='ltr'>debiti</span> <span class='ocrx_word' id='word_1_302' title='bbox 2608 3505 3056 3617; x_wconf 60' lang='lat' dir='ltr'>recuperfitm,</span> 
     </span>
     <span class='ocr_line' id='line_1_33' title="bbox 458 3634 3058 3722; baseline 0.001 -20"><span class='ocrx_word' id='word_1_303' title='bbox 458 3635 666 3705; x_wconf 90' lang='lat' dir='ltr'>inscio</span> <span class='ocrx_word' id='word_1_304' title='bbox 717 3635 1042 3717; x_wconf 90' lang='lat' dir='ltr'>debitore,</span> <span class='ocrx_word' id='word_1_305' title='bbox 1091 3635 1278 3704; x_wconf 84' lang='lat' dir='ltr'>facta.</span> <span class='ocrx_word' id='word_1_306' title='bbox 1329 3637 1560 3705; x_wconf 89' lang='lat' dir='ltr'>Evenit</span> <span class='ocrx_word' id='word_1_307' title='bbox 1625 3634 1891 3722; x_wconf 87' lang='lat' dir='ltr'>quando</span> <span class='ocrx_word' id='word_1_308' title='bbox 1966 3645 2220 3706; x_wconf 87' lang='lat' dir='ltr'>tantum</span> <span class='ocrx_word' id='word_1_309' title='bbox 2288 3638 2655 3707; x_wconf 85' lang='lat' dir='ltr'>auferimus</span> <span class='ocrx_word' id='word_1_310' title='bbox 2720 3637 2801 3706; x_wconf 92' lang='lat' dir='ltr'>de</span> <span class='ocrx_word' id='word_1_311' title='bbox 2862 3637 3058 3706; x_wconf 85' lang='lat' dir='ltr'>bonis</span> 
     </span>
     <span class='ocr_line' id='line_1_34' title="bbox 454 3741 3059 3832; baseline 0 -20"><span class='ocrx_word' id='word_1_312' title='bbox 454 3742 801 3824; x_wconf 78' lang='lat' dir='ltr'>debitoriS,</span> <span class='ocrx_word' id='word_1_313' title='bbox 855 3748 1176 3827; x_wconf 82' lang='lat' dir='ltr'>quantum</span> <span class='ocrx_word' id='word_1_314' title='bbox 1226 3741 1387 3811; x_wconf 89' lang='lat' dir='ltr'>satis</span> <span class='ocrx_word' id='word_1_315' title='bbox 1436 3751 1537 3811; x_wconf 89' lang='lat' dir='ltr'>est</span> <span class='ocrx_word' id='word_1_316' title='bbox 1585 3742 1667 3811; x_wconf 88' lang='lat' dir='ltr'>ad</span> <span class='ocrx_word' id='word_1_317' title='bbox 1715 3745 2245 3830; x_wconf 88' lang='lat' dir='ltr'>recuperandum</span> <span class='ocrx_word' id='word_1_318' title='bbox 2316 3745 2495 3832; x_wconf 88' lang='lat' dir='ltr'>quod</span> <span class='ocrx_word' id='word_1_319' title='bbox 2535 3746 2728 3815; x_wconf 91' lang='lat' dir='ltr'>nobis</span> <span class='ocrx_word' id='word_1_320' title='bbox 2761 3744 3059 3814; x_wconf 89' lang='lat' dir='ltr'>debitum</span> 
     </span>
    </p>
   </div>
   <div class='ocr_carea' id='block_1_3' title="bbox 451 4025 3122 4714">
    <p class='ocr_par' dir='ltr' id='par_1_6' title="bbox 451 4025 3122 4714">
     <span class='ocr_line' id='line_1_35' title="bbox 517 4025 2388 4101; baseline 0.002 -24"><span class='ocrx_word' id='word_1_321' title='bbox 517 4027 540 4067; x_wconf 87' lang='lat'>1</span> <span class='ocrx_word' id='word_1_322' title='bbox 583 4028 638 4078; x_wconf 78' lang='lat' dir='ltr'>V.</span> <span class='ocrx_word' id='word_1_323' title='bbox 673 4025 904 4091; x_wconf 67' lang='lat' dir='ltr'>nigriori,</span> <span class='ocrx_word' id='word_1_324' title='bbox 940 4026 1082 4090; x_wconf 74' lang='lat' dir='ltr'>opus</span> <span class='ocrx_word' id='word_1_325' title='bbox 1110 4028 1268 4091; x_wconf 61' lang='lat' dir='ltr'>Mor„</span> <span class='ocrx_word' id='word_1_326' title='bbox 1301 4027 1334 4078; x_wconf 90' lang='lat'>1.</span> <span class='ocrx_word' id='word_1_327' title='bbox 1371 4039 1446 4090; x_wconf 86' lang='lat' dir='ltr'>m,</span> <span class='ocrx_word' id='word_1_328' title='bbox 1486 4040 1542 4080; x_wconf 89' lang='lat' dir='ltr'>n.</span> <span class='ocrx_word' id='word_1_329' title='bbox 1583 4031 1691 4082; x_wconf 78' lang='grc'><strong>158.</strong></span> <span class='ocrx_word' id='word_1_330' title='bbox 2352 4071 2388 4101; x_wconf 70' lang='grc'>.,</span> 
     </span>
     <span class='ocr_line' id='line_1_36' title="bbox 459 4090 3062 4204; baseline 0.002 -64"><span class='ocrx_word' id='word_1_331' title='bbox 459 4090 640 4204; x_wconf 51' lang='grc' dir='ltr'>Τῖὃίέὶ</span> <span class='ocrx_word' id='word_1_332' title='bbox 662 4090 885 4204; x_wconf 67' lang='lat' dir='ltr'><strong>A.t467;</strong></span> <span class='ocrx_word' id='word_1_333' title='bbox 916 4115 981 4128; x_wconf 92' lang='lat'>—</span> <span class='ocrx_word' id='word_1_334' title='bbox 1013 4090 1066 4142; x_wconf 86' lang='lat' dir='ltr'>G.</span> <span class='ocrx_word' id='word_1_335' title='bbox 1106 4091 1165 4142; x_wconf 81' lang='lat' dir='ltr'>G.</span> <span class='ocrx_word' id='word_1_336' title='bbox 1204 4093 1359 4153; x_wconf 66' lang='grc'><strong>1386;</strong></span> <span class='ocrx_word' id='word_1_337' title='bbox 1393 4116 1456 4128; x_wconf 91' lang='grc'><strong>-</strong></span> <span class='ocrx_word' id='word_1_338' title='bbox 1493 4091 1547 4141; x_wconf 81' lang='lat' dir='ltr'>G.</span> <span class='ocrx_word' id='word_1_339' title='bbox 1586 4091 1635 4143; x_wconf 86' lang='lat' dir='ltr'>S.</span> <span class='ocrx_word' id='word_1_340' title='bbox 1678 4092 1835 4156; x_wconf 72' lang='lat'><strong>12403</strong></span> <span class='ocrx_word' id='word_1_341' title='bbox 1877 4117 1942 4130; x_wconf 92' lang='lat'>—</span> <span class='ocrx_word' id='word_1_342' title='bbox 1977 4093 2031 4145; x_wconf 87' lang='lat' dir='ltr'>G.</span> <span class='ocrx_word' id='word_1_343' title='bbox 2067 4093 2125 4143; x_wconf 86' lang='lat' dir='ltr'>P.</span> <span class='ocrx_word' id='word_1_344' title='bbox 2158 4095 2307 4154; x_wconf 74' lang='lat'><strong>1267;</strong></span> <span class='ocrx_word' id='word_1_345' title='bbox 2343 4116 2405 4129; x_wconf 95' lang='lat'>—</span> <span class='ocrx_word' id='word_1_346' title='bbox 2440 4092 2495 4144; x_wconf 86' lang='lat' dir='ltr'>G.</span> <span class='ocrx_word' id='word_1_347' title='bbox 2542 4090 2614 4142; x_wconf 75' lang='lat' dir='ltr'>M.</span> <span class='ocrx_word' id='word_1_348' title='bbox 2673 4091 2824 4153; x_wconf 71' lang='lat'>13455</span> <span class='ocrx_word' id='word_1_349' title='bbox 2876 4116 2937 4128; x_wconf 93' lang='lat'>-</span> <span class='ocrx_word' id='word_1_350' title='bbox 2999 4092 3062 4144; x_wconf 85' lang='lat' dir='ltr'>G.</span> 
     </span>
     <span class='ocr_line' id='line_1_37' title="bbox 584 4164 3058 4295; baseline 0.001 -30"><span class='ocrx_word' id='word_1_351' title='bbox 584 4232 602 4255; x_wconf 72' lang='grc' dir='ltr'><strong>ι</strong></span> <span class='ocrx_word' id='word_1_352' title='bbox 639 4215 713 4265; x_wconf 82' lang='lat' dir='ltr'>La</span> <span class='ocrx_word' id='word_1_353' title='bbox 746 4164 1057 4265; x_wconf 58' lang='lat' dir='ltr'>reufflsione</span> <span class='ocrx_word' id='word_1_354' title='bbox 1090 4214 1174 4266; x_wconf 79' lang='lat' dir='ltr'>del</span> <span class='ocrx_word' id='word_1_355' title='bbox 1207 4225 1379 4277; x_wconf 80' lang='lat' dir='ltr'>pegno</span> <span class='ocrx_word' id='word_1_356' title='bbox 1411 4213 1538 4267; x_wconf 81' lang='lat' dir='ltr'>dato</span> <span class='ocrx_word' id='word_1_357' title='bbox 1571 4225 1604 4264; x_wconf 79' lang='lat' dir='ltr'>a</span> <span class='ocrx_word' id='word_1_358' title='bbox 1636 4216 1967 4295; x_wconf 63' lang='lat' dir='ltr'>guarentigla</span> <span class='ocrx_word' id='word_1_359' title='bbox 1994 4214 2079 4268; x_wconf 87' lang='lat' dir='ltr'>del</span> <span class='ocrx_word' id='word_1_360' title='bbox 2113 4214 2220 4267; x_wconf 90' lang='lat' dir='ltr'>mio</span> <span class='ocrx_word' id='word_1_361' title='bbox 2251 4214 2456 4267; x_wconf 81' lang='lat' dir='ltr'>credito</span> <span class='ocrx_word' id='word_1_362' title='bbox 2494 4226 2664 4280; x_wconf 68' lang='lat' dir='ltr'>prove.</span> <span class='ocrx_word' id='word_1_363' title='bbox 2714 4215 3058 4269; x_wconf 76' lang='lat' dir='ltr'>unicamente</span> 
     </span>
     <span class='ocr_line' id='line_1_38' title="bbox 451 4275 3058 4348; baseline 0 -21"><span class='ocrx_word' id='word_1_364' title='bbox 451 4277 507 4327; x_wconf 84' lang='lat' dir='ltr'>la</span> <span class='ocrx_word' id='word_1_365' title='bbox 538 4276 755 4348; x_wconf 75' lang='lat' dir='ltr'>volonta</span> <span class='ocrx_word' id='word_1_366' title='bbox 789 4278 896 4327; x_wconf 86' lang='lat' dir='ltr'>mia</span> <span class='ocrx_word' id='word_1_367' title='bbox 927 4277 982 4327; x_wconf 90' lang='lat' dir='ltr'>di</span> <span class='ocrx_word' id='word_1_368' title='bbox 1018 4276 1279 4329; x_wconf 83' lang='lat' dir='ltr'>affidarmi</span> <span class='ocrx_word' id='word_1_369' title='bbox 1316 4288 1348 4327; x_wconf 80' lang='lat' dir='ltr'>a</span> <span class='ocrx_word' id='word_1_370' title='bbox 1385 4277 1472 4327; x_wconf 88' lang='lat' dir='ltr'>voi</span> <span class='ocrx_word' id='word_1_371' title='bbox 1544 4288 1600 4328; x_wconf 86' lang='lat' dir='ltr'>er</span> <span class='ocrx_word' id='word_1_372' title='bbox 1630 4277 2065 4341; x_wconf 85' lang='lat' dir='ltr'>lademplmento</span> <span class='ocrx_word' id='word_1_373' title='bbox 2098 4277 2617 4342; x_wconf 75' lang='lat' dir='ltr'>dell&#39;obbligazione3</span> <span class='ocrx_word' id='word_1_374' title='bbox 2655 4290 2748 4330; x_wconf 83' lang='lat' dir='ltr'>ma</span> <span class='ocrx_word' id='word_1_375' title='bbox 2779 4289 2889 4330; x_wconf 88' lang='lat' dir='ltr'>non</span> <span class='ocrx_word' id='word_1_376' title='bbox 2922 4275 2955 4327; x_wconf 85' lang='lat' dir='ltr'>l&#39;</span> <span class='ocrx_word' id='word_1_377' title='bbox 2976 4277 3058 4328; x_wconf 86' lang='lat' dir='ltr'>iu·</span> 
     </span>
     <span class='ocr_line' id='line_1_39' title="bbox 459 4337 2606 4403; baseline 0.002 -16"><span class='ocrx_word' id='word_1_378' title='bbox 459 4338 706 4389; x_wconf 75' lang='lat' dir='ltr'>tenzione</span> <span class='ocrx_word' id='word_1_379' title='bbox 738 4337 787 4388; x_wconf 84' lang='lat' dir='ltr'>di</span> <span class='ocrx_word' id='word_1_380' title='bbox 825 4340 1109 4391; x_wconf 84' lang='lat' dir='ltr'>rimettervi</span> <span class='ocrx_word' id='word_1_381' title='bbox 1145 4339 1180 4390; x_wconf 88' lang='lat' dir='ltr'>ll</span> <span class='ocrx_word' id='word_1_382' title='bbox 1213 4337 1410 4391; x_wconf 72' lang='lat' dir='ltr'>debito.</span> <span class='ocrx_word' id='word_1_383' title='bbox 1450 4361 1468 4383; x_wconf 76' lang='grc' dir='ltr'><strong>ι</strong></span> <span class='ocrx_word' id='word_1_384' title='bbox 1560 4377 1572 4389; x_wconf 92' lang='grc'><strong>.</strong></span> <span class='ocrx_word' id='word_1_385' title='bbox 1607 4340 1864 4400; x_wconf 78' lang='lat' dir='ltr'>Garriere,</span> <span class='ocrx_word' id='word_1_386' title='bbox 1901 4340 1970 4391; x_wconf 88' lang='lat' dir='ltr'>De</span> <span class='ocrx_word' id='word_1_387' title='bbox 2004 4340 2377 4403; x_wconf 77' lang='lat' dir='ltr'>contractibus,</span> <span class='ocrx_word' id='word_1_388' title='bbox 2410 4352 2463 4391; x_wconf 90' lang='lat' dir='ltr'>n.</span> <span class='ocrx_word' id='word_1_389' title='bbox 2498 4341 2606 4392; x_wconf 57' lang='lat'>424</span> 
     </span>
     <span class='ocr_line' id='line_1_40' title="bbox 521 4400 3058 4468; baseline 0.002 -20"><span class='ocrx_word' id='word_1_390' title='bbox 521 4400 543 4439; x_wconf 77' lang='lat'>⁸</span> <span class='ocrx_word' id='word_1_391' title='bbox 575 4400 629 4449; x_wconf 85' lang='lat' dir='ltr'>L.</span> <span class='ocrx_word' id='word_1_392' title='bbox 664 4412 810 4461; x_wconf 66' lang='grc' dir='ltr'><strong>χινι,</strong></span> <span class='ocrx_word' id='word_1_393' title='bbox 902 4404 951 4461; x_wconf 83' lang='grc'>7,</span> <span class='ocrx_word' id='word_1_394' title='bbox 983 4404 1039 4465; x_wconf 77' lang='grc'>17.</span> <span class='ocrx_word' id='word_1_395' title='bbox 1072 4402 1135 4453; x_wconf 77' lang='lat' dir='ltr'>de</span> <span class='ocrx_word' id='word_1_396' title='bbox 1164 4402 1337 4465; x_wconf 78' lang='lat' dir='ltr'>furtis.</span> <span class='ocrx_word' id='word_1_397' title='bbox 1368 4427 1431 4439; x_wconf 89' lang='lat'>—</span> <span class='ocrx_word' id='word_1_398' title='bbox 1474 4403 1526 4452; x_wconf 88' lang='lat' dir='ltr'>V.</span> <span class='ocrx_word' id='word_1_399' title='bbox 1560 4402 1793 4464; x_wconf 84' lang='lat' dir='ltr'>Lignori,</span> <span class='ocrx_word' id='word_1_400' title='bbox 1831 4402 1922 4465; x_wconf 77' lang='lat' dir='ltr'>Op.</span> <span class='ocrx_word' id='word_1_401' title='bbox 1958 4402 2117 4457; x_wconf 77' lang='lat' dir='ltr'>Mor..</span> <span class='ocrx_word' id='word_1_402' title='bbox 2150 4403 2182 4454; x_wconf 91' lang='lat' dir='ltr'>l.</span> <span class='ocrx_word' id='word_1_403' title='bbox 2215 4415 2292 4463; x_wconf 87' lang='grc' dir='ltr'><strong>ιιι,</strong></span> <span class='ocrx_word' id='word_1_404' title='bbox 2344 4416 2397 4456; x_wconf 88' lang='lat' dir='ltr'>n.</span> <span class='ocrx_word' id='word_1_405' title='bbox 2455 4404 2566 4456; x_wconf 86' lang='lat'><strong>700.</strong></span> <span class='ocrx_word' id='word_1_406' title='bbox 2619 4406 2802 4468; x_wconf 84' lang='lat' dir='ltr'>Neque</span> <span class='ocrx_word' id='word_1_407' title='bbox 2853 4400 3058 4463; x_wconf 79' lang='lat' dir='ltr'>obstat,</span> 
     </span>
     <span class='ocr_line' id='line_1_41' title="bbox 453 4461 3058 4531; baseline 0.001 -19"><span class='ocrx_word' id='word_1_408' title='bbox 453 4461 598 4524; x_wconf 87' lang='lat' dir='ltr'>quod</span> <span class='ocrx_word' id='word_1_409' title='bbox 637 4461 701 4511; x_wconf 82' lang='lat' dir='ltr'>ad</span> <span class='ocrx_word' id='word_1_410' title='bbox 736 4463 846 4513; x_wconf 89' lang='lat' dir='ltr'>Con</span> <span class='ocrx_word' id='word_1_411' title='bbox 869 4465 1103 4515; x_wconf 79' lang='lat' dir='ltr'>essiones</span> <span class='ocrx_word' id='word_1_412' title='bbox 1127 4464 1472 4528; x_wconf 82' lang='lat' dir='ltr'>excipiendas</span> <span class='ocrx_word' id='word_1_413' title='bbox 1526 4467 1614 4531; x_wconf 78' lang='lat' dir='ltr'>vet</span> <span class='ocrx_word' id='word_1_414' title='bbox 1645 4466 1985 4516; x_wconf 71' lang='lat' dir='ltr'>matrimonio</span> <span class='ocrx_word' id='word_1_415' title='bbox 2019 4466 2377 4518; x_wconf 74' lang='lat' dir='ltr'>assistendum</span> <span class='ocrx_word' id='word_1_416' title='bbox 2410 4464 2716 4530; x_wconf 81' lang='lat' dir='ltr'>requiratur</span> <span class='ocrx_word' id='word_1_417' title='bbox 2746 4464 2814 4516; x_wconf 87' lang='lat' dir='ltr'>de</span> <span class='ocrx_word' id='word_1_418' title='bbox 2862 4463 3058 4517; x_wconf 76' lang='lat' dir='ltr'>validi·</span> 
     </span>
     <span class='ocr_line' id='line_1_42' title="bbox 456 4501 3061 4600; baseline 0.001 -26"><span class='ocrx_word' id='word_1_419' title='bbox 456 4524 562 4576; x_wconf 82' lang='lat' dir='ltr'>tate</span> <span class='ocrx_word' id='word_1_420' title='bbox 592 4523 817 4596; x_wconf 71' lang='lat' dir='ltr'>facultas</span> <span class='ocrx_word' id='word_1_421' title='bbox 843 4524 968 4576; x_wconf 84' lang='lat' dir='ltr'>data</span> <span class='ocrx_word' id='word_1_422' title='bbox 1003 4538 1233 4599; x_wconf 76' lang='lat' dir='ltr'>praesens</span> <span class='ocrx_word' id='word_1_423' title='bbox 1264 4528 1316 4579; x_wconf 87' lang='lat' dir='ltr'>et</span> <span class='ocrx_word' id='word_1_424' title='bbox 1350 4501 1610 4590; x_wconf 43' lang='lat' dir='ltr'>positiva</span> <span class='ocrx_word' id='word_1_425' title='bbox 1643 4538 1769 4600; x_wconf 78' lang='lat' dir='ltr'>nam</span> <span class='ocrx_word' id='word_1_426' title='bbox 1804 4527 1861 4578; x_wconf 87' lang='lat' dir='ltr'>in</span> <span class='ocrx_word' id='word_1_427' title='bbox 1904 4527 2090 4578; x_wconf 86' lang='lat' dir='ltr'>nostro</span> <span class='ocrx_word' id='word_1_428' title='bbox 2137 4538 2268 4579; x_wconf 83' lang='lat' dir='ltr'>casu</span> <span class='ocrx_word' id='word_1_429' title='bbox 2317 4540 2429 4581; x_wconf 84' lang='lat' dir='ltr'>non</span> <span class='ocrx_word' id='word_1_430' title='bbox 2481 4530 2779 4594; x_wconf 77' lang='lat' dir='ltr'>requiritur</span> <span class='ocrx_word' id='word_1_431' title='bbox 2828 4524 3061 4591; x_wconf 75' lang='lat' dir='ltr'>positiva</span> 
     </span>
     <span class='ocr_line' id='line_1_43' title="bbox 455 4584 3122 4653; baseline 0.001 -17"><span class='ocrx_word' id='word_1_432' title='bbox 455 4584 662 4637; x_wconf 78' lang='lat' dir='ltr'>domini</span> <span class='ocrx_word' id='word_1_433' title='bbox 698 4585 961 4647; x_wconf 84' lang='lat' dir='ltr'>voluutas,</span> <span class='ocrx_word' id='word_1_434' title='bbox 995 4587 1085 4639; x_wconf 87' lang='lat' dir='ltr'>sed</span> <span class='ocrx_word' id='word_1_435' title='bbox 1120 4592 1251 4640; x_wconf 76' lang='lat' dir='ltr'>satis</span> <span class='ocrx_word' id='word_1_436' title='bbox 1282 4593 1364 4640; x_wconf 87' lang='lat' dir='ltr'>est</span> <span class='ocrx_word' id='word_1_437' title='bbox 1431 4589 1537 4641; x_wconf 88' lang='lat' dir='ltr'>uod</span> <span class='ocrx_word' id='word_1_438' title='bbox 1574 4590 1801 4653; x_wconf 78' lang='lat' dir='ltr'>positive</span> <span class='ocrx_word' id='word_1_439' title='bbox 1836 4599 1945 4640; x_wconf 88' lang='lat' dir='ltr'>non</span> <span class='ocrx_word' id='word_1_440' title='bbox 1980 4589 2049 4642; x_wconf 88' lang='lat' dir='ltr'>sit</span> <span class='ocrx_word' id='word_1_441' title='bbox 2081 4591 2295 4642; x_wconf 83' lang='lat' dir='ltr'>invitus.</span> <span class='ocrx_word' id='word_1_442' title='bbox 2347 4593 2456 4642; x_wconf 81' lang='lat' dir='ltr'>Hac</span> <span class='ocrx_word' id='word_1_443' title='bbox 2504 4592 2683 4646; x_wconf 84' lang='lat' dir='ltr'>tamen</span> <span class='ocrx_word' id='word_1_444' title='bbox 2736 4592 2793 4644; x_wconf 88' lang='lat' dir='ltr'>in</span> <span class='ocrx_word' id='word_1_445' title='bbox 2842 4601 2900 4644; x_wconf 82' lang='lat' dir='ltr'>re</span> <span class='ocrx_word' id='word_1_446' title='bbox 2948 4600 3060 4642; x_wconf 88' lang='lat' dir='ltr'>non</span> <span class='ocrx_word' id='word_1_447' title='bbox 3112 4639 3122 4649; x_wconf 84' lang='grc'><em>,</em></span> 
     </span>
     <span class='ocr_line' id='line_1_44' title="bbox 451 4601 2682 4714; baseline 0.003 -15"><span class='ocrx_word' id='word_1_448' title='bbox 451 4650 584 4702; x_wconf 87' lang='lat' dir='ltr'>sunt</span> <span class='ocrx_word' id='word_1_449' title='bbox 644 4647 887 4701; x_wconf 64' lang='lat' dir='ltr'>laxandae</span> <span class='ocrx_word' id='word_1_450' title='bbox 920 4649 1161 4710; x_wconf 78' lang='lat' dir='ltr'>babenae,</span> <span class='ocrx_word' id='word_1_451' title='bbox 1197 4662 1266 4703; x_wconf 88' lang='lat' dir='ltr'>ne</span> <span class='ocrx_word' id='word_1_452' title='bbox 1298 4601 1453 4704; x_wconf 62' lang='lat' dir='ltr'>iuriis</span> <span class='ocrx_word' id='word_1_453' title='bbox 1486 4652 1576 4702; x_wconf 83' lang='lat' dir='ltr'>via</span> <span class='ocrx_word' id='word_1_454' title='bbox 1609 4651 1900 4714; x_wconf 75' lang='lat' dir='ltr'>aperiatur,</span> <span class='ocrx_word' id='word_1_455' title='bbox 1938 4654 1997 4703; x_wconf 82' lang='lat' dir='ltr'>ut</span> <span class='ocrx_word' id='word_1_456' title='bbox 2032 4655 2170 4704; x_wconf 87' lang='lat' dir='ltr'>recte</span> <span class='ocrx_word' id='word_1_457' title='bbox 2202 4652 2451 4705; x_wconf 72' lang='lat' dir='ltr'>observat</span> <span class='ocrx_word' id='word_1_458' title='bbox 2484 4653 2682 4706; x_wconf 63' lang='lat' dir='ltr'>Alasit.</span> 
     </span>
    </p>
   </div>
  </div>
 </body>
</html>
