3292 5167
1180 278 1261 324 nr.
1305 236 1706 326 maeonii-r:
2099 263 2106 270 ’
2624 256 2755 324 Ξῢθ

200 397 538 466 concorrouo
581 377 668 446 ad
709 395 800 447 un
829 391 1029 467 tempo
1072 380 1236 466 00qu
1268 379 1624 448 ascendenti
1670 397 1703 448 e
1745 381 1841 447 col
1880 382 2142 468 conjuge
2182 379 2280 449 del
2307 380 2603 467 genitore,
2652 380 2755 448 de-

205 500 363 558 tracto
400 486 448 553 il
484 498 652 553 terzo
697 485 1075 554 dell’ereditc't
1117 503 1160 554 a
1204 487 1424 574 favore
1452 487 1616 574 deqii
1652 487 2014 555 ascendenti
2046 508 2080 554 e
2115 487 2167 554 il
2199 500 2422 574 quarto
2453 507 2496 555 a
2538 487 2756 574 favore

213 596 288 664 del
319 593 557 680 conjuqe
601 591 692 675 (in
742 592 1268 680 proprietatem),
1321 594 1385 661 la
1428 594 1779 662 vimanente
1824 593 2065 662 eredit&
2112 596 2169 662 si
2215 594 2464 662 devolve
2507 596 2576 661 ai
2622 594 2757 681 fiyli

218 695 447 771 mirati
489 699 639 785 (art.
686 699 845 785 745)
881 702 932 770 ¹.
981 700 1113 770 Sed
1157 704 1229 770 in
1277 700 1457 771 omni
1492 718 1648 769 casu
1683 701 1802 769 filii
1842 701 2183 771 naturales
2217 706 2605 789 computare
2636 701 2755 772 de·

222 810 341 880 beot
376 825 564 876 omne
614 805 796 894 quod
842 826 879 877 a
924 808 1065 878 suis
1113 809 1537 894 genitoribus
1568 809 1707 896 jam
1759 816 2233 896 perceperunt,
2283 810 2338 878 si
2389 808 2517 879 tale
2550 809 2636 878 sit
2684 816 2756 878 ut

228 916 446 987 conferri
477 913 752 997 debeat3
780 952 867 964 —
893 915 961 1003 3)
995 916 1049 984 si
1101 916 1365 1002 genitor
1393 934 1522 984 non
1580 916 1817 985 habeat
1858 915 2078 1003 neque
2124 916 2605 985 descendentes
2665 916 2758 986 le-

228 1023 431 1111 gitimos
475 1040 693 1108 neque
738 1020 1194 1105 ascenderim,
1246 1040 1465 1109 neque
1516 1023 1921 1110 conjugem,
1951 1031 2093 1092 tota
2141 1022 2510 1092 devolvitur
2546 1023 2757 1093 haere-

230 1131 351 1200 ditas
388 1123 477 1197 ad'
503 1130 675 1199 filios
724 1130 1096 1200 naturales:
1148 1130 1260 1218 qui
1311 1138 1529 1200 tamen
1580 1129 1838 1201 nullum
1872 1132 1983 1218 J'us
2017 1131 2263 1201 habent
2295 1130 2361 1199 in
2398 1132 2568 1200 bona
2607 1147 2756 1217 pro-

230 1237 565 1324 pinquorum
610 1237 818 1323 patris
866 1244 977 1305 aut
1023 1237 1255 1305 matris
1271 1262 1291 1319 3
1342 1237 1516 1306 sicut
1563 1256 1784 1325 neque
1835 1238 1964 1324 ipsi
2017 1237 2373 1324 propinqui
2442 1237 2508 1304 in
2578 1236 2754 1304 bona

230 1343 454 1412 filiorum
483 1343 1099 1430 naturalium—4)
1131 1344 1187 1413 si
1226 1344 1764 1412 filius·naturalis
1791 1363 1923 1414 non
1952 1344 2189 1413 habeat
2228 1361 2444 1429 neque
2477 1342 2753 1412 descen-

229 1450 406 1519 dentes
449 1468 663 1537 neque
711 1451 1084 1537 conjugem,
1156 1450 1301 1538 ejus
1363 1451 1719 1521 haereditas
1788 1450 2158 1521 devolvitur
2218 1449 2300 1518 ad
2366 1457 2622 1538 patrem
2689 1457 2756 1518 et

227 1561 445 1625 matrem
489 1557 599 1642 qui
648 1556 836 1625 illum
884 1564 1299 1642 agnoverunt
1344 1557 1468 1636 vel⁴
1515 1558 1641 1627 sibi
1714 1557 1926 1627 filium
1981 1557 2432 1639 declararunt3
2499 1562 2612 1623 aut
2672 1553 2754 1623 ad

229 1681 387 1732 unum
431 1664 745 1750 ipsorum,
784 1664 840 1732 si
876 1682 1050 1732 unus
1100 1669 1357 1732 tantum
1403 1665 1667 1750 agnovit
1715 1665 1814 1733 vel
1857 1662 2229 1733 declaravit.
2295 1661 2487 1743 Quod
2535 1661 2590 1729 si
2645 1679 2752 1729 re-

220 1770 421 1856 linquat
462 1769 889 1856 superstitem
939 1771 1310 1856 conjugem,
1359 1770 1629 1838 dimidia
1678 1770 2091 1840 haereditatis
2142 1753 2295 1858 pars
2344 1768 2640 1856 pertinet
2673 1767 2756 1836 ad

220 1877 393 1963 ipsum
421 1877 793 1963 conjugem,
846 1884 912 1947 et
959 1878 1084 1946 alia
1117 1877 1387 1947 dimidia
1421 1877 1503 1946 ad
1544 1887 1799 1964 patrem
1842 1885 1908 1947 et
1951 1884 2250 1961 matrem,
2298 1876 2401 1946 vel
2433 1875 2514 1944 ad
2548 1894 2754 1945 unum

215 1983 487 2070 ipsorum,
538 1991 612 2052 ut
658 2002 859 2071 supra
905 1983 1156 2055 dictum
1205 1998 1327 2054 est.

352 2093 408 2160 5²
447 2095 558 2160 Est
588 2094 888 2160 successio
920 2095 1203 2182 conjuqis
1235 2096 1589 2185 superstitis
1620 2095 1705 2182 (si
1745 2103 1964 2164 tamen
2001 2113 2134 2164 non
2167 2094 2364 2163 luerit
2403 2111 2438 2160 a
2472 2091 2754 2177 conjuge

225 2198 480 2268 defuncto
524 2199 824 2285 legaliter
869 2209 1256 2288 separatus;
1306 2202 1459 2288 quia
1529 2209 1688 2270 tunc
1741 2201 2011 2270 ⁴nullum
2055 2202 2165 2289 jus
2212 2199 2305 2268 illi
2370 2197 2752 2285 competit):

223 2304 276 2390 1)
312 2305 356 2374 si
395 2306 704 2376 defuneto
753 2307 1020 2393 conjugi
1063 2307 1400 2395 supersint
1448 2308 1564 2376 filii
1614 2308 1911 2393 legitimi.
1941 2308 2185 2394 conjnx
2232 2312 2573 2393 superstes
2609 2322 2758 2372 suc-

218 2411 352 2481 cedit
388 2431 532 2482 cum
568 2413 806 2484 iisdem
842 2416 907 2483 in
945 2422 1129 2502 parte
1163 2415 1401 2501 aequali
1440 2417 1819 2502 (conjugem
1845 2415 1913 2484 in
1939 2415 2228 2484 filiorum
2260 2430 2538 2482 numero
2578 2427 2758 2480 com-

216 2518 503 2606 putando),
552 2519 673 2588 sed
720 2528 977 2590 tantum
1024 2522 1244 2609 quoad
1301 2524 1813 2592 usumfructum.
1880 2523 2071 2605 Quod
2119 2524 2173 2591 si
2224 2539 2377 2591 cum
2445 2516 2757 2603 legitimis
2798 2565 2806 2572 .

217 2626 367 2693 etiam
409 2627 520 2694 filii
555 2629 897 2698 naturales
932 2629 1255 2715 recogniti
1286 2630 1388 2699 vel
1426 2631 1625 2715 agniti
1663 2637 2084 2714 concurrant,
2120 2628 2544 2698 ususfructus
2602 2641 2760 2692 con-

208 2732 347 2819 J'ugis
388 2736 664 2822 aequalis
698 2754 846 2804 esse
880 2735 1078 2807 debet
1111 2745 1335 2824 quotae
1377 2755 1527 2824 quae
1560 2745 1817 2825 spectat
1848 2737 1931 2806 ad
1962 2737 2134 2807 filios
2165 2736 2519 2823 legitimOS,
2557 2728 2757 2800 modo

212 2858 312 2908 non
345 2851 609 2928 superet
643 2848 946 2929 quartam
987 2840 1243 2931 partem
1275 2843 1690 2914 haereditatis
1718 2847 1869 2928 (art.
1899 2845 2057 2930 753)
2091 2841 2142 2926 ²3
2165 2881 2256 2893 -
2277 2843 2347 2929 2)
2375 2841 2431 2911 si
2466 2858 2599 2909 non
2638 2858 2748 2907 su-

210 2948 418 3032 persint
488 2949 609 3018 filii
658 2949 953 3036 legitimi,
1002 2951 1122 3021 sed
1176 2952 1301 3021 soli
1366 2952 1803 3023 ascendentes
1851 2960 1964 3020 aut
2025 2951 2151 3022 soli
2215 2951 2331 3020 filii
2398 2946 2753 3029 naturales,
2805 2973 2817 2990 ·

208 3063 293 3122 aut
330 3055 445 3124 soli
490 3057 731 3125 fratres
779 3066 893 3125 aut
938 3075 1209 3127 sorores
1255 3058 1358 3128 vel
1406 3077 1640 3128 eorum
1689 3058 2196 3142 descendentes
2232 3056 2498 3144 conjugi
2530 3052 2753 3124 devol-

206 3158 343 3229 vitur
384 3163 577 3232 tertia
624 3180 781 3250 pars
815 3163 1224 3234 haereditatis
1255 3164 1325 3232 in
1364 3166 1860 3251 proprietatem.
1891 3168 1975 3234 At
2010 3165 2065 3235 si
2102 3166 2345 3252 conjux
2381 3180 2513 3232 una
2554 3160 2752 3230 simul

209 3277 514 3338 concurrat
563 3289 717 3340 cum
764 3271 1075 3357 legitimis
1138 3271 1673 3356 ascendentibus,
1744 3280 1811 3342 et
1879 3272 2033 3343 filiis
2075 3272 2487 3342 naturalibus
2517 3323 2535 3353 ,
2591 3276 2751 3337 tunc

204 3371 303 3460 ipsi
328 3375 389 3444 in
427 3378 904 3464 proprietatem
941 3379 1206 3448 nonnisi
1241 3386 1474 3467 quarta
1506 3399 1659 3466 pars
1693 3379 1914 3450 dehita
1961 3387 2082 3450 est.
2118 3382 2431 3449 Ceterum
2481 3375 2748 3464 quoties

208 3481 409 3567 conjnx
451 3482 535 3551 ad
582 3484 1080 3555 successionem
1126 3494 1401 3556 vocatur
1446 3506 1598 3557 cum
1674 3488 1819 3557 aliis
1889 3487 2292 3569 haeredibus
2365 3490 2753 3571 computare

208 3585 368 3658 debet
408 3590 476 3658 in
522 3609 646 3660 sua
694 3592 999 3676 portione
1046 3593 1462 3664 haereditaria
1501 3594 1825 3683 quidquid
1848 3596 1985 3683 jam
2017 3595 2307 3665 obtinuit
2339 3594 2426 3663 ob
2469 3610 2751 3663 conven-

208 3692 387 3766 tiones
430 3698 947 3769 matrimoniales
996 3709 1060 3768 et
1108 3701 1288 3771 lucra
1328 3701 1608 3784 dotalia3
1656 3740 1745 3753 —
1791 3704 1863 3788 3)
1899 3703 1955 3771 si
1989 3703 2326 3789 supersint
2378 3719 2532 3771 cum
2588 3717 2750 3768 con-

203 3799 328 3886 juge
368 3804 469 3872 alii
527 3805 887 3893 propinqui
920 3806 1213 3877 defuncti
1252 3809 1739 3892 successiones
1775 3810 2168 3897 propinquis
2206 3808 2576 3877 devolvitur
2623 3815 2753 3873 ter-

209 3910 277 3977 tia
323 3930 462 3997 pars
512 3913 944 3998 haereditatis,
993 3914 1255 4000 coniugi
1304 3915 1452 3985 duae
1526 3916 1776 3988 tertiaes
1848 3922 2068 4004 partes
2115 3917 2182 3985 in
2252 3913 2751 4003 proprietatem.

208 4016 450 4087 Demum
511 4020 755 4107 conjux
793 4020 1090 4090 succedit
1133 4021 1201 4089 in
1250 4023 1559 4091 omnibus
1607 4023 2019 4106 substantiiS,
2085 4022 2142 4091 si
2205 4021 2556 4090 defunctus
2619 4036 2754 4088 nen

210 4122 494 4212 relinquat
543 4127 960 4215 propinquos
1008 4127 1179 4197 intra
1226 4137 1488 4198 sextum
1538 4130 1813 4215 gradum
1861 4126 2350 4199 successibiles.

256 4285 276 4325 ¹
310 4304 327 4328 ι
356 4289 615 4352 Esempto:
650 4287 800 4340 Tizio
830 4288 970 4340 mori
1001 4289 1276 4342 lasciando
1308 4292 1581 4355 superstiti
1610 4291 1777 4356 padre
1811 4303 1842 4343 e
1874 4288 2077 4351 madre,
2110 4289 2163 4340 la
2194 4288 2443 4340 consorte
2475 4298 2506 4339 e
2542 4288 2623 4340 tre
2642 4286 2676 4338 fl
2711 4289 2750 4341 li

211 4349 403 4417 murati
431 4352 802 4415 riconosctuti;
836 4351 889 4401 la
920 4362 1021 4402 sua
1052 4355 1304 4405 sostauza
1336 4356 1366 4407 e
1398 4353 1450 4405 di
1483 4355 1578 4406 lire
1611 4356 1783 4414 2000.
1816 4353 1895 4404 Un
1932 4353 2073 4404 terzo
2105 4352 2205 4415 agli
2259 4350 2582 4411 ascendenti,
2636 4362 2666 4402 c
2688 4354 2756 4404 oe

210 4405 290 4460 lu’e
312 4412 465 4477 &⁰⁰⁰3
499 4426 573 4467 uu
605 4415 799 4477 quarto
830 4414 878 4464 ai
910 4413 1153 4478 conjuge,
1174 4415 1348 4481 epero
1379 4415 1477 4468 lire
1506 4419 1655 4478 ²‚250
1679 4427 1694 4479 ;
1725 4417 1760 4467 ii
1794 4417 2090 4467 rimauente
2121 4414 2177 4465 in
2201 4413 2295 4466 lire
2317 4415 2463 4475 3550
2483 4414 2533 4464 ai
2552 4416 2630 4465 tre
2645 4413 2754 4477 flgli

211 4473 423 4534 naturali,
454 4488 548 4539 per
580 4474 845 4537 cadauno,
879 4475 976 4528 lire
1009 4481 1169 4541 i,250.
1208 4499 1229 4523 ·

260 4532 287 4574 ¹
310 4558 327 4577 ·
357 4538 502 4591 carlo
535 4538 675 4590 mori
705 4549 806 4588 con
840 4550 913 4590 un
948 4541 1269 4601 patrimonio
1286 4539 1340 4592 di
1363 4539 1462 4591 lire
1476 4541 1658 4603 θοροῦ
1688 4538 1962 4591 lasciando
2017 4536 2285 4602 superstiti
2321 4536 2371 4588 la
2405 4538 2613 4600 moglie,
2650 4535 2755 4589 due

214 4593 297 4658 flcll
320 4597 563 4669 legittimi,
581 4613 611 4653 e
645 4603 752 4654 due
782 4600 884 4681 figit
917 4604 1146 4656 naturali
1167 4602 1530 4656 riconosciuti.
1554 4603 1575 4653 1
1598 4602 1703 4667 agn
1728 4601 1964 4665 legittimi
1986 4612 2148 4653 conse
2185 4601 2413 4658 uiranno,
2438 4600 2532 4652 lire
2551 4599 2750 4660 60‚000,

267 4671 290 4709 r
314 4662 541 4717 csdauno
572 4667 786 4730 30‚ooo;
822 4683 836 4721 ι
865 4659 966 4725 flssli
1001 4666 1231 4719 naturali
1262 4666 1357 4718 lire
1387 4665 1567 4726 20‚ooo
1598 4665 1845 4719 cadauno
1877 4666 1973 4717 lire
2009 4667 2085 4726 ¹0,
2203 4676 2217 4725 ;
2254 4662 2305 4713 al
2339 4662 2607 4724 conjuges
2680 4661 2755 4712 tta

246 4722 473 4782 usuimtto
504 4728 558 4781 di
596 4729 696 4782 lire
726 4731 922 4798 20,000,
942 4731 1131 4794 poiche
1158 4729 1213 4782 la
1228 4740 1329 4782 sua
1344 4728 1595 4793 portione
1614 4739 1726 4781 non
1749 4728 1857 4792 puo
1875 4727 2140 4793 passareii
2158 4728 2352 4790 quarto
2366 4722 2612 4777 dell’ered
2636 4721 2705 4775 ta.
2727 4741 2748 4768 ι
