3292 5167
616 182 745 248 274
1306 198 1421 247 ue.
1470 202 1532 247 ιι.
1584 201 1794 248 τιιΑοτ.
1844 201 1922 245 vi.
1972 200 2120 246 mss.
2169 199 2248 245 iv,
2297 199 2428 245 car.
2476 197 2516 242 1.

589 322 703 371 sus
771 320 902 372 non
974 299 1346 372 haberetur.
1420 303 1630 371 Dolus
1692 310 1911 371 tamen
1961 321 2092 370 non
2130 300 2579 388 praesumitur,
2628 298 2749 369 sed
2797 295 3184 385 probandus
3261 285 3262 370 Ῐ

590 417 724 479 est:
774 409 956 496 quod
1001 412 1363 495 generatim
1412 411 1589 488 valet
1639 411 1843 480 etiam
1891 410 1974 478 de
2023 428 2254 479 errore
2304 416 2370 478 et
2402 409 2485 493 vi,
2521 427 2673 478 cum
2706 415 2898 476 actus
2932 423 3194 493 semper
3261 405 3262 436 ³

592 523 1004 604 supponatur
1053 511 1307 601 positus
1349 517 1545 604 juxta
1588 518 1860 603 regulas
1910 519 2356 605 praescriptas

685 628 755 693 R.
815 629 875 693 4:
928 623 1116 705 Quod
1163 624 1245 692 ad
1293 625 1421 693 vim
1469 626 1606 695 sive
1653 633 1904 694 metum
1954 626 2260 712 pertinet,
2311 625 2370 693 si·
2413 624 2525 708 ille
2574 622 2660 691 sit
2707 622 2888 704 leviS‚
2938 626 3197 688 contra·

596 739 774 802 ctum
816 751 944 799 non
980 732 1308 815 invalidat,
1344 751 1559 820 neque
1606 734 2101 803 rescindibilem
2150 734 2328 815 facit,
2380 732 2532 819 quia
2580 731 2731 798 talis
2794 735 3014 798 metus
3062 747 3195 796 non
3261 757 3262 812 i

598 839 889 925 impedit,
938 839 1294 925 quominus
1327 841 1393 908 in
1434 847 1850 910 contractum
1881 860 2034 910 vere
2068 850 2133 910 et
2167 842 2372 910 iil-ere
2406 839 2893 931 consentiatur:
2929 837 3086 904 hinc
3117 853 3199 903 ex
3261 899 3262 908 ,

602 948 822 1033 regula
884 947 1096 1032 J'uris,
1164 950 1315 1015 vani
1358 949 1604 1016 timoris
1637 950 1817 1036 justa
1861 950 2182 1018 excusatio
2229 968 2355 1016 non
2401 959 2510 1015 est.
2556 949 2723 1015 Item
2781 953 2883 1014 est
2949 946 3003 1011 si
3057 960 3201 1010 me·
3261 995 3262 1032 ἦ

582 1060 708 1121 ωε
784 1054 869 1120 sit
941 1054 1151 1138 gravis
1223 1054 1341 1122 sed
1381 1055 1561 1142 juste
1612 1054 1940 1140 incussus,
1991 1056 2141 1142 quia
2193 1055 2368 1122 nulla
2417 1052 2769 1122 intercedit
2818 1050 3082 1138 injuria.
3132 1048 3200 1116 Si
3261 1113 3262 1128 ,

602 1178 756 1228 vero
800 1160 884 1228 sit
919 1162 1163 1243 injuste
1201 1160 1530 1244 incussuS,
1574 1161 2118 1231 communissime
2152 1171 2219 1229 et
2244 1161 2654 1248 probabilius
2681 1177 2838 1228 cum
2859 1157 2922 1224 d.
2949 1157 3198 1226 Thema
3261 1181 3262 1224 i

606 1267 874 1348 docent,
950 1267 1282 1336 ordinarie
1352 1269 1710 1354 loquend0,
1782 1270 1979 1337 talem
2050 1277 2463 1338 contractum
2533 1286 2682 1337 esse
2727 1266 3035 1349 validum,
3085 1265 3205 1334 sed
3261 1269 3262 1316 ἲ

606 1374 1092 1443 rescindibilem
1165 1393 1245 1444 ex
1303 1383 1485 1462 parte
1533 1376 1750 1459 illius,
1802 1377 1914 1462 qui
1965 1395 2199 1463 passus
2249 1384 2350 1446 est
2397 1382 2669 1445 metum.
2726 1376 2999 1456 Vatinius,
3049 1372 3201 1458 qula
3261 1349 3262 1379 ¹

607 1502 737 1552 non
785 1483 1177 1551 invalidatur
1222 1502 1440 1570 neque
1483 1488 1639 1552 Jure
1691 1493 1942 1553 naturae
1981 1540 1998 1569 ,
2049 1504 2200 1553 cum
2249 1493 2471 1554 metus
2521 1485 2628 1553 hic
2679 1502 2813 1552 non
2875 1482 3065 1550 tollat
3096 1499 3203 1547 vo·

606 1591 964 1659 luntarium
1012 1591 1436 1676 simpliciter3
1487 1601 1703 1677 neque
1746 1593 1896 1680 jure
1944 1594 2250 1679 positivo,
2304 1594 2455 1679 quia
2497 1593 2608 1678 jus
2657 1591 2853 1659 civile
2902 1588 3200 1675 praecipit

601 1700 934 1787 judicibus
1003 1707 1078 1767 ut
1147 1700 1310 1767 tales
1384 1707 1764 1769 contractus
1817 1700 2234 1783 rescindant,
2289 1700 2469 1787 quod
2518 1699 2841 1785 supponit
2891 1716 3006 1766 eos
3058 1713 3200 1764 esse
3261 1729 3262 1768 1

607 1806 875 1874 validos,
949 1807 1378 1875 Rescindibilis
1449 1814 1668 1876 tamen
1719 1827 1796 1876 ex
1848 1816 2032 1895 parte
2082 1808 2257 1876 illius
2308 1810 2416 1894 qui
2470 1825 2707 1894 passus
2759 1813 2862 1873 est
2912 1811 3199 1883 metum,

608 1916 864 1982 ratione
912 1914 1169 2001 injuriae
1219 1915 1311 1982 illi
1363 1916 1711 2001 irrogatae,
1761 1922 1833 1982 ut
1882 1934 2233 1984 commune
2281 1922 2381 1984 est
2430 1917 2479 1982 ¹.

700 2022 997 2089 Diximus
1045 2022 1364 2089 ordinarie
1412 2024 1729 2108 loquendo,
1779 2022 1977 2091 talem
2025 2031 2444 2092 contractum
2494 2043 2644 2092 esse
2693 2022 3016 2100 validum3
3053 2017 3200 2104 quia
3261 2079 3262 2112 3

613 2128 1032 2213 excipiuntur
1099 2130 1435 2215 praecipue
1484 2136 1842 2215 sequentes
1892 2136 2317 2211 contractus,
2370 2130 2481 2216 qui
2531 2130 2844 2199 celebrati
2897 2148 2974 2195 ex
3023 2134 3200 2193 metu
3261 2151 3262 2192 2

616 2236 787 2321 gravi
858 2237 1103 2322 injuste
1177 2237 1446 2304 incusso
1497 2244 1652 2303 sunt
1702 2237 1962 2304 invalidi
2014 2257 2093 2306 ex
2139 2240 2294 2306 Jure
2344 2238 2697 2306 canonico:
2753 2238 2817 2321 1)
2868 2234 3202 2303 matrimo-
3261 2269 3262 2272 =

618 2343 815 2425 nium,
867 2351 930 2411 et
982 2343 1385 2427 probabilius
1436 2344 1631 2411 etiam
1684 2344 2049 2429 sponsalia3
2104 2363 2251 2411 nam
2301 2363 2756 2413 connexorum
2791 2343 2962 2411 idem
2999 2341 3201 2408 dehet
3261 2333 3262 2336 ’

615 2470 762 2520 esse
825 2449 1175 2537 judicium;
1252 2452 1321 2537 2)
1372 2451 1698 2537 professio
1750 2451 2094 2537 religiosa3
2140 2453 2207 2537 3)
2259 2452 2494 2521 electio
2544 2456 2773 2538 Papae;
2822 2452 2891 2538 4)
2935 2447 3202 2517 traditio
3261 2503 3262 2516 2

615 2577 837 2627 rerum
874 2557 1467 2626 ecclesiasticarum
1489 2584 1508 2641 3
1543 2560 1611 2645 5)
1639 2557 2015 2646 jurisdictio
2051 2559 2495 2627 ecclesiastica
2538 2577 2655 2645 per
2686 2566 2936 2626 metum
2983 2553 3204 2640 acqui-
3261 2555 3262 2616 4

615 2665 776 2747 sita3
843 2666 911 2750 6)
983 2664 1316 2732 absolutio
1366 2683 1429 2731 a·
1473 2665 1809 2747 censuris3
1874 2665 1942 2748 7)
1993 2665 2394 2733 renuntiatio
2444 2665 3053 2734 ecclesiasticorum
3087 2663 3202 2728 Be·
3261 2701 3262 2730 ;

617 2772 1513 2857 neficiorum².--1nsuper
1551 2790 1631 2839 ex
1679 2772 1849 2838 civili
1899 2772 2114 2839 Codice
2161 2771 2560 2840 notandum:
2616 2774 2678 2858 1)
2716 2771 2798 2838 ad
2821 2771 3202 2857 gravitatem

616 2885 834 2947 metus
884 2877 1209 2946 rationem
1259 2877 1627 2946 habendam
1677 2896 1826 2947 esse
1879 2879 2114 2965 aetatiS,
2152 2898 2369 2962 sexm,
2420 2886 2544 2968 etc.
2563 2905 2582 2961 3
2632 2880 2701 2964 2)
2752 2876 3201 2945 nihil-referre

619 2988 755 3056 sive
810 2987 921 3054 ille
958 3003 1002 3053 “a
1039 2989 1471 3055 contrahente
1510 2987 1645 3054 sive
1679 2987 1759 3054 ab
1800 2986 1928 3055 alio
1964 2985 2357 3068 incutiatur3
2394 2986 2449 3054 si
2490 2986 2853 3056 incutiatur
2889 2983 3011 3070 ipsi
3053 3001 3203 3052 con-
3261 3019 3262 3028 =

620 3087 931 3178 trahenti,
982 3095 1082 3162 vel
1136 3094 1277 3181 ejus
1325 3093 1515 3160 uxori
1566 3100 1677 3161 aut
1725 3096 1981 3178 marito,
2033 3102 2144 3161 aut
2191 3094 2366 3162 illius
2414 3094 2924 3163 ascendentibus
2958 3091 3062 3159 vel
3091 3089 3202 3157 de-

621 3202 1133 3286 scendentibus,
1210 3202 1307 3268 vel
1382 3219 1614 3268 eorum
1663 3202 1898 3271 bonis:
1949 3201 2169 3288 quoad
2217 3203 2379 3271 alias
2428 3221 2752 3290 personas
2794 3199 3038 3288 judicis
3086 3198 3205 3267 erit

622 3310 1050 3395 pronuntiare
1120 3307 1341 3375 habita
1413 3307 1672 3376 ratione
1744 3309 2427 3390 circumstantiarum
2500 3311 2566 3394 3)
2619 3328 2750 3377 non
2800 3307 2937 3375 dari
2988 3307 3206 3373 locum
3260 3311 3262 3372 ὲ

625 3416 1024 3497 rescissioni‚
1074 3416 1127 3482 si
1179 3421 1427 3483 metum
1483 3431 1716 3499 passus
1766 3423 1979 3483 ratum
2030 3415 2332 3485 habuerit
2385 3416 2610 3502 (etiam
2651 3409 2998 3501 implicite)
3047 3431 3203 3480 con·
3261 3409 3262 3436 ³

622 3530 948 3606 tractum,
1020 3520 1121 3588 vel
1195 3523 1321 3590 labi
1393 3521 1573 3587 sinat·
1614 3528 1876 3608 tempus
1926 3523 2006 3590 ad
2056 3524 2243 3591 illum
2294 3522 2832 3610 impugnandum,
2882 3519 3063 3607 quod
3110 3527 3207 3588 est
3261 3593 3262 3600 χ

620 3631 1010 3717 regulariter
1056 3628 1580 3714 quinquennium
1629 3646 1664 3695 a
1714 3628 1818 3699 die
1865 3639 2082 3699 metus
2133 3631 2524 3700 cessationis
2571 3633 2721 3715 (art.
2761 3629 3205 3711 11121300).
3261 3633 3262 3644 ²

704 3773 908 3836 381.
948 3772 1107 3848 Quid
1150 3770 1383 3852 (dices)
1419 3771 1489 3832 de
1532 3779 1698 3834 metu
1740 3775 2148 3838 reverentiali
2188 3779 2260 3838 ἰή
2298 3781 2631 3838 contractu
2668 3777 2700 3837 ?
3261 3829 3262 3840 ,

705 3856 773 3917 R.
818 3854 1014 3916 Metus
1058 3863 1303 3915 tantum
1335 3856 1806 3930 reverentiatis,
1838 3857 1945 3935 qui
1980 3858 2341 3935 concipitur
2379 3873 2530 3934 erga
2572 3870 2882 3935 personas
2915 3869 3207 3917 reveren·
3261 3895 3262 3898 κ

689 4045 711 4085 1
746 4045 952 4106 Diyest„
986 4042 1021 4093 l.
1058 4054 1128 4103 iv,
1163 4042 1200 4092 t.
1234 4053 1291 4100 n,
1327 4041 1437 4105 lege
1472 4043 1548 4094 2¹.
1583 4042 1683 4103 Qui
1718 4043 1895 4094 tamen
1930 4044 2128 4094 metum
2196 4053 2375 4094 ravem
2441 4053 2597 4093 assus
2627 4042 2730 4103 est,
2767 4041 2941 4105 potest
2986 4040 3044 4093 in
3087 4050 3205 4089 eon·

625 4107 847 4160 scientia
882 4119 977 4169 pro
1009 4116 1109 4155 suo
1141 4102 1362 4156 arbitrio
1396 4105 1556 4157 etiarn
1581 4105 1707 4177 ‘si-ne
1740 4106 2055 4156 auctoritate
2080 4053 2274 4168 jusficis
2302 4115 2400 4154 con
2431 4105 2634 4156 rectum
2687 4102 3014 4156 rescindere:
3066 4100 3205 4166 quod
3261 4165 3262 4168 Ἴ

629 4171 674 4221 sl
707 4169 840 4220 alter
868 4167 1075 4229 renuat,
1109 4168 1284 4229 potest
1314 4167 1520 4219 occulte
1551 4167 1654 4218 sihi
1687 4178 2066 4233 compensare:
2102 4166 2176 4217 ita
2206 4166 2580 4227 communiter,
2616 4169 2670 4218 et
2699 4167 2835 4218 ratio
2858 4167 2962 4218 est:
2986 4165 3080 4229 qul
3103 4175 3206 4215 me·
3261 4185 3262 4196 κ

626 4233 741 4284 tum
775 4229 971 4291 injuste
1004 4229 1244 4289 incussit,
1279 4228 1528 4290 injuriam
1562 4228 1759 4291 intulit,
1793 4228 1932 4279 unde
1966 4229 2171 4280 tenetur
2219 4228 2382 4279 istum
2425 4229 2481 4279 in
2537 4231 2766 4292 pitorem
2814 4229 3011 4279 statum
3061 4226 3206 4278 resti·
3261 4277 3262 4290 ¹

628 4295 794 4354 tuere,
826 4292 879 4343 et
912 4292 1044 4342 alter
1072 4290 1158 4352 jus
1190 4290 1353 4343 babet
1382 4291 1433 4341 id
1468 4291 1730 4354 exigendi.
1768 4289 1920 4350 Quod
1956 4292 2134 4342 autem
2170 4291 2253 4342 hic
2301 4291 2377 4342 uti
2427 4289 2617 4342 debeat
2662 4303 2825 4354 opera
2867 4287 3080 4351 judicis.
3130 4287 3206 4339 est

629 4357 834 4406 tantum
870 4353 1062 4405 modus
1086 4365 1120 4403 a
1150 4353 1197 4405 le
1232 4366 1260 4405 e
1292 4353 1668 4416 praestabilitas
1701 4353 1764 4402 ad
1791 4352 1997 4405 facilius
2023 4353 2112 4415 jus
2144 4364 2305 4404 suum
2356 4353 2812 4417 consequendum,
2863 4364 2895 4403 a
2942 4363 3049 4415 quo
3100 4352 3205 4420 qui5

630 4416 748 4467 dem
786 4416 945 4467 modo
976 4427 1115 4477 saepe
1153 4427 1184 4467 a
1223 4427 1338 4467 esse
1371 4419 1543 4478 potest
1572 4427 1739 4466 causa
1770 4426 2062 4474 excusam,
2095 4426 2147 4463 v.
2182 4426 2248 4477 g„
2296 4415 2566 4478 impensae,
2616 4415 2900 4466 difficultas
2949 4412 3201 4478 probandi

628 4479 687 4530 in
720 4480 835 4529 toro
867 4479 1103 4538 externo,
1137 4480 1233 4529 etc.
1270 4476 1417 4537 Quod
1453 4477 1588 4530 valet
1618 4479 1779 4530 etiarn
1814 4477 1879 4528 de
1915 4478 2053 4528 metu
2090 4477 2413 4536 reverentiae,
2447 4477 2492 4527 si
2525 4478 2571 4528 ei
2623 4477 2942 4542 adjiciantur
2988 4476 3204 4527 verbera
3261 4483 3262 4540 ξ

631 4544 725 4592 aut
757 4542 933 4599 minae,
970 4541 1064 4589 aut
1092 4539 1346 4591 diuturna
1379 4539 1670 4603 indignatio
1703 4542 1816 4590 sive
1849 4541 2035 4591 torvus
2067 4541 2333 4601 aspectus,
2371 4539 2506 4590 dura
2539 4539 2719 4600 verba,
2751 4543 2875 4598 etc„
2920 4549 3037 4602 quat
3084 4548 3204 4588 vere
3261 4567 3262 4598 ;

632 4603 756 4654 mali
786 4603 962 4675 grayis
995 4602 1238 4653 timorem
1273 4601 1576 4653 immittant.
1606 4627 1671 4639 -—
1715 4603 1765 4650 V.
1801 4602 2031 4663 Lignum,
2071 4601 2207 4663 opus
2256 4602 2409 4663 Hor„
2443 4600 2481 4653 l.
2517 4613 2590 4664 m,
2627 4614 2682 4653 n.
2716 4606 2825 4655 71⁷.

693 4664 717 4705 ²
757 4665 811 4714 V.
851 4663 1077 4725 Lignum,
1116 4662 1206 4725 op.
1242 4664 1401 4724 Mor„
1436 4663 1469 4714 l.
1501 4671 1573 4723 vt,
1608 4674 1663 4715 n.
1695 4664 1815 4735 ως
1849 4667 1900 4715 et
1931 4663 1968 4715 1.
2001 4676 2077 4724 m,
2113 4675 2167 4714 u.
2201 4666 2313 4716 716.
