3292 5167
1121 227 1198 273 nn
1250 224 1691 274 nsssrirorionu
1740 227 1803 273 ιΝ
1848 226 2063 276 suanm
2776 217 2907 285 491
3004 285 3009 292 ,

297 326 644 413 expellere
676 346 923 410 semen,
954 328 1078 396 etsi
1115 347 1196 398 ex
1231 330 1373 416 ejus
1408 330 1807 400 abundantia
1846 349 2023 400 mors
2074 333 2406 417 timeatur,
2450 342 2633 406 tanto
2680 339 2909 409 minus
3002 333 3007 338 ’

297 434 534 503 iicebit
583 435 916 521 expellere
964 435 1355 540 foetumqui
1430 444 1528 506 est
1601 437 2043 552 propinquflior
2090 440 2237 508 vitae
2304 429 2630 513 human'ae.
2679 447 2913 533 Neque

299 550 531 628 potest
579 543 707 612 dici
757 561 908 629 pars
959 545 1304 629 viscerum,
1345 563 1506 613 -cum
1567 545 1655 614 sit
1724 545 2095 615 inchoativa
2164 549 2672 619 condistinctum
2742 553 2914 621 indi*

297 649 575 720 viduum
621 650 1004 719 humanum.
1053 654 1279 737 Neque
1329 652 1475 719 vitae
1527 670 1897 737 aggressor,
1971 671 2121 720 cum
2171 672 2249 722 ex
2289 673 2361 723 se
2432 666 2717 727 mortem
2767 678 2907 728 non

299 755 606 840 intentet,
655 758 773 825 sed
821 776 895 827 ea
945 777 1063 845 per
1106 757 1410 828 accidens
1458 759 1733 827 eveniat.

355 869 535 970 dioc
585 873 803 934 tamen
873 865 1410 952 intelligendum:
1465 865 1528 951 l)
1578 864 1660 934 de
1722 885 1875 935 vero
1948 866 2145 949 foetu;
2220 887 2368 937 nam
2417 869 2471 938 si
2523 870 2620 938 sit‘
2665 891 2902 942 corru-

303 980 461 1059 ptus
507 974 661 1041 licet
709 967 1062 1058 expellere,
1114 977 1262 1059 quia
1317 975 1540 1062 potius
1589 982 1692 1042 est
1739 992 1956 1041 massa
2020 973 2279 1062 putrida
2294 1002 2313 1058 3
2349 978 2418 1063 2)
2451 976 2532 1045 de
2567 975 2750 1061 foetu,
2789 982 2900 1066 qui

200 1127 210 1138 .
283 1080 435 1165 jam
468 1080 554 1147 sit
586 1080 652 1148 in
688 1082 858 1148 uteri
893 1081 1341 1168 possessione.
1377 1083 1471 1146 Ex
1507 1083 1640 1166 qu'o
1676 1075 2269 1168 resolvi'tur,quod
2305 1083 2544 1151 mulier
2575 1101 2896 1171 oppressa

304 1189 551 1276 poterit
599 1206 671 1257 se
719 1197 994 1271 vertere,
1045 1189 1297 1258 coitum
1349 1190 1857 1278 interrffnpere,
1910 1207 2134 1257 semen
2190 1190 2512 1278 repellere
2563 1210 2637 1260 ac
2680 1195 2904 1279 pmbi-

303 1296 464 1365 bere
513 1315 594 1366 ne
657 1297 1090 1378 immittatur3
1152 1314 1303 1363 cum
1353 1304 1510 1362 tunc
1559 1315 1679 1380 per
1725 1296 2029 1364 accidens
2080 1316 2160 1365 ex
2211 1298 2324 1364 viri
2377 1299 2622 1367 malitia
2682 1303 2899 1370 effun-

301 1402 518 1471 datur.
587 1408 732 1473 Non
805 1412 1024 1473 tamen
1100 1405 1348 1490 poterit
1419 1404 1771 1488 expellere,
1821 1405 1874 1472 si
1920 1404 2053 1491 jam
2105 1404 2266 1472 illud
2332 1401 2690 1492 receperit3
2743 1409 2896 1495 quia

295 1510 440 1594 jam
489 1519 644 1578 tunc
691 1518 871 1579 esset
921 1512 983 1580 in
1034 1512 1305 1597 pacifica
1357 1511 1807 1602 possessione,
1860 1510 1951 1577 uti
2004 1520 2181 1579 recte
2231 1512 2319 1579 ait
2369 1515 2565 1582 Croix
2617 1522 2681 1583 et
2732 1516 2861 1584 alii.

392 1618 726 1686 Diximus:
776 1620 1000 1685 directe
1046 1619 1333 1684 abortum
1386 1611 1725 1704 procurat,·
1775 1636 1922 1684 nam
1971 1617 2295 1687 indirecto
2343 1628 2598 1689 tantum
2651 1595 2896 1707 procu-

305 1742 452 1793 rare
521 1744 636 1794 seu
707 1727 1115 1812 permittere,
1186 1723 1756 1793 subministrando
1806 1724 2112 1792 videlicet
2172 1728 2384 1811 matri,
2436 1729 2669 1797 morbo
2721 1729 2897 1815 gravi

245 1875 252 1880 -
297 1832 648 1915 laboranti,
679 1833 967 1902 remedia
1016 1833 1201 1901 t'oetui
1253 1832 1449 1901 etiam
1500 1832 1786 1899 animato
1841 1834 2090 1916 nociva,
2144 1833 2371 1920 utique
2412 1835 2565 1903 licet
2597 1837 2722 1904 sub
2758 1856 2898 1905 cer-

297 1940 389 2010 tis
439 1939 962 2022 conditionibus3
1016 1959 1162 2008 nam
1215 1949 1374 2006 tunc
1423 1957 1540 2023 per
1586 1939 1891 2007 accidens
1927 1947 1991 2007 et
2026 1942 2192 2007 citra
2235 1941 2672 2010 intentionem
2706 1944 2900 2012 abor-

299 2037 415 2115 tus
463 2048 698 2115 evenit.
751 2050 918 2115 Sunt
968 2057 1186 2114 autem
1238 2033 1689 2113 conditiones:
2645 2131 2653 2138 .
2694 2111 2703 2126 ,

483 2159 540 2222 1.
591 2159 670 2225 Ut
717 2164 949 2240 agatur
996 2153 1076 2223 de
1125 2155 1360 2222 morbo
1415 2154 1638 2220 matris
1688 2151 1955 2235 lethali3
2008 2172 2155 2221 nam
2200 2154 2486 2222 remedia
2526 2157 2897 2242 periculosa

299 2272 563 2331 tantum
609 2265 675 2333 in
726 2265 1037 2346 extremis
1102 2265 1256 2331 sunt
1329 2260 1658 2331 tentanda.
1733 2262 1883 2348 Ipsa
1953 2270 2173 2330 autem
2247 2251 2535 2330 remedia
2588 2283 2718 2332 non
2767 2266 2901 2333 sint

297 2389 424 2460 per
468 2391 542 2439 se
587 2372 769 2440 l'oetui
839 2372 1087 2454 nociva,
1141 2365 1228 2437 ut'
1271 2378 1458 2439 esset·
1518 2370 1900 2438 dilaceratio
1976 2369 2180 2451 uteri3
2253 2380 2409 2438 tunc
2480 2372 2657 2439 enim
2721 2380 2901 2440 esset

297 2478 908 2578 directe-abortum
961 2487 1237 2562 tentare,
1289 2498 1504 2566 neque
1556 2476 1835 2546 intentio
1890 2486 2099 2545 mutat
2148 2478 2461 2546 medium.
2510 2479 2899 2549 Remedium

310 2587 511 2673 igitur
555 2588 750 2675 debet
801 2607 948 2656 esse
995 2587 1115 2675 per
1162 2607 1233 2656 se
1282 2586 1361 2654 ad
1414 2588 1722 2656 morbum
1764 2584 2161 2673 'curandum
2234 2586 2483 2655 directe
2542 2596 2606 2655 et
2663 2587 2902 2657 imme-

315 2695 497 2765 diate
521 2697 778 2766 efficax:
816 2695 961 2765 talis
997 2706 1173 2766 esset
1210 2696 1547 2780 moderata
1583 2695 1884 2779 corporis
1922 2677 2245 2780 purgatio,
2275 2694 2509 2762 scissio
2540 2714 2744 2778 venae,
2772 2705 2897 2767 etc.

383 2809 428 2902 -ζ
479 2807 542 2871 2.
594 2807 675 2874 Ut
724 2805 898 2873 nulla
951 2805 1038 2872 sit
1086 2823 1240 2891 spes
1290 2804 1475 2872 foetui
1527 2802 1617 2870 illi
1673 2822 1789 2887 per
1836 2800 2247 2886 Baptismum
2321 2801 2515 2869 vitam
2582 2811 2899 2870 aeternam

315 2912 743 2996 procurandi:
820 2920 974 2979 tunc
1047 2911 1453 2996 providendo
1507 2909 1694 2975 matri
1748 2926 1876 2976 non
1928 2908 2000 2976 fit
2050 2908 2344 2976 deterior
2405 2907 2587 2976 salus
2655 2909 2897 2995 prolis:

297 3035 519 3104 neque
570 3020 746 3088 enim
796 3019 943 3087 ideo
980 3018 1198 3105 ‹prolis
1261 3016 1628 3103 periculum
1702 3016 1960 3084 crescit.
2031 3015 2222 3097 Quod
2272 3017 2324 3083 si
2376 3016 2572 3084 foetus
2621 3017 2707 3084 sit
2755 3016 2901 3084 ani-

303 3138 543 3211 matUS,
596 3136 660 3195 et
709 3125 985 3196 dubium
1032 3127 1137 3207 sit,
1188 3144 1265 3193 an
1318 3133 1638 3212 pereunte
1689 3131 1916 3206 matre,
1976 3123 2198 3208 proles
2233 3123 2651 3209 supervivere
2686 3126 2899 3210 possit

300 3242 372 3305 et
408 3233 744 3321 baptizari,
800 3242 956 3302 tunc
1006 3232 1058 3301 si
1109 3232 1501 3300 medicinam
1551 3230 1878 3300 sumendo
1930 3230 2303 3317 periculum
2357 3248 2488 3298 non
2539 3230 2611 3297 fit
2661 3232 2893 3316 maim,

301 3346 563 3430 poterit
583 3351 793 3409 mater
825 3342 1217 3410 medicinam
1253 3342 1623 3428 suscipere3
1666 3339 1946 3424 quiasic
1994 3337 2145 3406 vitae
2187 3353 2327 3405 suae
2362 3338 2543 3425 juste
2591 3339 2899 3407 consule-

306 3461 408 3522 ret
439 3452 581 3519 sine
617 3449 844 3537 majori
881 3450 1078 3518 foetus
1118 3448 1439 3534 periculo.
1469 3449 1533 3514 Si
1570 3437 1786 3530 secus,
1823 3446 2096 3514 minime
2132 3446 2412 3532 poterit3
2446 3446 2685 3515 nemini
2718 3448 2896 3514 enim

303 3559 395 3626 fas
443 3566 542 3627 est
590 3559 669 3626 ad
721 3557 1030 3625 tuendam
1084 3551 1278 3623 vitam
1328 3574 1513 3624 suam
1570 3554 2005 3641 temporalem
2056 3571 2390 3639 exponere
2431 3554 2712 3640 positive
2734 3555 2899 3640 ‘pro-

228 3660 233 3666 ’
293 3667 548 3735 ximum
602 3667 896 3752 periculo
943 3665 1175 3732 mortis
1229 3665 1497 3731 aeternae
1553 3665 1599 3729 ¹.

380 3845 671 3910 Ceterum
718 3849 834 3925 etsi
873 3839 1132 3927 medici
1179 3843 1501 3921 scrupulis
1550 3859 1675 3904 non
1725 3845 1856 3905 sint
1921 3840 2206 3919 agitandi
2276 3841 2451 3902 circa
2520 3840 2890 3917 pharmaca,

291 3944 441 4008 quae
488 3927 845 4006 praegnanti
883 3926 1192 4005 praelient,
1228 3941 1368 3987 cum
1398 3927 1728 3988 rarissime
1774 3926 1904 4001 ipsa
1942 3921 2154 4001 proles
2198 3922 2291 3982 eis
2320 3926 2707 3997 supervivat,
2745 3921 2899 3998 quia

300 4008 559 4072 lethalis
604 4009 861 4071 morbus
909 4015 972 4069 et
1019 4008 1319 4070 humores
1386 4006 1742 4084 corrumpit
1786 4011 1850 4066 et
1896 4002 2095 4082 prolis
2140 4002 2520 4062 alimentum
2590 4000 2894 4061 contami-

299 4097 451 4164 nat3
494 4097 772 4152 attamen
823 4105 1026 4167 neque
1081 4087 1139 4148 id
1190 4086 1648 4166 negligendum
1697 4094 1811 4158 est,
1857 4085 2003 4160 quia
2051 4083 2244 4142 etiam
2291 4080 2547 4153 accidit,
2592 4079 2757 4158 quod
2808 4080 2888 4141 ob

301 4170 597 4249 peritiam
634 4170 1082 4247 cliirurgorum
1128 4169 1344 4236 statim
1390 4183 1462 4228 ac
1506 4167 1807 4244 spiritum
1853 4162 2212 4225 exalaverit
2242 4170 2470 4237 mater,
2515 4161 2720 4222 inciso
2751 4159 2899 4238 eJ‘us

296 4260 484 4314 utero
517 4249 732 4332 proles
780 4252 917 4312 viva
966 4247 1493 4324 extractaiuerit
1537 4256 1601 4308 et
1648 4245 1993 4323 baptizata.

359 4484 379 4523 ¹
416 4486 524 4535 Hoc
560 4493 767 4546 semper
795 4479 1212 4543 intelligendum.
1251 4479 1295 4529 si
1331 4478 1510 4540 aliqua.
1542 4487 1671 4527 vera
1702 4487 1728 4526 s
1799 4486 1823 4523 s
1857 4474 1995 4525 adsit
2042 4472 2291 4523 salvandi
2342 4472 2505 4523 vitam
2561 4469 2725 4533 protis
2771 4473 2898 4533 post

289 4551 520 4598 mortem
553 4545 762 4606 matris;
803 4555 956 4596 secus
991 4554 1098 4594 non
1135 4541 1341 4593 videtur
1376 4540 1609 4591 ebaritas
1642 4537 1728 4589 obl
1754 4547 1875 4599 gare
1913 4537 2135 4586 matrem
2189 4535 2243 4585 in
2277 4536 2511 4586 extrema
2573 4535 2895 4583 necessitate

279 4609 523 4672 mattam
560 4605 624 4658 ad
656 4608 823 4658 vitam
859 4617 1012 4657 suam
1047 4605 1246 4668 neglige
1290 4604 1414 4654 dam
1447 4591 1765 4653 abstinendo
1798 4611 1857 4650 se
1890 4611 1921 4650 a
1957 4598 2202 4648 remediis
2233 4597 2302 4648 ob
2325 4598 2573 4659 exiguam
2592 4607 2745 4658 spem
2766 4595 2899 4645 vitm

293 4673 475 4734 prolis.
509 4673 750 4724 Ceterum
782 4670 844 4721 de
870 4669 997 4733 soetu
1030 4672 1078 4719 et
1109 4669 1262 4718 (short
1332 4667 1485 4730 plura
1519 4660 1629 4715 Lib.
1665 4674 1737 4724 iv,
1773 4661 2000 4725 Append.
2035 4661 2116 4712 [εἰ.
