3292 5167
473 256 620 323 <320
1148 274 1262 320 me.
1311 274 1373 320 ιι.
1422 274 1631 321 τιυιοτ.
1680 272 1805 321 vin.
1855 275 2005 321 mse.
2055 275 2096 319 1.
2146 274 2274 320 ezir.
2325 270 2415 318 ιιι.

475 384 594 446 tus
642 377 868 463 gratiae
917 376 1128 445 factus
1177 385 1279 445 est
1327 377 1719 463 perfectior,
1770 376 1947 445 unde
1995 376 2355 463 perfectior
2411 375 2774 461 requiritur
2848 375 3091 444 notitia

479 484 728 554 Cbr1sti
776 503 851 554 ac
912 484 1270 553 Trinitatis.
1318 487 1400 552 Et
1469 485 1682 572 primo
1761 484 1845 554 de
1913 485 2372 553 incarnatione
2444 483 2719 570 legitur:
2773 486 2921 551 Haec
2994 493 3083 569 est

471 605 687 660 autem
732 595 866 660 vita
901 606 1139 660 aeterna
1186 593 1452 680 (nempe
1499 593 1792 661 medium
1841 591 1920 659 ad
1957 592 2156 660 vitam
2196 591 2568 675 aeternam),
2607 603 2676 656 ut
2702 580 3085 677 ‘coyrioscant

471 710 536 765 te
579 700 779 765 solum
825 702 1022 766 Deum
1068 718 1303 780 verum,
1352 711 1408 765 et
1454 717 1632 784 quem
1674 699 1902 766 misisti
1944 701 2157 766 Iesum
2207 698 2521 765 Christum
2559 710 2571 746 ¹
2621 722 2636 764 ε
2686 696 2866 782 atqui
2914 696 3087 762 solus
3156 700 3161 709 '

476 824 663 872 verus
694 810 862 874 Deus
893 813 994 873 est
1028 805 1396 874 credendus
1431 805 1771 891 explicite:
1810 822 1967 891 ergo
2007 812 2073 873 et
2112 804 2343 872 missio
2382 807 2539 873 Jesu
2590 803 2861 872 Christi.
2899 801 3093 871 Unde

476 911 920 995 Augustinus:
968 915 1015 980 A
1068 912 1465 978 damnatione
1495 932 1559 979 se
1594 932 1723 995 uon
1753 913 2099 981 liberabunt
2131 910 2242 996 qui
2298 911 2497 978 dicere
2524 922 2831 997 poterunt,
2864 929 2928 976 se
2956 928 3087 975 non

475 1018 791 1085 audivisse
821 1019 1230 1105 Evanqelium
1266 1019 1514 1085 Christi.
1550 1021 1780 1104 Neque
1805 1018 2051 1087 sufficit
2081 1018 2373 1103 cognitio
2408 1016 2900 1085 lucarnationis
2919 1019 3083 1095 ,lesu

483 1124 723 1192 Christi
761 1124 1052 1192 solitarie
1084 1133 1382 1210 accepta;
1416 1125 1533 1193 sed
1561 1124 1836 1210 insuper
1861 1126 2176 1211 conjungi
2215 1124 2412 1192 debet
2462 1143 2613 1192 cum
2659 1123 2803 1210 ejus
2838 1129 3093 1192 murtea

481 1250 634 1299 nam
683 1233 823 1317 ipse
873 1232 1173 1299 Christus
1247 1230 1532 1299 instituit
1603 1233 2169 1317 comparationem
2248 1233 2421 1300 inter
2483 1231 2778 1318 seipsum
2844 1230 3087 1298 exalta·

481 1346 625 1406 tum
674 1340 734 1406 in
786 1356 981 1406 cruce
1030 1345 1094 1406 et
1142 1347 1520 1424 serpentem
1570 1340 1930 1407 exaltatum
1978 1339 2043 1407 in
2094 1340 2393 1421 deserto,
2456 1347 2531 1407 ut
2601 1337 2797 1406 sicuti
2865 1336 3089 1405 nullus

482 1447 699 1515 salvus
747 1454 884 1514 erat
931 1463 966 1511 a
1020 1447 1353 1513 morsibus
1410 1454 1831 1532 serpentum,
1882 1447 2005 1515 nisi
2077 1446 2188 1532 qui
2254 1448 2623 1533 aspexisset
2684 1452 3085 1530 'serpentem

482 1555 546 1622 in
607 1554 869 1637 deserto
935 1552 1295 1634 elevatum,
1367 1552 1452 1620 ita
1500 1553 1564 1620 in
1617 1571 1781 1621 nova
1835 1554 1981 1638 lege
2034 1572 2227 1622 nemo
2280 1554 2717 1640 consequitur
2768 1553 3091 1641 salutem,

480 1659 604 1727 nisi
655 1660 764 1746 qui
817 1660 1152 1727 Christum
1200 1660 1264 1726 in
1314 1678 1509 1729 cruce
1556 1662 1915 1729 exaltatum
1962 1660 2223 1747 aspicit.

575 1770 712 1835 Hoc
759 1774 979 1836 autem
1028 1784 1175 1834 esse
1225 1785 1353 1833 non
1409 1773 1628 1853 potest
1696 1769 1838 1836 sine
1886 1768 2191 1855 explicita
2243 1767 2580 1835 Trinitatis
2634 1765 2902 1846 notitia;
2936 1782 3085 1832 nam

480 1882 556 1942 ut
603 1875 690 1941 ait
735 1893 785 1940 s,
839 1875 1121 1941 Thomas
1157 1927 1174 1955 ,
1219 1876 1285 1940 in
1331 1878 1624 1961 mysterio
1672 1878 2146 1942 Incarnationis
2191 1877 2303 1943 hoc
2351 1876 2724 1956 continetur,
2773 1871 2937 1957 quod
2980 1872 3083 1939 Fi-

478 1976 604 2046 lius
648 1980 764 2046 Dei
808 1998 1059 2044 carnem
1102 1980 1523 2065 assumpserit,
1566 1980 1730 2064 quod
1757 2000 1870 2065 per
1924 1982 2200 2066 qratiam
2237 1980 2504 2066 Spiritus
2535 1979 2747 2045 Sancti
2782 1975 3081 2043 ”nundum

474 2091 864 2152 renovaverit
887 2110 911 2163 ,·
956 2098 1008 2151 et
1057 2085 1282 2153 iterum
1326 2087 1488 2170 quod
1533 2087 1605 2152 de
1652 2087 1890 2171 Spiritu
1953 2090 2175 2157 Sancto
2221 2074 2552 2172 conceptus
2596 2087 2785 2171 suerit
2828 2078 2877 2150 ².
2922 2082 3083 2150 Hinc

463 2191 546 2273 „in
595 2190 906 2277 Symbolo
954 2191 1330 2259 Athanasii:
1379 2193 1562 2259 Fides
1618 2194 1923 2261 catholica
1985 2196 2115 2261 haec
2160 2206 2289 2275 est,
2359 2205 2427 2260 ut
2492 2212 2689 2258 unum
2762 2194 2957 2258 Deum
3015 2189 3079 2256 in

492 2298 793 2365 Trinitate
837 2309 890 2364 et
946 2298 1309 2365 Trinitatem
1356 2299 1424 2364 in
1462 2298 1703 2365 Unitate
1750 2319 2195 2366 veneremur...
2247 2299 2360 2367 Sed
2416 2297 2832 2365 necessarium
2871 2308 2958 2362 est
3000 2295 3085 2361 ad

481 2416 782 2471 aeternam
823 2403 1124 2484 salutem,
1179 2417 1242 2470 ut
1306 2407 1813 2471 Incamationem
1881 2425 2125 2491 quoque
2170 2410 2253 2475 D.
2298 2409 2381 2473 Ν.
2428 2408 2487 2473 J.
2541 2407 2604 2472 C.
2654 2386 3078 2490 fideliter-cre-

482 2512 674 2578 dat....
722 2514 869 2579 Hoec
929 2523 1013 2577 est
1059 2512 1205 2597 fides
1265 2512 1600 2594 catholica,
1665 2500 1856 2598 q'uam
1929 2514 2059 2579 nisi-
2106 2515 2361 2599 quisque
2405 2512 2663 2600 fideliter
2705 2511 3078 2598 firmiterque

483 2619 844 2700 crediderit,
891 2619 1104 2685 salvus
1172 2639 1297 2685 esse
1353 2639 1478 2685 uon
1533 2622 1780 2705 poterit.
1852 2619 1925 2688 Id
1979 2621 2222 2689 docent
2273 2620 2587 2704 Tlieologi
2641 2617 3081 2698 communius,

486 2734 551 2794 et
601 2725 858 2792 videtur
922 2726 1354 2810 probabilius.

575 2833 695 2901 Alii
740 2840 975 2914 tamen,
1004 2833 1163 2900 satis
1192 2834 1387 2900 etiam
1412 2834 1866 2919 probabiliter,
1901 2853 2052 2903 cum
2102 2835 2281 2902 Gotti
2320 2834 2559 2921 Sylri0,
2588 2835 2771 2915 Sot0,
2807 2839 2955 2912 etc.,
2992 2840 3077 2899 te-

489 2948 647 3008 nent
703 2956 933 3009 omnes
996 2940 1390 3009 necessitate
1441 2941 1754 3027 praecepti
1808 2942 2013 3010 teneri
2065 2942 2331 3028 quidem
2394 2942 2537 3011 haec
2584 2940 2892 3025 mysteria
2945 2949 3077 3007 tum

489 3046 869 3128 Trinitatis,
920 3053 1056 3112 tum
1104 3047 1581 3115 Incarnationis
1638 3047 1946 3132 explicite
2006 3048 2317 3130 credere3
2400 3047 2795 3117 necessitate
2869 3055 3077 3113 tamen

486 3153 684 3221 medii
719 3144 1020 3221 sufficere
1069 3154 1120 3219 si
1172 3171 1245 3220 ea
1273 3153 1540 3221 credant
1580 3154 1916 3239 implicite,
1946 3155 2143 3222 etiam
2176 3155 2388 3241 posita
2435 3152 3074 3239 Evangelihpromul·

489 3259 771 3345 gatione.
822 3263 1164 3345 Repugnat
1197 3261 1372 3328 enim
1407 3261 1642 3329 divinae
1686 3263 1964 3330 bonitati
2000 3281 2074 3331 ac
2115 3262 2568 3348 providentiae,
2604 3259 2781 3346 quod
2819 3259 3079 3327 damnet

489 3365 749 3433 adultos
799 3384 872 3433 ea
909 3366 1370 3437 invincibiliter
1425 3367 1824 3452 ignorantes,
1870 3369 1978 3454 qui
2010 3369 2196 3455 juxta
2233 3369 2453 3439 lumen
2510 3376 2761 3434 naturae
2805 3368 3083 3434 honeste.

486 3471 742 3552 vivunt3
792 3490 941 3540 nam
990 3474 1058 3538 in
1104 3474 1272 3540 omni
1301 3489 1496 3559 yeme,
1547 3494 1686 3559 quoe
1730 3477 1901 3543 timet
1952 3480 2115 3543 Eum
2165 3487 2219 3543 et
2266 3487 2566 3562 operatur
2603 3475 2941 3560 justitiam,
2973 3493 3079 3538 ac·

486 3591 693 3667 ceptus
741 3590 827 3645 est
867 3579 974 3645 Illi
1021 3574 1072 3645 ⁸.
1122 3579 1454 3665 Quidquid
1501 3580 1608 3663 sit,
1659 3590 1919 3650 certum
1974 3589 2074 3649 est
2124 3581 2564 3650 absolutionis
2615 3598 2769 3648 esse
2827 3579 3074 3664 incapa·
3146 3626 3153 3631 -

489 3704 655 3771 cem,
705 3685 818 3773 qui
869 3686 976 3752 illa
1025 3686 1306 3770 ignorat.
1360 3689 1525 3756 ilinc
1577 3689 1880 3756 damnata
1915 3696 2018 3758 est
2053 3691 2136 3759 ab
2170 3689 2560 3758 Innocentio
2597 3690 2690 3756 IX
2722 3686 2868 3755 haec
2904 3704 2963 3754 n.
2996 3672 3081 3752 64

487 3793 859 3881 propositio
895 3813 911 3856 τ
949 3780 1366 3862 Absolutionis
1397 3816 1606 3883 capax
1635 3810 1722 3863 est
1755 3798 1954 3880 homa,
1986 3799 2386 3882 quantumuis
2427 3798 2663 3863 laboret
2722 3794 3079 3881 iquorantia

483 3903 927 3989 mysteriorum
970 3901 1130 3989 fidei,
1179 3914 1234 3969 et
1280 3903 1526 3970 etiamsi
1564 3924 1682 3991 per
1726 3900 2171 3990 neqliqeut‘iam
2217 3906 2407 3972 etiam
2454 3903 2819 3990 culpabilem
2850 3901 3078 3969 nesciat

481 4009 850 4098 mysterium
897 4010 985 4076 83.
1047 4009 1371 4077 Trinitatis
1419 4022 1471 4077 et
1521 4012 1989 4078 [incarnationis
2034 4007 2064 4051 ⁴
2114 4012 2254 4095 (E).

568 4130 797 4192 9⁰6.
841 4130 1013 4205 Quod
1051 4132 1176 4193 sia
1209 4133 1538 4210 poenitente
1575 4133 1640 4195 iu
1673 4132 1831 4197 boica
1864 4134 1979 4214 fide
2013 4151 2153 4196 cum
2185 4134 2307 4196 tati
2342 4133 2707 4213 iquorantia
2734 4131 2878 4208 jam
2908 4146 3077 4208 pera·

485 4217 597 4273 cta
640 4213 732 4273 sit
769 4212 1109 4291 Confesstc,
1158 4222 1306 4274 tunc
1353 4213 1461 4274 alii
1510 4214 1733 4275 dicunt
1780 4214 1950 4276 illam
1998 4213 2478 4276 Confessionem
2533 4229 2659 4273 uon
2723 4226 2863 4272 esse
2908 4225 3081 4287 iepe·

499 4292 787 4364 tenclam3
834 4310 973 4354 nam
1020 4297 1179 4355 satis
1224 4292 1550 4371 probabile
1595 4303 1694 4357 est
1736 4310 1873 4357 eam
1922 4296 2118 4358 fuisse
2152 4295 2448 4357 validam.
2495 4292 2676 4356 Unde
2707 4294 2810 4370 qui
2858 4292 2949 4351 sic
2982 4306 3074 4350 re·

479 4374 662 4450 cepit
703 4371 1204 4448 Sacramentum,
1251 4384 1388 4452 post
1428 4374 1659 4437 factum
1700 4391 1825 4437 non
1897 4384 2149 4441 lenietur
2189 4385 2501 4455 repetere,
2533 4376 2678 4453 quia
2711 4370 2878 4451 quod
2916 4372 3083 4432 bona

557 4593 572 4631 ¹
610 4594 803 4644 loann.
839 4604 968 4645 xvii.
1023 4650 1028 4665 Ι
1964 4595 1989 4636 ²
2026 4598 2074 4658 2,
2109 4600 2156 4656 2,
2194 4608 2243 4660 q.
2276 4600 2325 4657 2,
2362 4607 2412 4646 a.
2447 4599 2496 4648 7.

552 4656 575 4697 ⁸
621 4658 731 4707 Act.
763 4666 817 4705 x.
849 4680 911 4725 ·.·
953 4657 1008 4706 V.
1048 4657 1277 4717 Liguori,
1315 4658 1403 4730 Op.
1440 4659 1595 4720 Mor„
1628 4658 1662 4708 l.
1706 4669 1761 4719 n,
1796 4670 1852 4710 ιι.
1886 4661 1936 4710 3.

543 4718 572 4759 ⁴
621 4719 671 4768 V.
709 4718 1017 4769 Benedictus
1050 4720 1183 4773 xlv.
1217 4720 1370 4770 Brevi
1405 4722 1513 4772 Etsi·
1544 4722 1773 4781 nuntme,
1808 4731 1952 4773 anno
1986 4721 2142 4782 {7423
2173 4719 2487 4783 -Liguori,
2516 4721 2607 4782 ορ.
2633 4720 2784 4778 Mor„
2809 4717 2840 4767 l.
2865 4727 2924 4776 n,
2952 4717 3087 4767 ολ-
