3292 5167
1255 216 1268 225 '
1365 230 1441 276 nii:
1489 230 1628 313 Fine
1820 222 1827 229 “
2130 176 2134 180 Δ
2651 214 2789 285 667

185 336 571 399 haereticum
618 334 940 417 proposito
985 350 1097 397 suo
1137 334 1406 396 tirmiter
1443 333 1790 406 inhaerere,
1825 331 2101 395 eundem
2134 331 2392 410 excitet,
2428 341 2496 396 ut
2529 348 2789 414 quaerat

191 414 479 496 Regnum
528 415 637 477 Dei
683 424 746 477 et
789 415 1059 494 gratiam
1105 432 1250 481 cum
1294 414 1548 479 fldueie.
1591 413 1721 484 Nec
1766 423 1983 485 tamen
2024 411 2236 481 facilis
2286 415 2371 483 sit
2414 415 2479 477 in
2535 417 2780 481 auxilio

189 495 529 575 temporali
583 494 1030 575 promittendo.
2034 555 2043 566 ,

269 612 276 620 -
356 577 410 638 2.
452 576 621 639 Bene
668 577 1030 655 prospiciat,
1075 582 1285 637 utrum
1333 574 1452 637 iste
1505 574 1594 636 sit
1658 573 2000 637 haereticus
2064 571 2394 649 formaliS,
2438 592 2519 638 an
2580 588 2781 642 mate-

197 656 377 719 rialis
425 666 687 719 tautum.
731 654 793 717 Si
840 657 922 718 sit
963 654 1318 717 materialis
1365 661 1610 716 tantum
1642 702 1656 726 ,
1706 669 1851 716 eum
1891 653 2119 715 doceat
2162 670 2264 715 res
2330 656 2495 718 scitu
2553 673 2775 722 neces-

193 738 398 799 sarias
446 739 820 799 necessitate
867 746 989 798 tam
1036 735 1228 796 medii
1278 751 1464 813 quam
1511 734 1856 813 praecepti,
1898 732 2411 796 Cathecliismum
2468 737 2777 803 Dioecesis

193 817 595 892 adhibend03
639 829 702 879 et
746 820 837 878 sic
872 824 1021 880 eum·
1064 825 1380 895 praeparet
1425 815 1500 875 ad
1548 813 2028 877 Confessionem
2066 814 2468 891 peccatorum
2515 834 2777 884 suorum

189 907 264 961 et
306 898 453 960 fidei
504 906 737 960 nostnae
783 897 1265 976 professionem.
1334 894 1577 958 Deinde
1641 895 1970 974 proprium
2041 894 2425 974 Episcopum
2485 899 2586 960 vel
2633 900 2776 978 ejus

105 1034 111 1040 .
197 979 495 1041 Vicarius
539 979 902 1056 generalem
961 977 1251 1051 consulat
1294 977 1462 1037 circa
1508 975 1978 1054 abJurationem
2040 980 2288 1054 private
2353 984 2462 1039 aut
2525 979 2778 1056 publice

189 1059 639 1134 emittendam,
684 1068 747 1121 et
790 1060 956 1120 circa
1001 1058 1301 1137 Baptismi
1346 1057 1851 1131 renovationem,
1880 1072 2022 1137 quae
2054 1066 2240 1140 <etate
2273 1067 2485 1118 nostra
2523 1060 2778 1127 videtui·

199 1139 405 1203 ferme
450 1156 700 1217 semper
747 1139 1102 1200 necessaria
1148 1137 1370 1198 saltem
1418 1137 1533 1197 sub
1579 1137 1972 1200 conditione.
2018 1135 2079 1199 Si
2129 1153 2279 1198 vero
2312 1139 2396 1199 sit
2429 1140 2773 1205 liaereticus

183 1219 509 1300 formalis,
574 1219 682 1281 Dei
729 1219 1275 1281 auxilio'innixus
1335 1216 1530 1295 (quod
1592 1218 1657 1278 in
1715 1220 2082 1280 omni-casu
2128 1233 2379 1296 semper
2427 1220 2778 1297 implorare

189 1302 416 1381 debet)
463 1300 927 1379 disputationes
970 1308 1268 1373 assumat,
1312 1298 1537 1358 ordine
1586 1306 1859 1365 retento,
1907 1315 2094 1377 quem
2138 1298 2437 1362 Tractatu
2483 1300 2567 1362 De
2598 1302 2777 1366 Locis

208 1381 590 1459 Theoloqicis
617 1379 817 1442 ferme
848 1396 1068 1441 omnes
1104 1387 1477 1457 sequuntur.
1511 1377 1673 1454 Agat
1702 1378 1780 1440 de
1816 1382 2059 1441 unitate
2091 1388 2158 1441 et
2189 1380 2570 1458 necessitate
2603 1383 2779 1460 fidei,

187 1463 279 1525 de
327 1465 493 1524 iiotis
538 1460 857 1533 Ecclesiae,
893 1460 970 1521 de
1020 1460 1397 1523 necessitate
1428 1457 1665 1537 ⁸iudicis
1695 1459 1972 1521 visibitis
2003 1462 2069 1522 in
2107 1462 2566 1522 controversiis
2606 1463 2779 1541 fidei,

189 1545 282 1606 de
323 1560 549 1605 sensus
620 1541 845 1619 privati
925 1540 1358 1614 absurditate,
1404 1539 1483 1621 de
1541 1539 1839 1618 dogmate
1892 1540 2208 1603 Primatus
2266 1540 2586 1602 Pontificii
2635 1554 2769 1608 tum

193 1625 466 1686 lionoris
515 1633 646 1695 tum
686 1620 1193 1700 jurisdictionis,
1243 1624 1601 1699 ceterisque
1650 1622 1714 1682 in
1760 1622 1988 1699 quibus
2034 1620 2335 1683 videlicet
2387 1622 2676 1686 liaeretici
2742 1641 2775 1688 a

206 1703 392 1766 nobis
438 1702 823 1765 discordant.
1222 1772 1240 1788 ·
2055 1700 2060 1705 ’

346 1786 399 1847 3.
436 1783 665 1845 Caveat
696 1796 968 1858 semper,
1001 1796 1081 1841 ne
1115 1797 1226 1859 per
1260 1779 1485 1841 inanes
1517 1783 1995 1851 controversias
2029 1780 2422 1855 traducatur,
2459 1800 2539 1844 ne
2578 1782 2777 1846 libros

190 1874 310 1927 aut
352 1864 474 1927 alia
533 1863 778 1940 objecta
842 1864 1053 1939 magni
1113 1861 1299 1940 pretii
1350 1860 1728 1933 commodet,
1774 1878 1857 1923 ne
1900 1879 2039 1923 sese
2085 1863 2276 1927 nimis
2335 1862 2542 1925 eidem
2592 1862 2772 1926 fami·

199 1945 428 2007 liarem
475 1944 793 2023 exhibeat.
841 1941 977 2004 Uno
1024 1941 1214 2003 verbo
1264 1958 1341 2002 ne
1387 1939 1578 2009 faciat
1622 1941 1787 2020 quod
1824 1941 2056 2023 factum
2092 1942 2316 2016 nollet,
2347 1943 2397 2003 si
2433 1943 2778 2008 liaereticus

107 2030 116 2038 ⁴
202 2029 323 2087 iste
370 2025 857 2101 conversionem
901 2038 1077 2084 suam
1127 2038 1256 2082 non
1305 2022 1611 2099 perficiat.
1656 2021 1831 2094 Quod
1879 2024 1929 2084 si
1977 2032 2413 2099 convertatur,
2458 2026 2770 2088 semel-in

204 2105 487 2167 Ecclesia
537 2113 860 2182 receptum
909 2119 1034 2165 non
1080 2102 1352 2177 deserat,
1397 2102 1503 2163 sed
1538 2118 1683 2165 eum
1728 2117 1976 2165 summo
2019 2094 2229 2166 stud'io
2279 2105 2341 2164 in
2401 2105 2626 2169 salutis
2662 2107 2760 2169 via

195 2185 584 2251 firmandum
633 2195 812 2246 curet
845 2183 890 2243 ¹.

276 2264 491 2329 9413.
535 2264 600 2337 Q.
644 2264 698 2326 6.
748 2262 905 2338 Quid
939 2264 994 2324 si
1036 2262 1303 2341 infidelis
1345 2263 1621 2325 converti
1662 2262 1858 2325 velit?

279 2344 348 2407 R.
394 2344 453 2405 Si
506 2362 605 2406 res
649 2346 734 2405 sit
777 2360 920 2406 cum
965 2343 1321 2423 infidelibus
1365 2345 1469 2423 qui
1519 2345 1958 2421 paganismum
1986 2344 2397 2422 profitentur,
2429 2345 2505 2409 ad
2547 2361 2775 2409 manus

194 2425 499 2503 theologo
544 2441 684 2487 esse
731 2425 970 2486 debent
1011 2427 1247 2487 motiva
1296 2423 1773 2499 credibilitatis,
1816 2424 2044 2502 quibus
2090 2426 2182 2487 eis
2228 2428 2637 2490 existentiam
2685 2426 2778 2488 di-

195 2508 369 2569 vinae
405 2506 836 2569 Revelationis
879 2503 1202 2578 ostendat;
1248 2520 1362 2567 nec
1408 2520 1531 2567 non
1580 2505 1985 2569 existentiam
2032 2505 2331 2569 Ecclesiae
2368 2506 2414 2568 ².
2610 2572 2615 2581 ,

283 2585 456 2660 Quod
506 2589 557 2648 si
594 2586 797 2664 judoei
839 2588 970 2647 sint
1014 2602 1151 2648 cum
1199 2583 1427 2664 quibus
1459 2585 1762 2664 congredi
1806 2585 2138 2665 theologus
2168 2588 2413 2661 debeat,
2446 2588 2779 2667 depromet
2860 2638 2869 2645 .

85 2708 90 2711 -
193 2682 278 2735 ex
323 2669 562 2729 veteris
604 2666 991 2728 Testamenti
1043 2666 1223 2728 libris
1266 2673 1334 2728 et
1376 2667 1699 2728 vaticiniis
1748 2669 1812 2728 in
1859 2667 1938 2727 iis
1983 2674 2301 2730 contentis
2347 2685 2487 2748 quae
2531 2668 2776 2731 Messiae

204 2748 718 2824 promissionem,
761 2749 1292 2825 expectationem,
1333 2748 1629 2825 epochas,
1677 2749 1891 2808 munia
1943 2748 2335 2826 praedicant,
2379 2766 2579 2829 eaque
2624 2764 2772 2819 con·

195 2828 504 2890 terrendo
549 2845 689 2890 cum
731 2829 882 2905 ,novi
930 2827 1318 2891 Testamenti
1367 2827 1549 2889 libris
1593 2842 1666 2890 ac
1710 2828 1977 2889 historia
2016 2828 2357 2907 adimpleta
2412 2836 2476 2892 in
2523 2829 2776 2893 Christo

185 2908 342 2972 Jesu
388 2909 581 2971 fuisse
630 2908 969 2987 patefaciat
1005 2905 1054 2966 ³.

263 3183 283 3222 ¹
319 3182 686 3240 De·La·Foret‚
725 3182 922 3232 Metodo
956 3183 1295 3232 d’i'struzi'one
1324 3194 1420 3243 per·
1450 3180 1755 3232 ricondurre
1789 3183 1807 3231 i
1837 3185 1972 3244 preti
2003 3183 2273 3245 risormati
2329 3186 2434 3237 alla
2472 3186 2649 3239 Chiesa
2680 3158 2776 3239 lio·

191 3246 369 3297 ιήαηὰ.
418 3246 634 3302 Torino‚
672 3246 812 3294 1851.
844 3269 909 3280 -
942 3245 1196 3307 Charvaz,
1235 3244 1401 3295 Guida
1434 3244 1514 3293 aet
1547 3249 1870 3317 catecumeno
1903 3246 2123 3297 valde-se.

218 3306 282 3382 ,ἱ
320 3308 375 3356 V.
410 3308 660 3379 Peri-one,
696 3307 765 3355 De
798 3308 919 3378 (ocis
941 3306 1143 3380 3Theol„
1180 3318 1292 3369 par.
1327 3307 1380 3378 3?
1415 3307 1484 3355 De
1521 3307 1754 3380 Theoloqt
1804 3320 2026 3381 mur-iere.
2059 3334 2124 3347 —
2157 3308 2433 3363 Methodus
2469 3323 2565 3385 pro
2604 3311 2773 3362 haere-

184 3369 893 3503 ffiiifssffnffgsshzosszeepgie
924 3369 1076 3481 gont}
1108 3368 1615 3501 gaodffiogicigzgsana
1658 3370 1916 3421 Nicaeensi
1966 3381 2110 3422 anno
2154 3373 2294 3433 1839,
2342 3383 2373 3422 a
2412 3372 2567 3424 nolus
2612 3373 2779 3426 relata

253 3496 277 3569 -·
320 3494 373 3543 ‘'-
409 3492 1538 3607 M⁸²t⁷⁷2²02
1568 3492 2782 3610 aaa·“exicasti-”aaziaemamitos:

179 3556 696 3707 gssfoggtebdliglt‘raei'tcc}
725 3620 810 3668 tra
841 3617 878 3668 it
911 3594 1207 3691 Sacerdozio
1238 3591 1529 3691 dell’entt'ca
1560 3618 1696 3690 teqye
1725 3592 1786 3669 e’d
1816 3619 1867 3691 it.
1890 3619 2038 3705 C‘fm.
2066 3571 2298 3694 cgitotico
2318 3634 2342 3680 ,·
2380 3597 2558 3696 it.⁶Dei'
2614 3623 2775 3736 xerse.

179 3679 2533 3816 {32²²AEtitii}1⁶'52405533332335‘223352552‘‘2330‘34202‘22212‘035553arti:„liit‘t0f'”“⁶⁰‘⁸
2586 3698 2674 3815 ‘f‘
2733 3686 2781 3736 ²⁶

315 3807 531 3856 Mutatio
565 3803 851 3866 Religionis
885 3814 915 3852 a
948 3805 1088 3854 civili
1137 3803 1247 3866 lege
1298 3804 1621 3867 quibusdam
1655 3816 1713 3855 in
1766 3806 2073 3867 regionibus
2109 3807 2174 3856 ad
2211 3809 2409 3857 certam
2446 3809 2655 3859 aetatem
2696 3819 2774 3858 re-

182 3868 478 3940 stringitur,
514 3878 632 3930 quae
666 3866 744 3917 est
775 3867 903 3915 aetas
937 3867 997 3915 it
1030 3876 1294 3917 annorum
1319 3868 1580 3927 completa
1603 3868 1656 3940 in
1688 3869 1956 3927 Borussia,
1985 3868 2436 3930 Wurterbergensi
2459 3871 2511 3921 et
2532 3868 2779 3921 austria*-

183 3933 251 3983 18
283 3942 338 3982 in
367 3932 574 3981 Ducatu
607 3926 852 3990 Redemi,
884 3929 1018 3989 etc.;
1051 3929 1107 3980 2¹
1147 3927 1204 3978 iii
1236 3939 1395 3990 regno
1427 3929 1666 3981 Bavariae
1696 3934 1748 3983 et
1780 3930 2043 3983 Saxoniae.
2082 3932 2323 3982 attentior.
