3292 5167
523 167 648 233 ¹02
1244 195 1360 242 ιιιι.
1398 197 1463 243 ιι.
1512 199 1725 246 rnac'r.
1772 202 1828 246 v.
1877 201 2029 247 mse.
2078 196 2142 244 ιι.
2191 198 2322 244 car.
2372 194 2436 242 ιι.

519 295 830 365 Ecclesiae
880 307 1341 369 ornamentum
1391 304 1696 388 pertinet,
1746 305 1839 374 uti
1889 312 2044 374 sunt
2089 305 2263 373 bona
2311 302 2393 372 ab
2440 298 2735 370 Ecclesia
2778 298 2915 385 jam
2957 313 3112 382 pos-

518 420 745 484 sessa;
790 406 888 472 vel
932 423 1082 491 quae
1131 407 1212 475 ad
1257 411 1719 487 ministrorum
1763 412 2319 482 sustentationem
2379 409 2689 495 deputata
2738 411 2861 488 est,
2911 401 3115 471 intel-

518 509 647 593 lige
694 517 911 579 tamen
959 531 1113 582 cum
1182 534 1235 584 s.
1285 519 1554 601 Thema,
1604 537 1757 606 quae
1807 521 1954 589 talis
2002 527 2104 589 est
2152 525 2383 588 natura
2431 533 2572 599 sua,
2626 514 2721 582 uti
2771 519 2951 581 esset
2997 528 3113 579 ec-

520 615 963 688 clesiasticum
1010 623 1414 693 Beneficium
1456 626 1505 694 ¹.
1556 628 1722 696 Hinc
1769 628 2186 712 sacrilegium
2235 625 2410 693 reale
2457 633 2599 693 est:
2652 624 2716 709 ι)
2763 620 2860 689 uti
2893 616 3118 686 verbis

522 722 884 809 Scripturae
934 726 1016 795 ad
1053 731 1374 814 scurrilia,
1422 733 1745 817 fabulosa,
1794 752 1977 817 vana,
2027 734 2412 816 adulatoria,
2453 729 2868 810 detractoria,
2894 726 2973 793 ad
3007 743 3122 793 su-

522 830 922 917 perstitiosa,
950 834 1030 901 ad
1062 837 1421 923 sortilegia,
1449 847 1611 908 etc.:
1658 840 2111 910 Tridentinum
2161 841 2329 909 hanc
2385 836 2891 924 usurpationem
2922 839 3122 900 vocat
3156 918 3169 929 ·

522 940 926 1008 temeritatem
986 949 1052 1010 et
1108 946 1503 1014 violationem
1546 950 1717 1017 verbi
1761 952 1895 1033 Dei,
1947 959 2012 1019 et
2062 967 2206 1017 eam
2277 967 2397 1035 per
2454 947 2821 1034 Episcopus
2892 938 3119 1028 puniri

520 1042 711 1128 iubet
743 1044 795 1128 '3
851 1048 920 1132 2)
967 1049 1225 1119 auferre
1271 1054 1630 1141 ReliquiaS,
1693 1056 2185 1140 contradicente
2233 1054 2502 1124 domino
2529 1080 2546 1135 ;
2594 1054 2663 1139 3)
2713 1051 2793 1118 ad
2855 1046 3125 1117 Sacrifi-

529 1153 706 1220 cium
747 1153 1059 1227 adhibere
1105 1177 1256 1229 vasa
1324 1179 1528 1246 sacra,
1582 1166 1949 1252 corporalia
1996 1165 2358 1233 enormiter
2407 1159 2764 1241 immunda,
2811 1157 2913 1225 vel
2962 1173 3122 1242 per-

529 1260 793 1328 mittere
862 1270 935 1330 ut
1002 1264 1067 1333 in
1117 1267 1355 1352 pyxide
1394 1279 1908 1358 corrumpantur
1946 1271 2307 1358 particulae,
2357 1276 2485 1338 etc.

620 1365 822 1432 no.
871 1373 970 1437 An
1017 1372 1336 1461 (quaeres)
1385 1396 1563 1444 omne
1605 1380 1847 1464 furtum
1892 1380 1961 1446 in
2005 1378 2284 1446 Ecclesia
2316 1371 2408 1442 'sit
2449 1371 2848 1457 sacriteqium
2865 1375 2898 1435 P

621 1475 690 1542 R.
740 1476 1010 1561 Legitur
1055 1478 1120 1547 in
1167 1484 1324 1550 Jure
1371 1485 1734 1554 canonico:
1782 1486 2080 1553 Similiter
2108 1483 2514 1568 sacrilegium
2558 1476 2963 1547 committitur
2996 1491 3129 1539 au-

529 1579 781 1664 ferendo
826 1603 1080 1653 sacrum
1124 1588 1197 1655 de
1239 1609 1439 1672 sacro,
1486 1593 1750 1659 vernon
1793 1610 2045 1659 sacrum
2090 1591 2163 1656 de
2207 1608 2409 1671 sacro,
2444 1587 2575 1655 sive
2608 1602 2861 1652 sactum
2890 1581 2965 1647 de
2991 1597 3133 1646 non

531 1705 711 1754 sacro
752 1691 800 1756 ³.
848 1691 1139 1761 Dubium
1187 1713 1334 1766 esse
1385 1707 1606 1783 potest
1648 1698 1730 1767 de
1777 1697 1951 1767 furto
2001 1698 2116 1771 rei,
2167 1715 2318 1783 quae
2371 1713 2489 1781 per
2519 1691 2822 1762 accidens
2877 1688 2945 1755 in
2991 1688 3131 1754 Ec-

534 1795 733 1863 clesia
781 1801 1165 1886 reperiatur,
1203 1812 1275 1873 ut
1312 1806 1366 1875 si
1417 1808 1567 1893 quis
1615 1808 1886 1877 alterius
1934 1823 2316 1876 crumenam
2362 1804 2462 1872 vel
2510 1799 2933 1884 horologium
2967 1793 3141 1863 sub-

534 1900 742 1971 tiliter
786 1905 850 1973 in
891 1909 1183 1978 Ecclesia
1233 1914 1579 2000 surripiat.
1617 1915 1742 1982 Alii
1794 1920 2034 1999 negant
2065 1913 2193 1981 hoc
2226 1912 2475 1979 furtum
2508 1904 2925 1991 sacrilegium
2951 1919 3132 1981 esse,

537 2017 611 2075 ut
656 2011 840 2097 Lugo
891 2022 954 2082 et
1003 2018 1311 2087 Lessius:
1390 2022 1540 2106 quia
1591 2022 1751 2090 nihil
1800 2022 2115 2090 Ecclesiae
2182 2022 2456 2087 interest
2501 2016 2583 2084 de
2651 2013 2919 2081 alterius
2969 2027 3135 2077 cru-

539 2133 730 2184 mena
777 2120 878 2188 vel
928 2122 1297 2213 horologio.
1346 2128 1467 2197 Alii
1523 2129 1933 2215 probabilius
1966 2129 2290 2197 affirmant
2325 2144 2478 2195 cum
2512 2126 2864 2209 Laymano,
2912 2115 3131 2196 Elbel‚

540 2223 1172 2301 salmanticensibus
1244 2242 1308 2303 et
1356 2235 1703 2319 Filliucio;
1776 2254 1925 2305 cum
1974 2251 2239 2321 semper
2284 2232 2677 2312 verificetur,
2748 2225 2927 2313 quod
2973 2223 3130 2291 talis

543 2329 800 2402 furetur
847 2355 979 2405 non
1022 2358 1285 2409 sacrum
1331 2342 1412 2411 de
1460 2361 1671 2412 sacro.
2988 2355 3005 2363 ·

560 2544 569 2554 .
623 2464 801 2527 141.
847 2467 912 2543 Q.
960 2472 1050 2533 ti.
1094 2475 1196 2536 An
1236 2493 1391 2538 vasa
1434 2494 1623 2541 sacra
1666 2485 1729 2540 et
1766 2484 1962 2541 vestes
2007 2479 2156 2541 item
2212 2492 2430 2551 sacrae,
2495 2471 2724 2552 absque
2786 2467 3134 2546 sacrileqto

545 2562 613 2606 m
656 2563 837 2619 “Sum
873 2552 1212 2631 profanum
1253 2560 1531 2619 converti
1574 2561 1854 2638 queant?
3004 2628 3017 2639 ‚

552 2708 560 2714 ι
623 2624 692 2687 R.
735 2627 798 2690 Si
846 2647 947 2694 res
990 2650 1190 2714 sacra,
1229 2653 1373 2715 quae
1416 2636 1662 2701 scilicet
1704 2637 1998 2700 benedici
2027 2635 2131 2699 vel
2156 2636 2520 2699 consecrari
2569 2633 2792 2703 soleat,
2836 2626 3135 2721 totaliter

545 2713 868 2771 immutari
918 2716 1135 2791 possit,
1178 2726 1367 2794 atque
1408 2718 1484 2780 ad
1532 2734 1933 2781 communem
1980 2719 2313 2781 materiam
2361 2715 2606 2788 reduci,
2655 2732 2712 2776 v.
2757 2727 2934 2803 g.‚·sl
2981 2705 3136 2770 cali·

543 2796 680 2846 cem
717 2801 1090 2868 argenteum
1136 2797 1514 2861 reducamus
1557 2799 1635 2860 ad
1681 2813 2083 2861 communem
2127 2813 2400 2861 massam
2445 2796 2727 2874 argenti,
2776 2799 3000 2884 utique
3042 2785 3134 2880 ad

544 2882 698 2955 usus
742 2870 1041 2948 profanos
1081 2880 1370 2941 converti
1417 2886 1628 2957 potest
1672 2879 1907 2959 absque
1951 2876 2077 2940 ulla
2125 2877 2354 2941 sacrile
2402 2878 2446 2938 ii
2495 2886 2678 2951 nota;
2722 2886 2868 2954 quia
2931 2884 3127 2960 amis·

547 2963 729 3039 sione
773 2949 996 3015 formae
1032 2963 1097 3017 et
1139 2957 1501 3037 benedictio
1545 2960 1883 3034 amittitur,
1918 2975 1990 3021 ac
2034 2959 2307 3036 proinde
2351 2961 2368 3020 i
2404 2956 2462 3019 la
2510 2972 2610 3018 res
2654 2953 2818 3017 nihil
2861 2957 3122 3013 externi

548 3036 804 3117 retinet,
849 3033 1013 3111 quod
1061 3036 1368 3100 indecens
1412 3051 1734 3119 appareat.
1776 3039 1972 3102 Secus
2015 3042 2065 3100 si
2114 3055 2217 3101 res
2261 3055 2390 3100 non
2474 3039 2628 3099 satis
2694 3034 3137 3125 differ-metum

551 3106 703 3169 hinc
747 3126 874 3171 non
922 3113 1072 3177 licet
1112 3133 1192 3178 ex
1233 3121 1432 3181 veteri
1482 3120 1692 3183 casula
1729 3128 1938 3182 vestes
1987 3119 2285 3197 profanas
2327 3118 2677 3191 resarcire3
2720 3113 2829 3177 sed
2875 3110 2988 3174 illa
3035 3117 3138 3170 est

549 3188 980 3256 comburenda
1025 3194 1072 3258 ⁴.
1116 3197 1297 3261 Unde
1344 3199 1523 3262 nefas
1568 3217 1711 3263 esse
1753 3201 1980 3262 dicunt
2022 3199 2385 3290 hujusmodi
2431 3206 2642 3259 vestes
2687 3195 2764 3257 ad
2800 3209 2955 3256 usus
2994 3205 3139 3269 pro·

549 3264 732 3330 fanos
776 3273 1073 3351 vendere,
1120 3295 1176 3338 v.
1200 3296 1280 3358 g„
1301 3281 1380 3341 ad
1423 3282 1707 3344 chartam
1752 3278 2215 3343 conficiendam
2259 3280 2415 3359 (nisi
2459 3278 2724 3340 omnino
2781 3273 3131 3351 transfigu-

553 3351 830 3431 rentur),
873 3365 982 3417 aut
1022 3361 1466 3437 oppignorare.
2226 3360 2236 3385 ‘

643 3486 836 3550 uz.
887 3492 959 3570 Q.
1012 3494 1112 3558 12.
1165 3495 1465 3572 Quaenam
1508 3507 1654 3561 sunt
1690 3514 1893 3582 ρωποι
1938 3494 2008 3560 in
2049 3492 2439 3577 sacrileqos?

645 3594 714 3660 R.
763 3594 1075 3683 Sacrilegi
1122 3602 1277 3668 Jure
1326 3601 1641 3687 canonico
1694 3602 1864 3669 varie
1911 3601 2070 3668 olim
2120 3598 2600 3685 puniebantur:
2652 3612 2825 3663 nunc
2861 3609 3138 3661 excom·

555 3754 789 3816 graviter
819 3768 1179 3819 possessorem
1215 3761 1527 3812 contristare
1563 3762 1749 3823 potest.
1785 3762 1845 3811 ln
1879 3759 2119 3810 districtu
2154 3758 2397 3808 Romano
2428 3756 2528 3808 sub
2562 3767 2717 3818 poena
2767 3755 3139 3826 excommuni-

557 3816 782 3867 cationis
817 3822 1124 3880 prohibetur
1153 3823 1316 3873 furari
1350 3824 1636 3886 Reliquiae,
1657 3823 1750 3875 elsi
1775 3823 2042 3882 minimas,
2076 3823 2395 3883 pertinentes
2431 3820 2493 3870 ad
2518 3819 2805 3870 Ecclesiae:
2828 3829 2893 3868 ex
2922 3818 3138 3868 Constat.

558 3879 839 3931 Clementis
873 3884 984 3934 vill
1020 3893 1071 3934 et
1102 3884 1252 3935 Pauli
1287 3885 1345 3936 V.
1378 3910 1443 3921 —
1487 3885 1538 3934 V.
1574 3886 1804 3948 Liguori,
1841 3884 1975 3946 opus
2007 3884 2165 3942 Mor„
2202 3886 2236 3935 l.
2273 3895 2349 3941 ιιι,
2384 3895 2436 3933 ιι.
2474 3882 2550 3933 45.

623 3940 641 3979 ¹
678 3946 725 4003 2,
761 3947 807 4004 ιι,
843 3956 896 4007 q.
930 3949 1011 4008 99,
1046 3957 1092 3997 a.
1124 3952 1171 3997 3.
1205 3973 1269 3984 —
1309 3948 1364 3996 V.
1400 3947 1458 3997 Li
1495 3950 1632 3997 ueri.
1669 3949 1758 4009 Op.
1794 3948 1946 4006 Mor„
1980 3946 2014 3995 l.
2049 3957 2124 4006 ιιι,
2162 3956 2213 3994 n.
2248 3945 2358 3995 463.
2582 4004 2591 4015 ο

620 4004 644 4043 ²
677 4005 816 4056 Sese.
852 4018 925 4057 ιν.
964 4029 980 4051 ·
1022 4009 1207 4068 Quoad
1238 4008 1444 4071 ejusmo
1487 4011 1498 4058 i
1535 4010 1684 4060 lusus
1710 4012 1758 4059 et
1791 4010 2021 4059 iacaetias
2057 4008 2198 4057 circa
2231 4018 2400 4065 sacra,
2439 4014 2702 4067 praempue
2748 4014 2849 4054 nos
2898 4002 3142 4076 sacerdo-

559 4066 637 4116 tes
671 4070 858 4119 cautos
889 4081 1006 4121 esse
1036 4074 1259 4135 oportet.
1294 4073 1407 4122 Prae
1441 4073 1657 4134 reliquis
1690 4073 1741 4122 in
1777 4073 1876 4122 hac
1912 4071 2133 4121 materia
2158 4068 2314 4128 valet,
2394 4066 2495 4117 uod
2531 4066 2725 4127 aliquis
2759 4074 2826 4115 ex
2860 4077 2933 4116 se.
2980 4068 3144 4116 Patri-

563 4127 663 4178 bus
698 4134 794 4182 ait:
832 4145 978 4196 nuqoe
1008 4136 1257 4185 laicorum
1290 4138 1410 4184 aunt
1441 4135 1495 4182 in
1518 4147 1606 4183 ore
1625 4135 1903 4184 sacerdotis
1927 4132 2263 4196 blasph-emite.
2296 4150 2312 4172 ·
2391 4129 2517 4191 tapt,
2554 4130 2579 4193 5
2609 4130 3140 4201 227.-Fragmenta

562 4193 738 4241 autem
772 4194 1048 4257 librorum,
1082 4195 1138 4245 in
1171 4195 1366 4259 quibus
1398 4197 1562 4246 verba
1595 4206 1748 4245 sacra
1781 4195 2143 4245 inscribuntur
2175 4194 2238 4243 ad
2279 4191 2527 4255 profanos
2560 4203 2691 4240 usus
2717 4190 2981 4263 'authihere
3027 4202 3139 4240 sine

558 4258 880 4317 contemptu,
916 4269 1023 4308 non
1055 4261 1134 4308 est
1163 4270 1328 4309 sacrae
1362 4257 1644 4320 scripturae
1709 4258 2027 4320 profanatio,
2078 4267 2174 4306 nec
2225 4254 2446 4318 proinde
2491 4254 2843 4315 sacrilegium.
2894 4252 3029 4304 Item
3077 4251 3139 4302 de

565 4312 878 4367 Sanctorum
914 4320 1233 4382 imaginibus
1269 4332 1376 4370 non
1410 4318 1702 4370 benedictis
1733 4319 2016 4370 dicendum
2049 4318 2148 4370 est.
2286 4368 2313 4379 ,,
2621 4378 2630 4387 .

626 4379 648 4415 ⁸
683 4381 806 4430 Can.
844 4382 1077 4445 Quisquis
1108 4394 1256 4433 caus.
1291 4385 1368 4441 17,
1405 4394 1455 4444 p.
1486 4384 1532 4441 4,
1561 4393 1607 4433 c.
1641 4384 1719 4433 2¹.
1755 4407 1816 4417 —
1847 4383 2059 4431 Certum
2092 4382 2170 4429 est
2202 4379 2377 4427 autem
2397 4376 2729 4451 sacrilegium
2757 4386 2867 4441 non
2892 4385 3013 4447 esse
3034 4374 3137 4425 tur-

566 4443 678 4489 tum
711 4443 763 4490 ιιι
797 4443 1062 4503 claustrie,
1095 4445 1179 4494 vel
1213 4445 1266 4495 in
1301 4444 1546 4494 Oratorio
1579 4443 1772 4493 domus
1800 4445 2045 4505 privatae;
2080 4443 2217 4491 esset
2251 4452 2379 4490 vero
2410 4440 2608 4490 furtum
2657 4451 2712 4490 in
2764 4438 3026 4488 oratoriis
3060 4448 3144 4488 xe·

566 4501 974 4566 nodochiorum,
1008 4508 1104 4556 etsi
1135 4517 1241 4558 non
1274 4506 1562 4557 benedictis
1595 4506 1662 4555 ab
1688 4506 1970 4567 Episcopo.
2009 4505 2085 4554 lta
2118 4504 2345 4563 Liguori,
2383 4504 2468 4563 Op.
2503 4502 2658 4559 Mor„
2692 4501 2729 4550 l.
2764 4512 2840 4557 ιιι,
2881 4512 2933 4548 ιι.
2971 4501 3050 4549 39.

628 4563 650 4604 ⁴
685 4567 745 4615 D.
782 4567 1047 4628 Thomas,
1083 4580 1133 4630 p.
1170 4572 1218 4627 3,
1253 4579 1303 4617 a.
1338 4570 1368 4619 3
1401 4568 1465 4618 ad
1502 4571 1548 4617 3.
1582 4587 1644 4604 -—
1690 4568 1740 4616 V.
1776 4567 2085 4617 Benedictus
2119 4564 2252 4623 XlV,
2288 4565 2641 4626 Notiftcatione
2674 4574 2775 4623 1.11;
2811 4586 2869 4596 —
2909 4561 3142 4624 Liguori,

570 4630 705 4690 Opus
737 4629 884 4689 Mor„
921 4630 953 4679 l.
988 4642 1067 4689 ιιι,
1101 4641 1155 4680 ιι.
1187 4632 1263 4680 tt.
