3292 5167
1293 203 1373 249 na:
1421 203 1759 251 casatum
2690 173 2834 252 709

216 302 549 380 superflue
592 313 657 367 et
701 321 844 372 cum
889 306 1088 368 nimio
1124 305 1279 369 luxu
1310 323 1376 369 se
1420 307 2023 382 ornentmulieres,
2057 316 2126 370 ut
2156 305 2505 388 prbvocent
2540 307 2618 371 ad
2655 321 2809 370 cen·

220 383 727 462 cupiscendum,
775 387 1037 465 peccant
1081 386 1472 460 mortalitem
1515 389 1662 468 quia
1712 392 1828 450 boc
1873 399 1973 450 est
2013 387 2168 452 dare
2223 390 2622 452 incentivu-m
2658 402 2811 466 ⁸pec·
2859 389 2878 396 “

226 464 375 524 cati.
422 462 492 525 Si
536 472 762 540 autem,
806 469 897 529 ait
933 467 1295 546 AngelicuS,
1342 485 1420 530 em
1466 470 1737 549 quadam
1782 469 2055 545 levitate,
2088 470 2183 532 vel
2218 470 2409 532 etiam
2435 486 2514 532 ex
2545 469 2815 548 quadam

222 544 513 606 vanitate
551 553 808 626 propter
839 548 1228 625 ⁸iactantiam
1273 549 1628 627 quandam,
1691 565 1814 611 non
1875 566 2111 627 semper
2151 558 2249 613 est
2287 557 2609 629 peccatum
2651 559 2815 610 mor·

232 623 388 700 tale,
430 627 533 708 sed
574 629 937 707 quandoque
978 627 1278 691 veniale...
1310 628 1568 692 Possem
1593 629 1825 708 aliquas
1852 645 1891 691 a
1925 636 2176 707 peccato
2210 631 2528 705 excusari,
2564 628 2824 709 quando

223 701 340 766 Itoc
409 721 532 769 non
570 707 747 786 fieret
774 727 866 771 -em
906 710 1126 787 aliqua
1167 710 1470 784 vanitate,
1509 709 1616 772 sed
1676 715 1932 788 propter
1991 710 2383 774 contrariam
2433 709 2826 774 consuetudi-

220 800 383 860 nem,
429 788 710 866 quamvis
757 789 912 851 talis
955 790 1328 852 consuetudo
1370 807 1492 853 non
1528 791 1615 852 sit
1659 787 2025 852 laudabilis.
2169 831 2176 838 .

311 863 380 927 R.
427 867 516 929 Ad
560 868 632 931 3:
672 869 973 933 Mulieres
1020 871 1277 932 nudatis
1322 870 1623 938 brachiis,
1669 870 1943 949 scapulis
2001 879 2065 931 et
2111 879 2393 947 pectore·
2431 870 2808 935 incedentes

217 947 515 1024 graviter
562 961 921 1028 peccarent,
966 952 1019 1012 si
1067 954 1288 1029 primae
1323 952 1494 1029 bunc
1540 966 1780 1013 morem
1824 949 2059 1012 alicubi
2091 949 2621 1012 introducerent:
2666 966 2814 1018 cum

228 1027 372 1089 sine
402 1029 743 1093 multorum
776 1039 1179 1110 peccatorum
1212 1033 1545 1092 occasione
1575 1047 1715 1106 esse
1748 1041 2041 1109 nequeat.
2073 1030 2420 1093 Peccarent
2448 1035 2603 1096 item
2633 1037 2815 1108 gravi

221 1108 548 1184 scandalo,
592 1113 643 1172 si
692 1119 818 1191 tam
866 1112 1278 1173 immoderata
1326 1121 1496 1173 esset
1537 1109 1909 1184 denudatio,
1958 1122 2024 1173 ut
2071 1111 2254 1173 valde
2286 1110 2616 1173 lasciviam
2663 1129 2815 1191 pro-

227 1200 505 1254 vocaret.
548 1190 664 1253 Ubi
705 1192 1055 1254 notandum
1093 1190 1255 1253 nihil
1300 1190 1618 1253 facessere
1665 1191 1955 1271 quaedam
2002 1191 2138 1252 vela
2197 1194 2675 1269 transparentia
2725 1194 2810 1257 ad

218 1265 878 1345 excusandnm;‘cum
927 1275 1060 1334 baec
1093 1288 1218 1334 non
1252 1276 1482 1348 minus,
1521 1288 1600 1335 ne
1631 1271 1838 1334 dicam
1875 1271 2124 1346 fortius,
2153 1273 2516 1349 passionem
2558 1284 2816 1337 acuant.

232 1348 602 1414 Praesertim
648 1368 760 1430 per
804 1353 966 1414 banc
1011 1351 1425 1430 petulantiam
1471 1355 1950 1415 severissimum
1982 1354 2093 1414 Dei
2134 1351 2450 1430 judicium
2493 1353 2616 1414 sibi
2664 1371 2819 1420 con·

229 1434 532 1507 sciscunt,
575 1433 626 1495 si
678 1431 887 1494 taliter
931 1442 1172 1494 ornatae
1219 1434 1284 1494 in
1333 1433 1606 1512 publicis
1653 1433 2093 1508 conventibus,
2121 1431 2216 1493 vel
2251 1434 2318 1492 in
2351 1429 2480 1511 ipsa
2520 1433 2803 1498 Ecclesia
2887 1441 2893 1448 ’

224 1511 833 1592 semetspeciandas
864 1513 1174 1576 offerunt:
1211 1512 1684 1591 quotscandala
1718 1514 1985 1575 intanta
2021 1513 2354 1575 bominum
2389 1513 2769 1577 infirmitate
2799 1517 2814 1577 l
2919 1531 2926 1540 ·

310 1591 486 1666 Quod
530 1594 580 1655 si
634 1593 888 1655 nuditas
937 1605 1061 1655 tam
1110 1593 1525 1656 immoderata
1563 1610 1689 1655 non
1722 1598 1825 1669 sit,
1858 1604 1921 1656 et
1950 1597 2082 1672 jam
2114 1601 2365 1655 extaret
2396 1592 2631 1656 alicubi
2665 1611 2808 1657 con·

229 1673 502 1736 suetudo
526 1674 617 1735 sic
664 1673 1024 1750 incedendi,
1048 1683 1339 1753 putamus
1364 1690 1507 1737 cum
1538 1692 1588 1734 S.
1622 1677 1947 1736 Antonino
1992 1691 2132 1736 esse
2162 1673 2663 1750 exprobrandas,
2696 1675 2810 1739 sed

230 1767 361 1815 non
405 1753 579 1816 illico
624 1754 1019 1816 damnandas
1064 1757 1138 1814 de
1187 1754 1435 1816 mortali
1488 1755 1642 1817 tales
1685 1755 2021 1828 mulieres3
2065 1753 2448 1816 assuefactio
2489 1756 2682 1830 enim,
2724 1758 2814 1821 uti

222 1829 419 1896 docet
460 1836 878 1913 experientia,
920 1834 1112 1896 efficit
1155 1844 1225 1897 ut
1271 1836 1390 1898 viri
1431 1852 1507 1896 ex
1552 1835 1663 1897 tali
1703 1837 1841 1897 visu
1889 1835 2098 1897 minus
2144 1843 2520 1896 moveantur
2553 1835 2627 1895 ad
2664 1853 2814 1898 con·

222 1916 707 1992 cupiscentiam‚
747 1930 886 1977 cnm
934 1917 1144 1977 minus
1194 1915 1589 1993 phantasiam
1634 1917 1888 1977 excitet.
1933 1915 2067 1976 Non
2110 1915 2242 1993 jam
2306 1913 2474 1993 quod
2520 1931 2802 1982 eonsue-

230 1994 397 2072 tudo
427 1995 532 2074 jus
576 1997 921 2058 constituat
963 2007 1181 2058 contra
1217 1995 1329 2058 Jus
1373 1995 1705 2068 naturale;
1750 1997 1856 2058 sed
1895 2003 2140 2057 tantum
2172 2011 2317 2073 quia
2356 1997 2815 2073 concupiscen-

230 2075 341 2137 tiae
390 2092 512 2136 vim
562 2077 899 2137 imminuit.
945 2075 1355 2155 Quanquam,
1421 2084 1596 2138 notat
1660 2074 1882 2155 Stapf‚
1927 2077 1991 2137 in
2039 2075 2407 2137 bominibus
2454 2077 2815 2153 praesertim

218 2155 599 2234 junioribus
644 2172 755 2235 per
799 2155 1171 2234 frequentes
1215 2165 1506 2234 aspectus
1554 2157 1852 2218 stimulus
1916 2171 2229 2218 venereus
2277 2170 2402 2220 non
2453 2156 2816 2220 hebetatur.

316 2236 601 2299 Discrete
646 2252 797 2314 engo
844 2236 1123 2313 prudens
1168 2235 1596 2300 confessarius
1640 2237 1963 2298 sententia
2003 2236 2277 2314 benigna
2321 2244 2561 2306 utatur,
2601 2254 2682 2299 ne
2715 2240 2810 2299 in·

222 2315 495 2397 dulgeat
540 2318 753 2380 nimiae
801 2315 1142 2392 mulierum
1186 2315 1509 2392 licentiae,
1556 2332 1698 2396 quae
1763 2311 2100 2380 libidinem
2157 2315 2461 2391 involvit-;
2506 2333 2650 2380 cum
2695 2317 2812 2381 foe-

229 2400 428 2459 minae
472 2398 591 2476 piae
636 2407 698 2459 et
741 2397 1060 2475 religiosae
1121 2398 1238 2458 hoc
1301 2397 1515 2459 modo·
1554 2396 1855 2460 incedere
1920 2397 2184 2459 minime
2229 2395 2522 2459 soleant.
2563 2396 2645 2460 Et
2688 2414 2816 2462 ma-

228 2481 426 2552 xime,
470 2479 615 2557 qnia
665 2476 820 2539 tales
867 2477 1168 2539 mulieres
1214 2476 1611 2540 nuditatibus
1651 2476 1781 2539 illis
1824 2484 2125 2557 quaerunt
2186 2476 2357 2538 viros
2427 2479 2639 2554 pravis
2684 2477 2810 2541 sibi

222 2560 559 2620 amoribus
603 2559 957 2636 captivare:
1001 2567 1066 2619 et
1109 2558 1495 2641 principum
1562 2566 1850 2620 nostrum
1908 2568 2043 2632 est,
2090 2559 2153 2618 in
2222 2556 2505 2635 periculo
2568 2559 2814 2637 peccati
2921 2565 2931 2584 '

232 2635 546 2713 formam,
591 2637 932 2717 rigidiores
974 2640 1311 2717 opiniones
1355 2654 1494 2700 esse
1541 2637 1870 2701 tenendas.
1921 2636 2136 2715 Neque
2182 2636 2495 2715 impudica
2551 2637 2812 2702 nuditas

230 2719 491 2781 mulieri
539 2718 965 2798 permittenda
1010 2727 1106 2780 est
1149 2721 1214 2779 in
1262 2723 1390 2796 ipsa
1439 2734 1549 2781 sua
1596 2718 1818 2794 domo;
1864 2734 2006 2780 nam
2048 2719 2126 2779 iis
2170 2719 2276 2796 qui
2325 2719 2389 2777 in
2435 2733 2508 2781 ea
2553 2728 2703 2782 sunt
2747 2727 2813 2782 et

228 2803 342 2877 qui
388 2815 526 2862 eam
575 2799 1047 2876 ingrediuntur,
1091 2799 1487 2862 incentivum
1530 2799 1837 2878 peccandi
1898 2797 2172 2876 praebet:
2223 2797 2341 2861 Oro
2388 2802 2485 2874 te,
2529 2800 2619 2860 ait
2661 2798 2810 2862 Ter-

160 2953 165 2958 ,
230 2877 543 2942 tullianus
574 2879 622 2954 ¹,
663 2881 791 2941 sive
823 2886 1045 2955 mater,
1087 2878 1216 2941 sive
1257 2895 1454 2957 soror,
1496 2881 1624 2942 sive
1650 2878 1786 2958 filia
1817 2879 2047 2958 virqo...
2084 2877 2220 2940 vela
2250 2884 2480 2956 capum
2519 2881 2576 2941 si
2612 2889 2815 2942 mater

223 2966 491 3040 propter
528 2959 735 3040 filios‚·
769 2959 827 3021 si
867 2977 1045 3021 soror
1086 2966 1341 3038 propter
1380 2958 1623 3040 fratres
1643 2981 1669 3031 ,·
1714 2959 1770 3021 si
1807 2958 1952 3038 filia
1989 2964 2245 3040 propter
2270 2964 2557 3038 patrem:
2602 2977 2810 3024 omnes

232 3039 304 3101 in
349 3046 404 3102 te
447 3047 664 3102 (etates
705 3039 1159 3120 periclitantur
1200 3038 1340 3119 (R).

653 3321 803 3388 Anr.
853 3321 932 3386 11.
983 3356 1064 3366 --
1113 3320 1204 3385 Be
1241 3314 1537 3384 scandalo
1575 3315 1832 3401 passivo
1877 3324 1932 3380 et
1975 3312 2397 3400 cooperatione

1161 3484 1245 3552 ad
1288 3454 1560 3552 eliorum
1614 3494 1889 3570 peccata.

321 3723 541 3787 8811.
592 3722 666 3800 Q.
717 3721 773 3787 1.
841 3717 1002 3800 Quid
1045 3717 1117 3783 de
1160 3715 1456 3784 scandalo
1495 3718 1795 3802 passivo?

335 3829 400 3893 R.
454 3825 847 3894 Scandalum
896 3825 1232 3911 passivum
1281 3840 1397 3890 seu
1448 3828 1792 3907 acceptum
1843 3827 1944 3889 est
1991 3819 2132 3906 ipsa
2181 3819 2370 3886 ruina
2443 3814 2804 3902 spiritualis

229 3949 361 4003 seu
412 3939 779 4020 peccatum,
807 3932 872 3999 in
929 3929 1110 4017 quod
1161 3929 1500 4016 proximus
1551 3928 1795 3996 labitur
1841 3946 1921 3996 ex
1968 3927 2140 3994 facto
2189 3932 2441 3994 nostro.
2481 3923 2550 3992 Si
2582 3924 2827 3996 factum

232 4045 546 4107 nostrum
620 4039 706 4107 sit
778 4039 858 4106 de
919 4056 990 4106 se
1038 4045 1265 4124 aptum
1312 4035 1392 4103 ad
1458 4034 1925 4104 offendiculum
2000 4032 2299 4119 proximo
2371 4027 2825 4128 praebendum,

106 4140 111 4144 ’
223 4146 625 4214 scandalum
672 4146 915 4230 dicitur
957 4144 1173 4211 datum
1207 4155 1263 4210 et
1307 4153 1642 4230 acceptum.
1695 4140 1762 4208 Si
1813 4159 1970 4209 vero
2021 4158 2152 4208 non
2202 4140 2287 4208 sit
2335 4138 2417 4207 de
2459 4155 2532 4206 se
2578 4143 2825 4224 aptum,

226 4251 358 4322 sed
406 4261 626 4323 tamen
678 4254 1018 4341 proximus
1068 4251 1348 4333 labatur,
1388 4248 1772 4320 scandalum
1822 4246 2065 4315 dicitur
2109 4267 2235 4316 non
2280 4246 2525 4329 datum,
2572 4243 2679 4312 sed
2721 4263 2828 4311 ac-

190 4373 479 4448 ·aecptum
509 4387 531 4429 .·
580 4367 645 4430 et
693 4369 851 4430 tunc
899 4359 953 4429 si
1004 4357 1284 4445 proximi
1331 4358 1554 4444 lapsus
1603 4355 1858 4426 eveniat
1929 4373 2011 4423 ex
2070 4355 2214 4441 ejus
2282 4352 2663 4422 infirmitate
2725 4349 2834 4420 vel

234 4466 630 4556 ignorantia,
701 4467 945 4537 dicitur
1010 4458 1378 4533 scandalum
1436 4463 1825 4551 pusillorum
1894 4479 2012 4532 seu
2080 4463 2513 4551 infimorum
2565 4459 2622 4529 si
2669 4475 2836 4528 vero
2915 4547 2922 4560 ἱ

296 4663 322 4706 ¹
354 4662 425 4713 De
455 4662 620 4713 viduis
649 4662 894 4725 velandis,
929 4672 977 4713 c.
1010 4672 1156 4713 axvi.

326 4745 606 4830 Scmm,
659 4743 982 4833 Theoloqia
1028 4752 1155 4815 etc.
1206 4744 1279 4814 Τ.
1328 4744 1405 4812 11.
2287 4795 2310 4822 ,
2563 4736 2653 4808 45
