3292 5167
1332 311 1408 358 nn
1456 308 1595 357 nnn
2631 294 2773 363 633

272 408 390 479 Hic
438 416 615 480 certe
663 428 793 480 non
846 411 1039 480 datur
1086 412 1374 498 parvitas
1424 415 1744 499 materias,
1792 432 1945 484 cnm
2019 415 2164 487 haec
2233 417 2451 487 omnia
2500 436 2769 508 semper

168 515 520 586 includant
568 536 794 587 verum
844 527 1043 606 atque
1093 520 1435 589 formalem
1491 521 1605 591 Dei
1660 530 2140 608 contemptum.

268 627 458 693 917.
510 629 582 708 Q.
631 628 690 694 3.
742 628 842 696 An
886 628 1172 715 infideles
1218 630 1506 716 compelli
1546 630 1791 716 possint
1836 631 1920 697 ad
1962 631 2146 717 fidem
2189 633 2714 720 suscipiendam?

269 736 338 815 R.
372 734 667 803 Ecclesia
695 734 891 804 habet
918 737 1028 824 jus
1065 735 1464 822 praedicandi
1511 738 1937 824 Evangelium
1976 738 2224 825 ubique
2259 758 2376 825 per
2418 759 2491 808 ea
2526 743 2720 810 verba
2744 765 2765 808 z

163 853 387 909 euntes
431 842 630 911 docete
674 862 883 911 omnes
926 855 1181 935 qente33
1218 844 1555 932 proedicate
1627 848 2046 933 Evanyelium
2091 848 2263 914 omni
2306 860 2608 917 creaturae
2623 875 2646 916 .·
2694 857 2765 918 et

171 947 475 1017 infideles
525 956 838 1018 tenentur
884 956 948 1019 et
997 949 1540 1037 praedicationem
1589 950 1817 1020 audire
1866 958 1931 1019 et
1979 951 2177 1019 fidem
2209 952 2763 1045 suscipere3nam

165 1056 286 1143 qui
334 1077 462 1124 non
506 1058 776 1125 audierit
821 1059 1356 1142 exterminabitur,
1407 1064 1470 1126 et
1505 1060 1613 1144 qui
1642 1079 1768 1126 non
1815 1060 2141 1128 crediderit
2170 1061 2678 1130 condemnabitur
2707 1058 2758 1134 ¹.

172 1165 474 1233 Attamen
525 1167 815 1235 Ecclesia
861 1166 920 1233 vi
971 1165 1371 1252 compellere
1445 1184 1576 1233 non
1648 1173 1868 1252 potest
1918 1167 2217 1236 infideles
2268 1168 2348 1236 ad
2405 1169 2604 1237 fidem
2646 1190 2762 1240 su-

161 1271 613 1358 scipiendam
656 1280 793 1342 tum
843 1274 993 1361 quia
1035 1274 1280 1341 nullam
1330 1273 1528 1341 habet
1579 1272 1897 1341 directam
1946 1280 2341 1360 potestatem
2375 1275 2441 1343 in
2476 1294 2607 1344 non
2647 1279 2760 1346 ba-

169 1378 450 1463 ptizatos
500 1382 564 1461 ²;
614 1388 754 1447 tum
804 1381 954 1467 quia
1004 1379 1152 1448 fidei
1211 1362 1546 1469 susceptio
1596 1378 1795 1448 debet
1843 1398 1990 1448 esse
2034 1381 2433 1463 voluntaria,
2485 1390 2556 1449 ut
2607 1402 2757 1452 vera

158 1485 273 1553 sit.
324 1486 767 1555 confirmatur
812 1505 892 1555 ex
938 1489 1094 1554 Jure
1142 1486 1481 1568 canonice,
1533 1504 1612 1553 ex
1664 1484 2055 1554 Tridentino
2097 1494 2146 1567 ³,
2190 1494 2257 1555 et
2309 1488 2490 1573 praxi
2542 1489 2752 1575 ipsius

159 1595 504 1679 Ecclesiae,
554 1614 703 1682 quae
769 1611 1104 1681 nunquam
1154 1594 1496 1662 coactione
1544 1611 1663 1660 usa
1709 1602 1829 1676 est,
1879 1593 1998 1662 sed
2068 1595 2378 1664 suasione
2456 1603 2748 1668 tantum:

151 1721 300 1790 quo
349 1706 546 1772 sensu
598 1703 923 1790 explicant
974 1700 1172 1767 illud:
1215 1701 1506 1787 compelle
1550 1701 1793 1767 intrare
1840 1695 1889 1767 ⁴.

250 1811 548 1880 Diximus
618 1810 702 1878 ad
742 1810 922 1897 fidem
988 1807 1485 1895 suscipiendam
1553 1807 1796 1876 docent
1867 1808 2043 1876 enim
2114 1808 2491 1905 Ecclesiam·
2545 1827 2749 1896 posse

153 1917 561 2003 compellere
612 1915 907 1984 infideles
953 1915 1078 1984 sibi
1130 1915 1194 1982 in
1248 1914 1727 2000 temporalibus
1793 1913 2133 2001 subJectos
2204 1916 2284 1982 ad
2356 1915 2749 1986 audiendam

147 2023 374 2107 fidem,
423 2042 574 2091 cum
621 2022 833 2091 adhuc
880 2023 1115 2090 electio
1166 2021 1369 2089 libera
1420 2020 1580 2106 ipsis
1655 2021 2071 2107 relinquatur
2118 2026 2184 2104 ὃς
2234 2022 2394 2091 item
2465 2023 2560 2091 eis
2633 2041 2748 2093 ve-

145 2139 296 2200 tare
346 2130 803 2213 idololatriam,
882 2147 1032 2197 cum
1086 2128 1230 2197 haec
1280 2129 1403 2214 legi
1478 2128 1759 2196 naturali
1832 2136 2176 2213 repugnet.
2249 2129 2378 2213 Sic,
2453 2130 2748 2198 Ecclesia

154 2239 529 2326 plaudente,
564 2238 1036 2307 Constantinus
1082 2244 1145 2305 et
1195 2235 1610 2304 Theodosius
1647 2235 1823 2302 illam
1867 2236 2424 2322 proscripserunt.
2468 2240 2606 2306 Hoc
2648 2244 2743 2304 ta-

149 2365 308 2415 men
373 2345 761 2431 intelligitur
806 2344 887 2413 de
957 2343 1239 2411 subditis
1287 2345 1350 2410 in
1404 2343 1925 2429 temporalibus,
1998 2344 2150 2428 quia
2229 2344 2293 2412 in
2367 2363 2482 2413 eos
2544 2346 2745 2432 juris-

143 2450 516 2523 dictionem
562 2440 852 2521 Ecclesia
902 2451 1120 2531 habet,
1187 2457 1385 2536 atque
1433 2448 1585 2518 ideo
1637 2455 1859 2536 potest
1929 2450 2056 2518 illis
2100 2450 2336 2537 jubere
2385 2469 2534 2538 quae
2584 2460 2743 2520 sunt

154 2562 320 2631 recti
357 2561 627 2643 ordiniS,
663 2561 715 2628 si
754 2559 967 2627 adhuc
1014 2558 1281 2626 libertas
1315 2555 1396 2623 ad
1429 2557 1627 2627 fidem
1678 2557 2122 2642 relinquatur.
2158 2595 2247 2605 —
2281 2560 2362 2627 At
2401 2559 2463 2626 in
2499 2578 2581 2629 eo
2629 2563 2740 2648 qui

147 2687 278 2738 nec
328 2667 781 2755 temporaliter
826 2665 950 2734 sihi
1001 2671 1155 2733 sunt
1203 2664 1508 2751 subjecti,
1563 2664 1818 2732 nullum
1859 2665 1970 2751 jus
2019 2664 2239 2733 dicere
2293 2673 2532 2750 potest,
2572 2675 2645 2736 ut
2681 2669 2740 2737 vi

143 2776 509 2863 compellat
551 2775 631 2842 ad
682 2772 1073 2857 audiendam
1124 2769 1339 2852 fidem,
1392 2771 1513 2841 etsi
1566 2770 1780 2857 possit
1847 2788 1965 2840 eos
2033 2773 2432 2859 compellere
2502 2775 2583 2856 vi,
2658 2794 2742 2845 ne

143 2882 305 2952 fidei
356 2879 896 2970 praedicationem
942 2878 1041 2947 vel
1092 2877 1300 2965 ipsam
1372 2877 1570 2947 fidem
1641 2877 2021 2964 impediant.
2094 2878 2417 2947 Audiatur
2481 2882 2741 2967 Angeli-

139 3009 296 3060 cus:
349 2989 685 3058 Dicendum
729 2987 891 3073 quod
936 2985 1276 3072 infidelium
1307 2985 1561 3070 quidam
1616 2998 1783 3067 sunt,
1817 2985 1925 3071 qui
1974 3004 2297 3070 nunquam
2341 2999 2740 3075 susceperunt

139 3097 348 3186 fidem,
395 3096 554 3161 sicut
598 3094 853 3180 qentiles
898 3105 954 3160 et
986 3091 1228 3179 judaei;
1271 3104 1323 3158 el
1370 3092 1524 3158 tales
1566 3091 1741 3158 nullo
1802 3091 1983 3158 modo
2026 3103 2172 3158 sunt
2217 3092 2301 3159 ad
2341 3093 2521 3179 fidem
2566 3113 2736 3161 com-

137 3203 430 3293 pellendi,
479 3214 547 3268 ut
591 3203 712 3288 ipsi
757 3199 1028 3282 credant,
1075 3199 1224 3285 quia
1270 3198 1512 3266 credere
1557 3199 1895 3265 voluntatis
1940 3210 2045 3266 est.
2094 3200 2249 3267 Sunt
2298 3212 2505 3267 tamen
2565 3222 2736 3269 com-

134 3311 411 3399 pellendi
456 3330 498 3377 a
541 3308 817 3396 fidelibus
861 3309 917 3375 si
962 3307 1125 3374 adsit
1169 3306 1460 3391 facultas,
1511 3317 1578 3372 ut
1621 3306 1802 3392 fidem
1871 3325 1999 3371 non
2067 3306 2422 3393 impediant,
2470 3310 2565 3376 vel
2602 3311 2738 3377 bla-

137 3404 438 3508 sphemiis
483 3419 577 3485 vel
620 3416 806 3484 malis
843 3415 1355 3505 persuasionibus
1399 3413 1494 3480 vel
1537 3415 1725 3480 etiam
1770 3415 2005 3500 apertis
2043 3416 2608 3500 persecutionibus:
2677 3431 2736 3486 et

135 3540 399 3617 propter
443 3528 553 3593 hoc
597 3524 801 3612 fideles
849 3523 1083 3591 Christi
1124 3523 1477 3608 frequenter
1544 3531 1763 3587 contra
1830 3520 2121 3606 insedeles
2181 3522 2402 3589 bellum
2469 3538 2731 3609 movent,

140 3655 277 3703 non
320 3633 563 3719 quidem
606 3643 676 3698 ut
722 3651 822 3698 eos
866 3633 948 3697 ad
995 3628 1368 3725 credendum
1414 3639 1656 3714 coqant,
1730 3628 1881 3712 quia
1924 3628 1981 3695 si
2026 3629 2212 3696 eliam
2278 3649 2379 3696 eos
2447 3633 2735 3700 vicissent

133 3755 200 3810 et
248 3743 521 3829 captivos
566 3740 872 3820 haberent,
919 3739 987 3804 in
1033 3756 1252 3805 eorum
1297 3736 1571 3802 libertate
1638 3735 2076 3820 relinquerent,
2147 3756 2234 3803 an
2300 3739 2544 3806 credere
2610 3741 2734 3807 vel-

139 3850 316 3927 lent;
360 3847 464 3914 sed
499 3857 757 3934 propter
801 3846 912 3911 hoc
955 3855 1022 3910 ut
1067 3862 1167 3910 eos
1229 3843 1615 3929 compellant,
1688 3862 1765 3908 ne
1839 3843 2069 3909 Christi
2134 3844 2313 3929 fidem
2373 3845 2731 3931 impediant.

139 3955 274 4024 Alii
318 3974 459 4021 vero
506 3964 649 4020 sunt
717 3951 991 4037 infideles
1036 3950 1144 4035 qui
1187 3948 1550 4034 quandoque
1593 3948 1774 4035 fidem
1818 3960 2214 4034 susceperunt
2258 3961 2316 4016 et
2359 3969 2497 4016 eam
2541 3953 2732 4039 profi-

139 4073 369 4143 tentur,
415 4062 572 4128 sicut
616 4059 887 4127 hoeretici
931 4069 987 4125 et
1031 4057 1395 4143 quicumque
1462 4066 1761 4142 apostatoe
1787 4079 1811 4134 ;
1851 4066 1908 4122 et
1950 4061 2106 4123 tales
2152 4067 2299 4122 sunt
2341 4057 2528 4123 etiam
2595 4078 2732 4126 cor-

127 4169 452 4258 poraliter.
488 4164 904 4254 compellendi,
953 4177 1022 4232 ut
1068 4164 1365 4265 impleant
1430 4161 1593 4248 quod
1628 4162 2075 4249 promiserunt,
2141 4172 2200 4229 et
2264 4174 2509 4231 teneant
2566 4167 2732 4251 quod

128 4277 330 4345 semel
370 4287 763 4363 susceperunt
810 4274 859 4341 ⁰.
907 4271 1079 4342 Nihil
1128 4288 1285 4340 sane
1332 4269 1592 4338 clarius.

203 4471 229 4511 ¹
264 4485 299 4531 ι,
334 4472 455 4524 Cor.
488 4483 542 4524 v.
1531 4466 1556 4505 ²
1590 4464 1763 4516 Actor.
1797 4475 1872 4524 ιι;
1908 4465 2084 4526 Marci,
2119 4466 2214 4517 ult.

199 4535 230 4574 ¹
265 4536 390 4597 Gap.
425 4533 646 4595 Maiores
677 4544 694 4583 ι
727 4531 787 4583 de
819 4532 963 4595 Bapt.
995 4530 1047 4581 et
1077 4527 1139 4578 de
1160 4526 1369 4591 judaeis,
1402 4525 1529 4577 diss.
1566 4537 1788 4599 xcv3—
1822 4527 2211 4590 Tridentinum‚
2245 4539 2376 4581 sess.
2412 4542 2526 4592 xiv,
2558 4542 2605 4584 c.
2640 4534 2688 4584 2.

206 4595 229 4636 ⁴
267 4598 390 4647 Luc.
424 4608 534 4647 xvi.
567 4621 632 4633 —
670 4596 725 4644 V.
762 4595 818 4644 Pi
857 4592 1064 4644 natelli.
1093 4590 1496 4641 consultationes
1520 4589 1637 4647 etc„
1679 4587 1766 4640 lib.
1805 4600 1883 4650 tx,
1921 4600 2070 4640 cous.
2104 4594 2182 4642 68.

206 4658 231 4698 ὓ
271 4658 328 4709 V.
361 4658 512 4710 Bulla
545 4657 820 4708 Nicolai‘ll
851 4693 865 4716 ,
911 4656 1119 4705 Vineam
1133 4665 1158 4712 ,·
1191 4654 1243 4703 et
1273 4651 1426 4703 Bulla
1459 4651 1690 4713 Gregorii
1726 4652 1866 4710 Xlll,
1902 4652 2091 4703 Sancta
2122 4657 2290 4707 mater
2324 4655 2566 4707 Ecclesia.

197 4721 232 4760 ⁸
261 4725 309 4781 Ξ,
343 4724 392 4779 2,
426 4733 479 4784 q.
515 4722 592 4780 10,
629 4731 677 4769 a.
711 4722 760 4770 8.
792 4743 855 4754 —
890 4717 950 4767 V.
988 4714 1171 4766 Civiltci
1205 4715 1469 4775 Gattolica,
1493 4725 1593 4765 ser.
1627 4714 1703 4773 2⁸,
1726 4713 1832 4764 vol.
1866 4725 1951 4764 vi:
1979 4716 2055 4765 La
2082 4728 2276 4778 ouer-ra
2302 4718 2614 4779 d'01·ienle,·
2647 4729 2726 4768 se-

135 4783 219 4835 rie
255 4784 326 4843 4⁸,
362 4786 396 4834 t.
431 4794 513 4834 vi:
551 4784 618 4833 Le
647 4783 786 4831 armi
815 4779 1075 4843 spirituali
1106 4792 1140 4829 a
1170 4776 1331 4839 dilesa
1360 4776 1440 4826 del
1473 4776 1795 4838 temporale,·
1828 4776 1983 4829 item-t
2019 4779 2086 4828 Le
2119 4781 2256 4831 armi
2289 4783 2558 4843 temporali
2590 4780 2725 4831 adi-

133 4845 255 4904 [σω
283 4846 416 4899 dello
446 4845 734 4910 spirituale.
772 4844 899 4894 Item
936 4839 1185 4905 plurima,
1220 4850 1339 4903 quoe
1372 4837 1705 4902 disputamus
1736 4836 1795 4890 Ι..
1830 4851 1868 4900 1,
1901 4850 1953 4890 n.
1992 4842 2101 4892 177.
