3292 5167
1038 306 1118 351 nn.
1165 307 1605 355 ausurum-ioue
1654 310 1716 355 us
1766 309 1972 355 specte
2146 277 2150 282 ⁴
2683 291 2806 360 511

203 411 568 490 detractor,
607 427 801 495 neque
844 408 1200 482 maledici...
1248 412 1529 504 Regnum
1575 412 1691 479 Dei
1726 410 2126 499 possidebunt
2167 417 2214 479 ¹.
2272 413 2353 479 Et
2387 411 2447 479 d.
2498 412 2815 506 Hierony-

210 535 406 598 mus:
448 520 590 588 Non
646 527 866 604 putent
923 518 1203 605 reliyiosi
1244 538 1311 590 se
1354 539 1480 590 esse
1538 539 1788 587 securos
1851 519 2115 587 dicentes
2134 544 2157 586 .·
2207 520 2483 608 prandia
2542 522 2814 592 crimina

207 644 341 692 non
388 624 683 712 facimuS,
728 644 856 691 non
900 624 1238 708 adulterer,
1270 645 1399 692 nort
1439 627 1682 712 furtum
1710 628 1897 714 facia,
1932 646 2066 692 non
2094 627 2544 694 homicidium:
2577 627 2814 716 qrande

197 733 409 801 scelus
456 743 543 799 est
587 731 835 817 quando
881 731 1156 800 detrahis
1197 734 1396 819 fratri
1440 745 1544 801 tuo
1578 731 1629 802 ².
1692 733 2014 804 Videlicet
2070 734 2266 802 unico
2304 733 2437 802 ictu
2489 734 2809 804 detractio

200 843 344 912 tres
393 837 713 910 interficit
761 836 1093 905 lethaliter
1143 856 1224 907 ex
1272 837 1333 905 d.
1382 839 1745 924 BernardO,
1795 838 2184 921 detractum,
2238 838 2697 909 detrahentem
2745 848 2810 910 et

202 943 596 1014 audientem
656 943 1154 1014 detractionem.
1223 945 1413 1027 Quod
1473 953 1819 1032 peccatum
1886 945 2034 1014 ideo
2105 947 2304 1014 etiam
2374 946 2620 1032 grande
2685 956 2807 1031 est,

202 1051 361 1139 quia
413 1050 771 1125 difficulter
834 1051 1002 1120 fama
1050 1052 1255 1124 semel
1325 1053 1506 1134 laesa,
1565 1072 1645 1122 ex
1711 1059 1852 1122 toto
1924 1059 2362 1122 restauratur:
2431 1053 2585 1122 hinc
2652 1054 2812 1124 illud

197 1162 469 1230 axioma
517 1178 670 1229 vere
718 1161 1119 1229 satanicum:
1169 1161 1562 1228 calumniare
1606 1162 1924 1244 audacter,
1960 1161 2204 1247 aliquid
2231 1181 2474 1248 sempe-r
2510 1163 2719 1230 hoeret.

289 1272 508 1340 Porro
533 1270 588 1338 si
615 1268 808 1337 alicui
843 1268 1245 1351 detrahatur,
1281 1269 1530 1337 crimen
1565 1268 2207 1354 verum'aperiendO,
2240 1267 2483 1337 dicitur
2530 1269 2811 1355 simplex

193 1376 541 1445 detractio:
591 1375 645 1443 si
696 1374 1048 1462 aperiendo
1095 1373 1356 1460 falsum,
1405 1374 1650 1444 dicitur
1694 1376 2034 1459 calumnia,
2087 1393 2237 1466 quae
2289 1383 2390 1444 est
2440 1376 2698 1461 gravior
2743 1382 2807 1450 et

194 1485 423 1553 differt
487 1483 709 1570 specie
756 1502 791 1551 a
840 1483 1127 1571 simplici
1211 1482 1642 1566 detractione,
1703 1483 1856 1571 quia
1928 1482 2317 1553 detractioni
2389 1482 2808 1553 mendacium

194 1592 591 1679 superaddit
641 1593 942 1677 proximo
993 1591 1444 1677 perniciosum
1489 1607 1566 1660 'ac
1613 1592 1895 1661 lethale:
1945 1612 2011 1658 os
2060 1604 2267 1659 autem
2298 1591 2462 1678 quod
2490 1592 2804 1673 mentitur,

193 1700 419 1768 occidit
489 1701 774 1768 animam
822 1693 871 1767 ³.
916 1700 1224 1768 Attamen
1272 1699 1410 1767 sive
1458 1698 1783 1768 detractio
1833 1699 1969 1767 sive
2020 1699 2345 1768 calumnia
2387 1705 2618 1785 potest
2657 1716 2805 1767 esse

196 1813 461 1876 tantum
510 1806 809 1889 venialis,
854 1807 953 1875 vel
1005 1825 1086 1875 ex
1134 1807 1399 1876 levitate
1448 1807 1771 1891 materiae,
1821 1807 1872 1874 si
1925 1824 2118 1892 grave
2169 1807 2482 1876 damnum
2533 1824 2667 1873 non
2709 1805 2804 1873 in-

197 1911 363 1981 ferat
377 1939 396 1995 3
452 1913 551 1981 vel
601 1930 682 1981 ex
722 1912 982 1981 deiectu
1018 1912 1555 1989 deliberationis:
1603 1917 1865 1980 Peccata
1895 1932 2032 1998 quae
2063 1902 2533 1981 committuntur
2562 1913 2630 1977 in
2656 1929 2804 1997 pro-

191 2019 471 2102 ximum,
523 2020 611 2087 ait
656 2019 1010 2106 Angelicus
1059 2021 1110 2103 ⁴,
1161 2033 1306 2088 sunt
1366 2021 1691 2109 pensanda
1726 2040 1852 2112 per
1895 2042 1959 2087 se
2006 2020 2253 2105 quidem
2306 2020 2641 2087 secundum
2694 2040 2802 2087 no-

193 2140 502 2210 cumenta,
554 2147 695 2214 quae
732 2129 1032 2215 proximo
1076 2128 1379 2213 inferunt,
1428 2128 1578 2213 quia
1624 2147 1709 2194 ea:
1753 2129 1867 2195 hoc
1914 2130 2134 2196 habent
2180 2129 2489 2195 rationem
2562 2128 2759 2213 culpat
2777 2151 2801 2192 .-

193 2246 367 2303 1anto
414 2247 626 2302 autem
672 2247 761 2302 est
804 2237 1012 2322 majus
1056 2248 1512 2317 nocumentum,
1553 2246 1786 2320 quanto
1832 2237 2042 2321 majus
2088 2236 2314 2303 bonum
2361 2235 2629 2301 demitur
2661 2230 2714 2301 ⁵.

279 2335 489 2408 ¹785,
542 2344 614 2423 Q.
663 2344 726 2408 5.
782 2344 940 2428 Quot
983 2341 1184 2409 modis
1229 2342 1369 2429 fieri
1405 2353 1606 2432 potest
1652 2341 2001 2409 detractio?

280 2452 350 2519 R.
403 2452 571 2520 Octo
620 2450 836 2520 modis
886 2449 1069 2519 hisce
1117 2451 1420 2524 versibus
1470 2451 1551 2520 ab
1590 2450 1906 2536 Angelico
1958 2450 2327 2535 expressis:

670 2610 1017 2689 imponens,
1063 2627 1315 2692 aingem,
1353 2610 1797 2692 manifestans,
1840 2611 1910 2673 iu
1952 2611 2123 2678 nicta
2165 2616 2438 2688 vertens,

677 2688 798 2768 Qui
837 2699 1025 2772 nequi
1064 2699 1179 2755 aut
1217 2697 1465 2768 reticet,
1508 2692 1744 2760 minuit
1788 2692 2083 2758 laudatve
2121 2692 2378 2754 remisse
2423 2688 2472 2752 ⁶.

277 2864 543 2933 Primus
593 2865 890 2933 omnium
940 2865 1368 2952 gravissimus
1417 2873 1519 2935 est
1569 2867 1711 2935 falsi
1763 2866 2059 2936 criminis
2108 2865 2476 2951 impositio,
2510 2870 2575 2932 et
2625 2860 2790 2931 dici-

192 2977 302 3042 tur
337 2975 666 3043 calumnia
712 2975 812 3044 vel
862 2977 1261 3068 contumelia,
1306 2976 1359 3045 si
1412 2977 1750 3070 contingat
1800 2976 1865 3043 in
1914 2975 2272 3062 praesentia
2323 2974 2501 3041 illius
2541 2972 2648 3041 cui
2680 2971 2797 3039 fal-

194 3099 349 3153 sum
400 3082 651 3154 crimen
693 3082 1081 3170 imponitur,
1116 3085 1215 3153 vel
1252 3103 1331 3156 eo
1380 3083 1512 3152 fine
1561 3091 1633 3156 ut
1681 3083 1750 3152 id
1800 3083 1969 3151 alter
2014 3082 2276 3151 resciat.
2312 3080 2659 3150 Secundus
2695 3087 2796 3148 est

197 3189 497 3258 criminis
546 3190 679 3258 veri
730 3192 1154 3278 amplificatae,
1191 3209 1339 3277 quae
1377 3179 1596 3277 Quoad
1629 3195 2060 3276 augmentum
2096 3187 2419 3256 calumnia
2463 3193 2585 3256 est.
2634 3190 2793 3256 Ter-

203 3294 333 3363 tius
382 3302 486 3365 est
519 3297 812 3364 revelatio
851 3296 1144 3368 criminis
1202 3297 1467 3367 occulti.
1519 3300 1804 3378 Quartus
1850 3297 2113 3364 sinistra
2158 3296 2583 3382 interpretatio
2632 3293 2791 3362 boni

203 3404 465 3488 operis:
544 3404 598 3476 si
651 3405 841 3490 quis,
891 3423 947 3472 v.
997 3423 1080 3492 g„
1142 3404 1361 3488 dicat,
1417 3405 1907 3489 eleemosynam
1956 3402 2217 3474 mulieri
2271 3402 2541 3492 pauperi
2592 3400 2795 3469 fuisse

199 3511 471 3599 quidem
507 3510 726 3579 datam
775 3529 808 3578 a
858 3512 1208 3597 Titio,.sed
1243 3512 1323 3581 ad
1364 3529 1634 3599 pravum
1687 3510 2107 3580 seductionis
2152 3511 2372 3592 finem,
2422 3510 2523 3580 vel
2571 3509 2794 3594 exhy-

195 3620 462 3712 pocrisi.
514 3620 799 3701 Quintus
849 3619 1005 3688 boni
1070 3620 1292 3706 operis
1357 3621 1626 3716 neemia.
1679 3620 1922 3688 Sextus
1969 3619 2295 3685 reticentia
2340 3624 2405 3685 et
2455 3617 2794 3686 silentium

195 3725 264 3796 in
309 3729 390 3796 iis
426 3729 964 3811 circumstantiiS,
1025 3730 1090 3798 in
1148 3730 1396 3817 quihus
1436 3729 1625 3800 facile
1676 3727 1953 3812 intelligi
2006 3733 2207 3818 queat
2257 3727 2641 3814 proximum
2690 3723 2789 3791 vel

197 3851 328 3902 non
395 3853 547 3903 esse
619 3834 810 3904 laude
867 3834 1158 3921 dignum,
1225 3837 1327 3904 vel
1404 3855 1537 3905 non
1586 3844 1837 3905 tantam
1885 3825 2011 3903 sibi
2062 3834 2301 3904 mereri
2352 3832 2400 3899 ⁷.
2452 3831 2790 3917 Septimus

254 4010 276 4050 1
311 4012 465 4063 Eccii.
496 4024 557 4075 x;
592 4012 751 4063 Prov.
786 4023 951 4076 xx1v;
988 4024 1026 4075 1,
1062 4014 1182 4064 Cor.
1215 4023 1289 4062 vi.
1324 4037 1384 4054 «-
1421 4011 1542 4063 God.
1572 4024 1734 4074 pam,
1770 4011 1870 4063 art.
1905 4012 2000 4062 370
2033 4009 2357 4062 detractores
2389 4007 2559 4070 punit.

257 4073 282 4114 ἱ
314 4073 372 4126 ln
409 4077 493 4125 Ps.
529 4085 707 4126 cxmx.
1204 4074 1227 4118 ⁸
1264 4074 1386 4136 Sap.
1427 4086 1459 4128 ι,
1631 4134 1640 4144 ·
1877 4088 1902 4110 ο
1959 4072 1982 4112 ⁴
2015 4077 2067 4132 2,
2098 4076 2146 4130 2,
2183 4083 2232 4140 q.
2267 4072 2347 4128 73,
2383 4081 2435 4141 a.
2471 4070 2518 4118 3.
2695 4129 2706 4140 α

255 4135 280 4176 ⁸
313 4138 428 4188 Non
462 4138 809 4190 excusaretur
840 4147 873 4194 a
905 4136 1056 4198 gravi
1085 4137 1245 4200 culpa
1276 4135 1368 4200 qui
1403 4138 1518 4188 sine
1552 4146 1737 4185 ammo
1772 4134 2017 4194 iaedendi,
2052 4133 2143 4185 sed
2182 4143 2249 4183 ex
2298 4131 2506 4184 levitate
2561 4131 2790 4194 graviter

195 4197 506 4258 detraheret,
541 4199 584 4250 si
621 4200 674 4250 id
710 4198 995 4251 deliberate
1029 4201 1166 4256 agat.
1204 4200 1318 4250 Non
1350 4199 1493 4249 enim
1528 4196 1695 4249 officit
1724 4195 1868 4261 quod
1906 4196 2167 4247 detractio
2217 4191 2412 4244 directe
2466 4203 2574 4244 non
2628 4195 2790 4245 inten-

199 4258 378 4323 datur3
412 4271 538 4311 uam
573 4264 652 4314 est
685 4261 936 4325 implicite
966 4262 1154 4319 volita,
1188 4264 1229 4311 si
1265 4258 1513 4310 dicantur
1544 4270 1625 4320 ea,
1661 4269 1729 4309 ex
1764 4258 1960 4322 quibus
1993 4257 2083 4308 illa
2118 4254 2379 4319 provenit.
2413 4316 2423 4327 ι

256 4324 280 4362 ⁸
311 4325 546 4381 Quatuor
575 4325 730 4386 primi
766 4324 1051 4380 detrahunt
1084 4322 1299 4382 directe,
1336 4320 1425 4372 aiii
1462 4320 1748 4373 indirecte:
1785 4331 1973 4370 omnes
2008 4321 2187 4370 autem
2206 4319 2258 4368 hi
2279 4315 2425 4367 modi
2446 4327 2540 4379 per
2571 4328 2628 4368 se
2660 4320 2792 4370 sunt

198 4382 430 4458 eiusdem
463 4386 684 4446 speciei:
719 4386 850 4450 quia,
879 4387 1062 4459 omnia
1095 4385 1391 4458 respjciuut
1421 4390 1594 4436 unum
1617 4382 1831 4457 ,bonurn
1868 4382 2038 4454 iamae.
2062 4383 2307 4451 Attamen
2330 4388 2529 4430 novam
2565 4384 2788 4442 possunt

197 4446 654 4571 {tzittae'f’tz‘i
683 4460 749 4560 ii
764 4448 1225 4574 arriserat·
1247 4446 1541 4560 atticis.
1561 4442 2787 4576 titt¹¹a¹ssfttttuitaezt¹t¹³tqtiffetttff'imit

202 4571 419 4633 accipiet
450 4573 608 4622 aliam
642 4574 869 4634 speciem
905 4573 1111 4636 injuriae
1143 4574 1197 4626 in
1235 4571 1376 4624 hona
1402 4570 1648 4631 tortunae,
1684 4568 1825 4634 quod
1862 4568 1981 4641 ideo
2012 4567 2068 4617 in
2102 4566 2445 4618 confessione
2492 4565 2558 4620 de
2607 4578 2786 4620 neces-

199 4631 351 4686 sitate
383 4633 765 4698 explicandum
799 4639 895 4686 est.
930 4638 1087 4698 Luyo.
1124 4660 1190 4673 —
1230 4635 1287 4685 V.
1323 4633 1599 4694 Ferraris;
1635 4633 1695 4685 V.
1729 4633 2008 4683 Detractw.

259 4694 283 4735 7
322 4718 340 4740 ·
375 4698 454 4748 Un
488 4698 761 4757 servitore,
798 4709 890 4760 per
922 4698 1179 4761 esempio‚
1215 4706 1436 4748 asserva
1469 4694 1504 4745 il
1540 4695 1779 4757 silenzi0,
1813 4691 2052 4744 allorche
2078 4691 2134 4743 iu
2169 4701 2268 4743 sua
2304 4700 2560 4753 presenza
2587 4692 2631 4742 si
2665 4688 2789 4741 loda.

204 4765 237 4805 o
265 4758 307 4809 sl
336 4758 562 4810 hiasima
594 4758 629 4809 il
662 4769 761 4809 suo
784 4759 1053 4824 padi-one:
1091 4760 1191 4828 egli
1225 4760 1269 4813 si
1305 4758 1357 4810 tn
1389 4756 1756 4812 chiaramente
1790 4753 2061 4808 intendere
2095 4764 2198 4805 con
2231 4754 2335 4815 clo,
2370 4755 2466 4806 che
2502 4753 2540 4805 il
2571 4763 2672 4806 suo
2695 4761 2785 4815 pa-
