3292 5167
568 183 689 248 ¹94
1583 198 1697 244 ue.
1745 196 1813 244 ιι.
1861 199 2074 244 rimor.
2116 199 2173 244 V.

557 319 591 367 a
635 303 907 367 Martiuo
937 302 989 364 V
1022 300 1130 364 illa
1160 299 1407 363 Wiclefl
1453 301 1803 380 propositio
1832 307 2053 378 utpote
2085 298 2285 362 nimis
2371 296 2653 362 eneralis
2681 296 2984 360 damnata
3014 305 3150 358 est:

562 382 779 448 Omnes
808 388 959 446 sunt
997 381 1345 459 simoniaci,
1376 381 1487 459 qni
1512 398 1577 444 se
1604 379 1895 462 obligant
1923 395 2108 443 orare
2132 395 2250 459 pro
2279 395 2318 442 a
2361 379 2453 455 ἵε,
2479 378 2568 441 eis
2598 378 2666 441 in
2693 373 3155 458 temporalibus
3267 435 3268 458 χ

557 460 1086 529 subvenientibus.

714 563 771 624 2.
813 560 1008 624 Recte
1050 560 1348 622 observat
1393 559 1578 635 DeuS,
1624 573 1753 621 uon
1790 557 2252 638 inquietandos
2295 573 2438 642 esse
2482 555 2830 635 simplice8‚
2871 556 2980 634 qui
3027 554 3155 617 ali·

556 642 706 722 quid
756 639 1109 721 temporale
1153 656 1265 722 pro
1301 639 1621 719 spirituali
1669 639 2013 718 accipiunt,
2057 639 2347 719 quamvis
2392 638 2472 700 ob
2520 637 2950 716 ignorantiam
2985 636 3150 713 legi·

557 727 747 786 timos
792 722 1160 785 discernere
1205 737 1332 782 non
1379 720 1635 782 valeant
1683 722 1916 783 titulos.
1958 717 2061 781 Sic
2091 729 2415 791 cantores,
2462 720 2752 780 sacristae
2790 727 2854 778 et
2885 715 3144 797 parvuli

554 802 760 866 Missae
816 803 1172 865 servientes
1214 800 1457 879 aliquid
1505 809 1635 862 tuta
1684 801 2085 862 conscientia
2153 799 2568 880 percipiunt,
2612 797 2763 861 licet
2816 797 3152 877 explicare

557 891 881 962 nequeant
914 899 1035 962 qua
1073 882 1321 944 ratione
1369 880 1430 942 id
1478 879 1764 960 legitime
1807 879 2066 943 faciant.

713 964 770 1025 3.
815 962 930 1036 Qui
978 960 1507 1042 promissionibus
1555 978 1786 1040 pueros
1830 961 2034 1023 allicit
2103 957 2183 1021 ad
2249 959 2710 1023 catechismum
2773 964 2838 1018 et
2879 954 3151 1019 Confes-

557 1045 803 1105 sionem
842 1060 968 1105 uon
1016 1041 1408 1121 reputandus
1452 1050 1550 1105 est
1591 1043 2022 1116 simoniacus3
2063 1042 2211 1119 quia
2260 1039 2612 1118 temporale
2661 1053 2786 1099 nou
2833 1036 2991 1113 dat,
3055 1037 3150 1100 uti

556 1132 748 1203 patet,
792 1132 1091 1202 tauquam
1135 1122 1492 1201 spiritualis
1540 1124 1838 1201 pretium,
1884 1120 2202 1201 siquidem
2251 1121 2389 1201 ipse
2438 1119 2601 1181 nihil
2651 1118 2901 1195 recipit.

532 1255 541 1266 .
716 1205 773 1266 4.
816 1206 866 1265 Α
909 1206 1179 1266 simonia
1224 1214 1566 1266 excusatur
1609 1201 1954 1278 ParochuS,
1999 1202 2107 1280 qui
2156 1201 2564 1280 pinguiorem
2593 1197 2986 1275 ⁸Parochiam
3035 1197 3146 1260 de·

557 1284 802 1347 siderat
841 1283 943 1346 vel
986 1283 1189 1362 eligit,
1233 1288 1680 1347 consentiente
1723 1282 2057 1363 Episcopo,
2101 1291 2172 1343 ut
2213 1279 2592 1359 ampliorem
2640 1278 2873 1342 habeat
2899 1286 3156 1341 susten·

561 1367 866 1442 tationem
911 1382 1024 1444 pro
1066 1382 1136 1426 se
1178 1373 1242 1427 et
1288 1364 1691 1444 pauperibuS‚
1720 1374 1785 1426 et
1815 1362 2048 1426 melius
2077 1361 2521 1441 evangelizet;
2566 1361 2712 1440 quia
2751 1363 2963 1436 reipsa
3014 1374 3148 1420 non

557 1445 630 1507 fit
672 1447 1082 1508 commutatio
1118 1445 1484 1523 temporalis
1517 1460 1629 1523 pro
1663 1444 2004 1523 spirituali.
2035 1440 2157 1505 Sed
2191 1440 2679 1521 vituperandu3‚
2710 1442 2761 1501 si
2797 1439 3152 1502 lautiorem
3267 1493 3268 1496 ,

560 1528 751 1587 vitam
798 1526 899 1588 vel
946 1526 1219 1589 fortunae
1263 1542 1394 1596 suae
1438 1535 1547 1588 aut
1576 1523 1839 1586 familiae
1876 1531 2287 1601 augmentum
2319 1530 2593 1602 quaerat:
2636 1523 2762 1582 imo
2797 1536 2832 1582 a
2869 1521 3153 1583 simonia
3267 1537 3268 1544 ¹

558 1603 818 1667 mentali
865 1621 1039 1684 soepe
1083 1601 1372 1668 excusari
1420 1607 1658 1684 nequit.
1703 1605 1832 1666 Hoc
1868 1604 2089 1667 sedulo
2134 1604 2440 1666 attendat.

631 1683 849 1746 9293.
896 1686 963 1759 Q.
1006 1688 1060 1748 4.
1125 1686 1225 1746 An
1284 1695 1618 1748 excusetur
1660 1702 1700 1747 a
1743 1685 2008 1748 simonia
2071 1685 2180 1764 qui
2239 1685 2322 1746 ad
2375 1700 2507 1746 rem
2562 1681 2966 1761 spiritualem
3023 1678 3153 1744 sibi
3267 1761 3268 1778 χ

557 1768 1046 1843 comparandam
1086 1766 1280 1828 dicit:
1324 1783 1439 1844 ego
1474 1782 1585 1826 ero
1631 1766 1746 1827 tibi
1792 1776 2046 1845 gratus:
2082 1766 2320 1844 gratias
2365 1763 2570 1827 reales
2615 1762 2944 1825 referam?

639 1843 710 1907 R.
760 1844 891 1907 lllae
937 1845 1232 1909 formulae
1278 1845 1568 1909 dicendae
1613 1856 1765 1908 sunt
1806 1848 2074 1909 simonia
2125 1847 2412 1909 iniectas:
2458 1845 2520 1923 l)
2551 1845 2604 1905 si
2650 1859 2762 1922 per
2789 1859 2898 1905 eas
2930 1843 3150 1920 expri·

558 1933 773 1987 matur
819 1929 1094 1988 intentio
1139 1942 1277 1988 sese
1323 1926 1650 2005 obligandi
1696 1926 1773 1988 ad
1825 1925 2173 2007 temporale
2222 1944 2332 2005 pro
2377 1925 2695 2006 spirituali
2728 1940 2879 2003 erga
2918 1923 3150 1994 alium,
3267 1975 3268 1986 ,

561 2003 662 2067 vel
708 2004 1036 2086 obligandi
1082 2008 1277 2070 alium
1321 2007 1441 2069 sibi
1479 2008 1554 2069 ad
1594 2007 1929 2085 spirituale
1962 2023 2074 2086 pro
2109 2007 2441 2086 temporali
2468 2026 2485 2080 ;
2517 2006 2586 2085 2)
2622 2007 2672 2065 si
2706 2002 3155 2083 promittatur,
3267 2035 3268 2038 π

560 2086 909 2176 accipiatur
953 2097 1062 2150 aut
1103 2088 1288 2151 detur
1337 2087 1688 2166 temporale
1733 2090 1824 2150 uti
1874 2092 2352 2168 proportionata
2385 2088 2818 2165 compensatio
2854 2100 2971 2163 pro
3018 2085 3155 2164 spi·

561 2166 810 2228 rituali:
856 2183 983 2229 non
1026 2184 1179 2230 vero
1226 2171 1290 2229 in
1335 2170 1589 2247 siguum
1636 2184 1812 2246 purae
1855 2168 2316 2247 gratitudinis3
2358 2167 2424 2248 3)
2469 2168 2522 2228 si
2570 2166 3004 2244 promittatur,
3038 2173 3156 2228 aut

560 2245 748 2310 detur
791 2248 1123 2327 spirituale
1168 2264 1279 2327 pro
1327 2247 1657 2328 temporali
1705 2259 1815 2312 aut
1858 2252 2210 2325 viceversa3
2260 2265 2387 2310 non
2433 2247 2692 2327 quidem
2728 2257 2798 2309 ut
2828 2248 3147 2324 pretium,

557 2327 665 2387 sed
716 2339 782 2391 ut
824 2330 1132 2392 motivum
1178 2331 1528 2409 principale
1572 2328 1768 2391 dandi
1816 2328 2187 2408 temporale,
2235 2337 2343 2392 aut
2385 2329 2687 2390 vicissim.
2734 2325 2804 2388 ln
2852 2328 2952 2388 his
2982 2329 3148 2389 casi-

558 2407 676 2470 bus
721 2425 974 2488 semper
1015 2409 1197 2473 adest
1240 2412 1577 2472 aestimatio
1624 2411 1794 2471 inter
1839 2409 2188 2488 temporale
2233 2418 2296 2471 et
2338 2407 2694 2488 spirituale.

631 2486 845 2550 294.
890 2488 956 2564 Q.
996 2490 1052 2554 ὃ.
1095 2491 1198 2553 An
1239 2491 1327 2552 sit
1365 2492 1632 2553 simonia
1673 2491 1825 2554 dare
1866 2496 2061 2552 vestes
2117 2505 2336 2552 sacras
2380 2489 2461 2551 ad
2500 2504 2704 2561 usam,
2746 2485 2863 2550 sub
2919 2486 3148 2566 aliquo

552 2570 790 2646 pretio,
823 2580 897 2633 ut
921 2570 998 2651 fit
1035 2587 1175 2633 cnm
1217 2572 1585 2635 ordinandis
1615 2572 1725 2649 qui
1758 2578 2019 2632 sumunt
2056 2571 2127 2633 de
2175 2569 2541 2633 Catnedrali
2623 2568 2894 2643 tanetus,
2926 2575 3046 2630 etc.
3073 2571 3107 2629 9

630 2647 706 2741 Β.
742 2649 865 2712 Per
905 2667 973 2713 se
1017 2668 1146 2714 non
1194 2652 1360 2728 licet,
1396 2658 1539 2730 quia
1588 2651 1697 2713 ille
1727 2668 1876 2714 usus
1911 2655 2294 2730 supponitur
2330 2666 2525 2713 sacer.
2603 2666 2639 2710 n
2690 2649 2869 2728 praxi
2920 2657 3147 2712 tamen

556 2736 775 2807 utique
820 2730 1016 2807 licet,
1058 2735 1202 2813 quia
1253 2749 1378 2795 non
1423 2727 1733 2811 accipitur
1780 2748 1891 2811 pro
1938 2750 2055 2796 usu
2100 2748 2324 2807 sacro,
2372 2731 2482 2793 sed
2535 2731 2600 2792 iu
2664 2739 2979 2812 quantum
3029 2729 3145 2791 illa

554 2821 922 2886 paramenta
972 2821 1267 2877 teruntur
1316 2830 1425 2892 per
1461 2829 1667 2876 usum.
1711 2812 1958 2878 Liceret
2001 2814 2195 2875 etiam
2265 2816 2551 2891 recipere
2605 2809 2866 2890 aliquod
2912 2809 3142 2872 mode·

554 2899 785 2982 ratum,
829 2909 952 2955 non
1000 2911 1120 2973 qua
1165 2910 1489 2957 sacrorum
1537 2895 1763 2974 pretia,
1812 2894 1923 2956 sed
1970 2909 2092 2975 qua
2140 2896 2260 2971 piae
2304 2891 2703 2971 largitiones,
2743 2890 2976 2971 quibus
3022 2889 3144 2952 Ec·

556 2968 768 3034 olestae
814 2976 1090 3037 ministri
1137 2991 1208 3037 ac
1253 2977 1681 3038 inservientes
1724 2982 2188 3038 sustentantur.
2457 2992 2462 2998 ·

1635 3708 2207 3871 w..
