3292 5167
535 245 660 311 {96
1241 265 1354 310 mn.
1402 266 1465 310 n.
1516 264 1709 310 τιμον
1770 265 1849 309 vi.
1898 265 2126 319 ouaes‘r.
2164 265 2436 312 rmus.

710 370 770 436 3.
822 371 1192 437 Constanter
1237 370 1590 438 inclinans:
1637 369 1882 440 dicitur
1928 381 2282 440 constanter
2325 369 2410 437 ad
2478 366 2893 440 indicandam
2968 365 3131 453 pro-'

537 475 730 560 positi
771 474 976 543 nostri
1020 474 1401 544 firmitatem
1449 494 1526 546 ac
1576 479 2157 563 perseverantiam.
2207 478 2553 560 Inclinans,
2603 476 2755 563 quia
2804 481 2907 544 est
2973 489 3138 560 pro-

537 580 752 666 prium
801 582 1105 666 genuinae
1161 581 1420 650 virtutis
1470 591 1859 654 constanter
1907 586 2226 654 inclinare
2277 582 2357 651 ad
2404 590 2591 652 actus
2641 584 2880 651 bonos

711 692 773 756 4.
825 689 1115 756 Hominis
1160 690 1559 772 voluntatem,
1609 694 1762 779 quia
1803 681 2062 780 justitia
2113 699 2214 763 est
2263 699 2448 760 actus
2484 698 2548 759 et
2598 690 2862 760 habitus
2901 686 3139 756 volun-

541 796 728 864 tatis:
773 816 904 865 non
943 815 1099 865 vero
1148 796 1549 881 intellectus,
1600 801 1789 885 cujus
1841 801 2133 871 officium
2183 807 2285 868 est
2320 799 2612 867 veritatis
2646 797 2976 882 cognitio:
3015 812 3137 863 ne-

540 922 670 989 que
720 903 1066 974 memoriae
1119 904 1305 990 cujus
1357 903 1647 973 officium
1697 914 1798 975 est
1849 908 2219 978 recordatio
2271 926 2493 976 rerum
2545 906 3058 993 praeteritarum.

715 1016 775 1080 5.
825 1014 923 1081 Ad
951 1011 1329 1079 reddendum
1359 1013 1583 1092 alteri‚·
1616 1032 1766 1082 cum
1810 1016 1984 1084 enim
2013 1015 2272 1103 justitia
2303 1014 2366 1082 in
2409 1012 2877 1083 constituenda
2913 1027 3140 1096 aequa·

539 1116 723 1187 litate
771 1127 1090 1202 versetur,
1140 1118 1340 1188 habet
1390 1120 1690 1204 profecto
1743 1140 1821 1190 ex
1872 1123 2012 1209 ipsa
2063 1124 2162 1190 sui
2238 1128 2499 1215 natura,
2568 1128 2642 1187 ut
2713 1120 2778 1187 in
2852 1118 3138 1187 alterum

537 1226 797 1300 tendat:
845 1228 1007 1295 nihil
1050 1240 1260 1294 autem
1305 1239 1394 1294 cst
1437 1228 1555 1295 sibi
1603 1230 1863 1314 (aequale,
1913 1230 2020 1297 sed
2062 1231 2269 1313 alteri,
2320 1228 2409 1296 ait
2456 1227 2809 1313 Angelicus
2861 1227 2912 1295 ¹.

717 1339 776 1404 6.
826 1338 942 1404 Jus
986 1355 1192 1419 suum,
1245 1335 1311 1404 id
1361 1355 1599 1422 nempe
1651 1337 1831 1423 quod
1881 1357 2013 1406 non
2064 1339 2210 1408 solo
2286 1337 2482 1407 titulo
2555 1335 2943 1417 honestatiS,
3017 1331 3141 1401 sed

539 1443 750 1512 stricti
802 1442 1091 1511 nominis
1143 1443 1548 1529 obligatione
1596 1443 1912 1513 debetur:
1969 1452 2033 1514 et
2080 1446 2208 1515 hoc
2259 1445 2546 1532 propriae
2592 1442 2872 1529 justitiae
2947 1440 3139 1526 obje-

539 1556 719 1618 ctum
769 1549 1136 1618 constituit.
1184 1551 1412 1635 Neque
1456 1549 1563 1618 bic
1597 1553 1709 1638 jus
1755 1552 2046 1620 sumitur
2085 1551 2441 1640 formaliter
2489 1568 2608 1635 pro
2685 1545 2978 1634 legitima
3050 1546 3145 1614 ra·
3273 1531 3274 1538 '

540 1658 785 1726 cultate
819 1655 899 1722 ad
933 1655 1212 1743 aliquid;
1248 1657 1365 1726 sed
1413 1659 1703 1744 objective
1752 1679 1874 1746 pro
1924 1659 2148 1729 debito
2198 1660 2503 1744 rigoroso
2553 1677 2633 1726 ex
2684 1656 2874 1743 eujus
2926 1654 3142 1725 viola-

541 1765 722 1834 tione
772 1783 904 1831 non
958 1764 1176 1832 solum
1226 1765 1644 1833 contrahitur
1689 1767 2034 1853 turpitudo
2084 1767 2375 1850 moralis,
2426 1772 2498 1834 ut
2547 1766 2611 1832 in
2663 1763 2806 1831 aliis
2871 1761 3141 1844 debitis,

542 1879 696 1960 puta
749 1870 1204 1956 gratitudinis;
1259 1872 1377 1940 sed
1426 1873 1657 1941 stricta
1709 1873 2032 1960 obligatio
2081 1874 2541 1943 restitutionis.

721 1982 780 2047 7.
829 1978 929 2047 Ad
972 1980 1422 2064 ‹equalitate-m.-
1479 1979 1725 2067 quibus
1777 1981 1992 2051 verbis
2042 1981 2435 2067 intelligitur
2481 1941 2784 2048 accurata
2828 1991 3144 2045 mensura
3273 1955 3274 2006 ⁴

543 2087 635 2156 rei
688 2104 838 2172 quae
892 2085 1207 2167 redditur,
1259 2104 1409 2154 cum
1452 2088 1601 2173 iure
1650 2088 1941 2158 alterius.
1994 2089 2103 2157 Sic
2152 2090 2265 2175 qui
2314 2095 2578 2178 centum
2630 2079 2946 2154 nummos
2995 2099 3143 2152 cre-

542 2194 737 2261 ditori
789 2192 1049 2261 debitos
1098 2194 1317 2277 solvit,
1368 2203 1586 2263 servat
1637 2196 2116 2282 aequalitatem3
2166 2197 2316 2283 quia
2369 2197 2514 2264 baec
2561 2212 2822 2262 summa
2855 2193 2970 2279 jus
3005 2209 3142 2260 cre*
3273 2237 3274 2246 κ

540 2299 774 2368 ditoris
827 2301 1118 2384 perfecte
1169 2300 1497 2387 adaequat.

628 2411 697 2476 R.
749 2408 845 2475 Ad
894 2412 972 2474 2:
1016 2409 1179 2476 Cum
1222 2408 1477 2493 iustitia
1527 2407 1701 2476 dicat
1751 2410 2052 2478 ordinem
2106 2409 2302 2478 unius
2352 2409 2435 2478 ad
2482 2411 2785 2493 alterum,
2836 2406 3138 2493 totuplex

538 2516 667 2582 erit
708 2516 966 2601 justitia
1017 2515 1083 2582 in
1133 2515 1495 2601 republica,
1549 2518 1918 2602 quotuplex
1968 2519 2033 2584 in
2083 2537 2156 2586 ea
2206 2526 2307 2586 est
2354 2516 2735 2604 hujusmodi
2789 2515 2995 2597 ordo;
3044 2520 3143 2580 at-
3273 2559 3274 2572 η

539 2622 650 2707 qui
701 2621 827 2690 iste
876 2621 1041 2690 ordo
1091 2620 1335 2707 triplex
1386 2631 1509 2704 est,
1552 2613 1801 2710 'nempe
1850 2624 2135 2710 partium
2186 2622 2268 2691 ad
2318 2633 2552 2707 totum,
2608 2625 2815 2693 totius
2864 2621 2948 2690 ad
2994 2640 3140 2708 par-

540 2737 639 2795 tes
689 2735 754 2796 et
802 2729 1006 2813 partis
1055 2727 1138 2794 ad
1185 2737 1473 2814 partem:
1524 2748 1682 2816 ergo
1733 2731 1970 2816 triplex
2022 2739 2122 2800 est
2160 2731 2439 2819 justitiae
2489 2731 2769 2819 species,
3273 2781 3274 2788 κ

627 2838 871 2923 Leqalis
918 2854 1067 2918 una,
1121 2854 1271 2922 quae
1325 2837 1587 2906 ordinat
1637 2846 1856 2924 partes
1906 2839 1988 2906 ad
2037 2848 2273 2921 totum,
2325 2847 2390 2908 et
2460 2838 2731 2907 inclinat
2813 2837 3143 2923 privatum

539 2942 619 3010 ad
669 2941 1074 3011 reddendum
1127 2943 1595 3012 communitati
1647 2944 1824 3031 quod
1877 2945 1998 3032 ip'si
2051 2947 2349 3016 debitum
2397 2953 2499 3014 est
2547 2952 2822 3032 propter
2885 2944 3140 3013 bonum

539 3069 923 3118 commune:
973 3049 1218 3118 dicitur
1266 3052 1506 3137 tepolis,
1552 3053 1704 3137 quia
1741 3053 1937 3120 babet
1972 3071 2094 3139 pro
2128 3054 2412 3140 objecto,
2452 3054 2633 3139 quod
2674 3050 3135 3121 communitati

541 3158 828 3226 debetur
871 3159 1117 3225 ratione
1162 3170 1218 3226 et
1262 3160 1328 3226 vi
1377 3160 1580 3244 tequm
1628 3158 1657 3202 ²
1674 3185 1691 3240 3
1750 3159 1898 3227 talis
1949 3168 2051 3228 est
2099 3161 2334 3230 electio
2387 3160 2866 3230 ministrorum.

630 3266 1043 3334 Distributiva
1088 3265 1314 3348 altera,
1365 3284 1517 3351 quae
1570 3266 1834 3334 ordinat
1886 3275 2096 3335 totum
2149 3267 2228 3334 ad
2279 3275 2522 3354 partes,
2571 3277 2637 3335 et
2686 3265 2957 3334 inclinat
3021 3282 3140 3331 vo-

545 3375 862 3441 luntatem
912 3374 1278 3460 superioris
1330 3374 1411 3442 ad
1459 3376 1631 3443 bona
1699 3384 1762 3443 et
1840 3392 2041 3443 onera
2111 3376 2608 3446 communitatis
2678 3372 3139 3442 distribuenda

537 3481 722 3566 juxta
770 3482 1001 3549 merita
1053 3490 1120 3548 et
1169 3483 1338 3551 vires
1388 3481 1854 3552 subditorum:
1905 3484 1997 3550 uti
2047 3482 2432 3553 distributio
2485 3483 2906 3569 pensionum.
3059 3549 3068 3560 ,

633 3588 849 3657 Tertia
896 3590 1358 3671 commutatico,
1410 3607 1561 3675 quae
1612 3589 1873 3658 ordinat
1925 3597 2147 3675 partes
2196 3592 2370 3660 inter
2417 3610 2509 3673 se,
2566 3598 2631 3659 et
2678 3589 2952 3657 inclinat
3001 3587 3143 3674 pri·
3273 3615 3274 3628 ¹

547 3704 764 3765 vatum
813 3695 893 3764 ad
940 3694 1352 3765 reddendum
1403 3697 1589 3766 alteri
1629 3700 1881 3784 privato
1916 3696 1996 3764 ad
2035 3698 2484 3783 aequalitatem
2519 3698 2700 3785 quod
2733 3696 2950 3767 eidem
2989 3695 3143 3765 stri·
3273 3713 3274 3720 ¹

546 3811 648 3874 cte
694 3802 997 3887 debetur,
1046 3803 1303 3873 ratione
1353 3804 1659 3874 videlicet
1707 3804 1805 3873 vel
1857 3804 2027 3890 pacti
2079 3804 2178 3873 vel
2227 3812 2610 3874 contractus
2680 3805 2779 3874 vel
2825 3804 3136 3873 Yalterius

544 3912 715 3979 tituli
767 3913 1139 3998 peculiaris.
1190 3914 1448 3982 Dicitur
1492 3915 1953 3997 commutatico,
2003 3914 2157 4000 quia
2222 3916 2288 3982 in
2356 3913 2993 3984 commutationibus
3067 3918 3146 3979 ut
3273 3893 3274 3936 ³

547 4019 908 4105 plurimum
956 4020 1179 4088 locum
1226 4020 1425 4090 babet
1475 4021 1613 4105 (A).

632 4125 837 4188 29⁷·
892 4130 964 4208 Q.
1013 4129 1074 4195 2.
1126 4128 1289 4208 Quid
1337 4140 1424 4194 est
1468 4127 1583 4194 Jus
1628 4138 1686 4194 et
1724 4128 2110 4215 quotuplecc?

637 4234 715 4300 R-
758 4232 857 4299 Ad
934 4237 1006 4302 l:
1056 4235 1234 4301 Iuris
1284 4251 1522 4302 nomen
1572 4232 1847 4301 ductum
1896 4243 1997 4303 est
2042 4233 2144 4302 vel
2192 4250 2228 4302 a
2262 4233 2577 4320 jubendo,
2623 4233 2779 4320 quia
2846 4234 3148 4308 continet

550 4356 701 4426 quae
749 4340 930 4426 iussa
978 4346 1155 4423 sunt,
1204 4341 1271 4408 id
1305 4347 1405 4409 est
1454 4341 1617 4426 legis
1668 4349 2035 4428 praeoepta;
2083 4340 2184 4411 vel
2233 4340 2471 4411 melius
2505 4359 2542 4409 a
2562 4344 2755 4431 justo,
2791 4342 2944 4428 quia
2977 4357 3148 4412 con·
3273 4357 3274 4372 ¹

548 4447 712 4515 tinet
765 4464 913 4532 quae
955 4446 1135 4531 J'usta
1186 4454 1341 4516 sunt
1389 4454 1454 4517 et
1504 4456 1683 4517 recta
1733 4444 1782 4517 ³.
1829 4448 2006 4518 Juris
2052 4448 2447 4536 significatio
2487 4450 2875 4537 multiplex:

610 4642 1160 4703 12.2,q.ss‚a.2.
1845 4643 2789 4709 ²D.,‚Tbomas22,.,..q63a¹

611 4706 634 4744 ³
668 4704 719 4755 S.
756 4703 1009 4761 Thomas,
1045 4707 1093 4763 2,
1128 4707 1177 4762 2,
1214 4715 1265 4766 q.
1301 4706 1381 4764 57,
1423 4716 1472 4755 a.
1510 4705 1558 4765 l,
1591 4715 1792 4756 cums.
1828 4705 2053 4757 isidoro.
