3292 5167
471 168 600 236 344
1164 190 1279 235 ιω.
1328 187 1393 235 11.
1441 189 1654 235 macr.
1702 187 1784 235 vt.
1829 188 1978 236 mss.
2026 189 2113 236 tv.
2160 190 2291 236 car.
2329 188 2419 237 ιιι.

472 290 952 376 promissiones
1001 290 1222 359 taliter
1269 290 1470 359 factas
1519 309 1652 359 non
1703 290 2039 378 impleant,
2089 292 2388 378 negative
2434 290 2666 360 statim
2701 287 3072 376 responde-

470 398 637 464 rent.
690 396 827 465 Hoc
876 396 1074 465 etiam
1123 398 1419 466 sentiunt
1465 397 1563 465 illi
1614 394 1764 484 ipsi,
1799 396 1865 466 in
1908 414 2195 484 quorum
2244 398 2520 485 gratiam
2580 395 3075 484 promissiones

471 503 851 590 hujusmodi
902 504 1091 575 factae
1141 513 1317 590 sunt,
1364 502 1479 593 qui
1534 505 1613 574 ad
1663 524 1998 575 summum
2046 505 2142 575 sic
2190 505 2658 593 promittentes
2696 510 2937 575 vocant
2976 502 3075 572 ie-

469 630 603 693 ves,
660 611 1136 691 inconstantes,
1173 632 1304 682 non
1342 621 1565 683 autem
1605 613 1923 699 jinustOS.

564 719 869 789 Diximus
921 724 978 788 l:
1028 722 1255 790 Saltem
1295 742 1378 789 θα)
1411 722 1707 809 justiam
1754 721 1908 808 quia
1954 739 2088 790 non
2122 720 2364 790 desunt
2398 721 2510 807 qui
2544 719 2747 789 velint
2783 718 3074 806 promis-

472 830 700 897 siones
751 828 1046 915 obligare
1081 846 1160 897 ex
1202 827 1555 896 fidelitate:
1604 845 1985 916 quanquam
2020 848 2101 897 ne
2134 846 2214 897 ex
2254 828 2568 897 fidelitate
2603 826 2873 913 quidem
2907 825 3077 895 obli-

473 945 628 1023 gant
675 937 801 1005 hoc
851 934 1020 1021 ipso,
1071 936 1250 1022 quod
1300 937 1395 1004 sic
1445 936 1911 1022 promittentes
1984 956 2115 1004 non
2189 936 2541 1004 intendunt
2613 935 2811 1003 fidem
2883 951 3075 1002 suam

475 1045 655 1113 serio
704 1043 1018 1129 obligare.
1070 1046 1151 1111 Et
1196 1042 1459 1129 quando
1510 1042 1739 1112 dicunt
1781 1046 2098 1131 promitto,
2141 1046 2462 1132 polliceor,
2513 1043 2674 1112 nihil
2723 1042 2905 1110 aliud
2956 1061 3072 1110 ex-

476 1152 763 1237 primere
811 1150 1062 1235 volunt,
1112 1168 1308 1236 quam
1359 1151 1613 1219 actuale
1662 1151 2085 1237 propositum
2134 1160 2197 1218 et
2241 1153 2484 1220 bonam
2534 1150 2732 1218 animi
2775 1150 3077 1219 volunta-

473 1269 607 1327 tem
657 1278 813 1345 erga
862 1259 1028 1329 alios
1078 1266 1276 1345 atque
1326 1259 1881 1329 contestationem
1933 1261 2212 1331 officiosi
2252 1261 2491 1343 animi3
2539 1278 2672 1328 non
2711 1277 2867 1329 vero
2907 1258 3077 1328 obli-

478 1368 811 1453 gationem
858 1367 1087 1435 stricte
1116 1373 1491 1453 sumptam.
1600 1392 1613 1404 ·

569 1476 867 1543 Diximus
909 1477 984 1542 2:
1032 1475 1428 1561 Requlariter
1459 1476 1799 1561 loquend03
1846 1475 1998 1563 quia
2032 1476 2512 1562 promissiones
2547 1476 2839 1563 obligant
2875 1475 3072 1542 etiam

483 1601 561 1650 ex
606 1582 862 1668 justitia
913 1588 977 1650 et
1027 1580 1295 1667 quidem
1347 1582 1741 1667 graviter-in
1792 1601 1861 1653 re
1919 1584 2116 1668 gravi,
2167 1582 2431 1670 quando
2503 1600 2738 1670 reapse
2809 1588 3076 1650 constet

529 1691 947 1758 romittentes
997 1688 1473 1774 obligationem
1522 1690 1790 1775 proprie
1838 1690 2081 1759 dictam
2141 1691 2434 1759 voluisse
2503 1690 2626 1759 sibi
2705 1688 3071 1774 suscipere.

478 1709 656 1866 [galis
705 1803 1014 1864 censetur
1062 1814 1209 1864 esse
1259 1796 1652 1883 promissio:
1701 1799 1773 1881 a)
1823 1799 1877 1864 si
1916 1798 2294 1884 juramento
2344 1798 2520 1866 serio
2569 1798 2910 1866 firmetur:
2957 1814 3073 1864 ne·

487 1904 633 1990 que‘
667 1904 840 1973 enim
891 1903 1040 1990 quis
1090 1904 1610 1999 censeturjllud
1657 1924 1982 1991 usurpare
2023 1907 2336 1988 inaniter;
2386 1908 2450 1991 b)
2486 1907 2539 1973 si
2575 1906 2684 1973 fiat
2718 1920 2942 1974 coram
2982 1911 3077 1972 te·

482 2013 699 2080 stibus
750 2011 830 2077 ad
877 2011 1004 2080 hoc
1050 2012 1319 2093 vocatis,
1368 2011 1468 2080 vel
1518 2016 1817 2093 notario;
1876 2015 1939 2097 c)
2002 2014 2055 2082 si
2116 2013 2309 2082 detur
2381 2013 2893 2100 chirographum
2963 2017 3078 2080 aut

485 2118 660 2186 aliud
711 2118 1067 2204 scriptum3
1118 2119 1325 2186 virtus
1374 2117 1550 2186 enim
1600 2118 1999 2188 sinceritatis
2035 2128 2101 2189 et
2139 2121 2430 2190 veritatis
2466 2120 2686 2206 exigit,
2724 2127 2793 2187 ut
2827 2119 3073 2205 scripta

481 2226 669 2293 factis
718 2225 1084 2293 conformia
1133 2225 1298 2292 sint:
1350 2224 1641 2310 alioquin
1694 2226 2052 2295 mendaciis
2102 2228 2200 2294 via
2251 2226 2673 2314 panderetur.

563 2332 863 2400 Diximus
898 2334 970 2401 3:
1003 2335 1161 2400 Ante
1189 2333 1670 2419 acceptationem
1688 2358 1712 2411 ;
1761 2350 1910 2409 nam
1960 2342 2214 2403 certum
2264 2341 2366 2402 est
2414 2333 2925 2420 promissionem
2961 2349 3070 2400 se-

482 2440 585 2508 rio
667 2438 904 2508 factam
978 2446 1041 2508 et
1090 2457 1125 2507 a
1174 2440 1604 2525 promissario
1656 2449 2058 2527 acceptatam
2115 2442 2181 2509 in
2239 2460 2309 2509 re
2367 2442 2542 2527 gravi
2596 2459 2714 2526 per
2768 2439 3076 2509 accidens

485 2548 780 2633 obligare
827 2548 952 2616 sub
1002 2547 1176 2632 gravi
1212 2554 1277 2615 et
1311 2565 1390 2615 ex
1422 2547 1714 2632 iustitia:
1765 2549 1860 2616 uti
1896 2548 1949 2617 si
1987 2548 2350 2618 intercedat
2386 2548 2553 2616 ratio
2604 2547 2815 2633 gravis
2849 2544 3071 2615 damni

484 2657 785 2743 proximo
837 2655 1270 2737 obvenientis,
1321 2674 1376 2721 v.
1426 2673 1484 2739 g.
1538 2656 1593 2723 si
1642 2674 1769 2741 ego
1810 2656 1995 2724 alteri
2050 2656 2506 2743 promisissem
2555 2655 2710 2724 dare
2742 2663 3074 2738 mutuum,

482 2782 615 2851 quo
666 2763 949 2848 graviter
995 2761 1349 2847 indigebat,
1402 2767 1468 2828 et
1517 2760 1625 2829 ille
1677 2762 1831 2829 mihi
1884 2763 2176 2832 confisus
2226 2763 2492 2831 aliunde
2527 2782 2657 2831 non
2693 2762 3078 2849 prospexis—

477 2877 581 2939 set
628 2870 776 2940 sibi.
828 2871 942 2939 Vel
992 2870 1044 2937 si
1097 2870 1245 2956 quis
1296 2869 1583 2954 legatum
1632 2871 1890 2938 solvere
1939 2871 2323 2957 promiserit
2373 2890 2491 2939 eos
2541 2869 2904 2952 liberando,
2955 2869 3070 2956 qui

481 2978 564 3045 ad
611 2978 770 3046 illud
827 2977 1239 3060 tenebantur,
1290 2977 1406 3044 sed
1456 2986 1687 3062 postea
1738 2986 1969 3046 renuat
2019 2978 2169 3064 quia
2219 2979 2361 3064 eJ'us
2418 2978 2773 3065 promissio
2826 2984 2929 3046 est
2979 2978 3075 3046 le-

479 3086 605 3174 gali
656 3086 865 3155 forma
913 3083 1261 3164 destituta3
1310 3090 1375 3151 et
1421 3084 1518 3152 sic
1568 3084 1857 3169 legatum
1903 3084 2273 3154 insolutum
2308 3094 2624 3153 remanet.
2659 3085 2775 3154 Vel
2817 3086 2872 3154 si
2909 3085 3075 3154 adeo

482 3194 630 3280 quis
680 3193 888 3260 filium
936 3211 1131 3261 suum
1181 3190 1446 3260 educari
1497 3192 1842 3273 curaverit,
1892 3193 2044 3280 quia
2093 3192 2259 3262 alter
2290 3194 2683 3280 promiserat
2717 3193 2795 3260 ad
2830 3212 3079 3280 expen-

478 3318 590 3370 sas
643 3318 1059 3383 concurrere,
1111 3306 1176 3368 et
1223 3307 1455 3386 postea
1506 3306 1770 3368 recuset
1819 3307 1867 3367 ¹.
2255 3382 2262 3390 ⁶

572 3410 735 3475 Tota
784 3407 1134 3476 difficultas
1184 3412 1305 3488 est,
1356 3424 1436 3474 an
1488 3407 1844 3491 promissio
1894 3406 2069 3476 serio
2119 3407 2306 3490 facta,
2358 3415 2421 3475 et
2471 3413 2805 3492 acceptata
2841 3426 2963 3494 per
3002 3425 3077 3475 se

481 3520 547 3584 et
600 3532 681 3581 ex
731 3520 961 3580 natura
1022 3513 1255 3581 suain
1328 3513 1602 3581 materia
1667 3513 1844 3598 gravi
1916 3514 2041 3582 sub
2115 3515 2286 3599 gravi
2363 3516 2657 3601 obliget?
2727 3514 2849 3582 Alii
2922 3532 3075 3583 cum

485 3622 547 3690 d.
600 3622 847 3691 Thoma
898 3620 1158 3703 docent,
1211 3620 1581 3706 simplicem
1633 3622 2144 3707 promissionem
2193 3642 2270 3691 ex
2309 3632 2540 3691 natura
2588 3641 2706 3692 sua
2740 3641 2871 3693 non
2910 3622 3077 3692 obli-

481 3749 663 3819 gare,
715 3730 836 3796 nisi
891 3730 1014 3797 sub
1064 3728 1206 3809 levi,
1258 3728 1455 3796 etiam
1506 3728 1571 3795 in
1622 3748 1693 3797 re
1730 3730 1926 3813 gravi,
1966 3732 2118 3816 quia
2158 3732 2221 3798 in
2257 3731 2399 3816 eJus
2436 3730 2753 3817 opinione
2793 3729 3079 3816 promis-

480 3838 580 3909 sio
632 3838 948 3925 quaelibet
997 3855 1071 3904 ex
1124 3855 1195 3904 se
1245 3835 1493 3923 obligat
1541 3843 1797 3904 tantum
1832 3839 2196 3906 secundum
2239 3838 2565 3926 quandam
2633 3839 3076 3920 honestatem,

480 3964 618 4014 non
669 3952 891 4014 autem
940 3943 1305 4012 secundum
1347 3943 1457 4029 jus
1506 3942 1729 4025 civile3
1781 3943 1908 4013 hoc
1956 3953 2057 4013 est
2093 3947 2193 4031 (ut
2232 3947 2565 4032 explicant
2598 3945 3081 4014 salmanticen-

480 4054 620 4139 ses)
672 4073 805 4123 non
857 4051 1224 4122 secundum
1252 4051 1577 4136 iustitiam
1627 4051 1678 4118 ².
1727 4051 1850 4120 Alii
1886 4071 2043 4131 vero
2080 4060 2308 4121 contra
2342 4054 2638 4123 sentiunt
2672 4072 2823 4123 cum
2857 4073 2910 4121 s,
2953 4066 3079 4123 An-

482 4159 754 4243 tonin03
807 4161 957 4247 quia
1008 4158 1288 4228 fidelitas
1341 4159 1689 4245 promissa,
1726 4160 1895 4227 seria
1938 4169 2001 4228 et
2051 4167 2386 4247 acceptata
2434 4178 2662 4230 verum
2710 4168 2777 4231 et
2817 4161 3079 4248 rigoro-

481 4284 630 4334 sum
677 4275 1092 4337 contractum
1142 4266 1512 4349 constituit,
1565 4284 1714 4352 quae
1757 4266 1868 4353 jus
1918 4268 2225 4337 strictum
2291 4270 2547 4356 praebet
2595 4266 3073 4356 promissario:

544 4466 563 4506 ¹
599 4428 902 4530 Acceptatio
931 4466 1091 4516 etiam
1126 4475 1220 4527 per
1251 4463 1414 4514 allum
1463 4461 1574 4513 fleri
1625 4466 1818 4528 potest,
1870 4475 1921 4516 V.
1973 4476 2024 4528 g.
2061 4475 2153 4527 per
2185 4465 2335 4515 illurn
2369 4465 2458 4528 qui
2501 4462 2696 4515 habeat
2744 4465 3079 4527 promissam

479 4540 692 4582 curam:
728 4529 804 4579 sic
844 4530 1081 4591 acceptat
1112 4529 1260 4636 pater
1290 4536 1386 4588 pro
1421 4523 1562 4586 filiis,
1600 4528 1882 4589 religiosus
1913 4539 2009 4589 pro
2044 4528 2386 4600 monasterio,
2423 4528 2675 4591 pinnatus
2725 4539 2823 4590 pro
2855 4537 2960 4577 sua
2989 4528 3083 4579 Ec·

478 4591 659 4715 οιξείὲ,
685 4602 835 4718 {xgr
853 4602 1110 4714 8pig-,oarngr
1133 4590 1205 4651 to,
1240 4590 1385 4638 tutor
1414 4599 1511 4651 pro
1546 4589 1765 4641 minore.
1807 4616 1858 4625 --
1899 4591 2127 4687 lagnon,
2167 4590 2252 4651 Op.
2290 4590 2443 4652 lor„
2480 4589 2512 4640 l.
2545 4600 2622 4651 m,
2660 4600 2710 4641 n.
2739 4588 2858 4649 7³0,
2893 4591 2992 4641 etc.
