3292 5167
510 207 640 275 644
705 200 714 209 ’
1055 192 1066 207 ’
1176 226 1297 275 [ΑΒ.
1345 227 1416 276 ιι.
1464 231 1679 278 τιιΑοτ.
1728 228 1859 276 νιιι.
1905 229 2060 278 nist».
2108 228 2149 276 1.
2197 231 2328 277 car.
2378 228 2457 276 tv.

510 331 682 421 catio
730 331 794 398 in
845 329 1020 400 falso·
1042 320 1193 414 ritu,
1230 332 1328 400 vel
1367 332 1673 418 quaedam
1721 334 2014 403 exterior
2059 333 2450 422 approbatio
2502 333 2682 403 falsae
2731 342 2939 403 sectae
2987 343 3099 404 aut

509 438 783 506 honoris
832 436 1201 506 retributio.
1240 439 1403 508 Hinc
1440 459 1569 508 non
1618 440 1774 510 licet
1824 440 2225 529 permittere,
2276 448 2347 508 ut
2396 440 2691 509 haeretici
2746 440 2813 509 in
2850 442 3097 509 nostris

507 543 821 615 Ecclesiis
890 544 1267 628 celebrent,
1341 565 1558 633 neque
1629 548 1823 617 nobis
1888 548 2047 617 licet
2090 549 2159 617 in
2207 566 2441 617 eorum
2491 548 2830 617 celebrare
2879 549 3103 617 Eccle-

506 654 624 723 siis
673 656 723 720 ¹.
785 656 928 722 Non
967 653 1129 723 licet
1178 654 1597 724 Sacramenta
1646 664 1829 725 extra
1880 650 2342 731 necessitatem
2414 664 2779 725 extremam
2844 657 2926 725 ab
3004 657 3103 725 eis

507 762 822 847 recipere,
870 767 943 827 ut
991 754 1341 829 declaravit
1390 763 1829 849 congregatio
1879 765 1947 832 S.
2000 764 2230 833 Officii.
2289 764 2562 832 Censuit
2631 770 2860 858 tamen
2931 764 3102 833 tole-

510 867 635 935 rari
685 885 902 953 posse,
952 873 1025 934 ut
1072 866 1474 937 schismatici
1527 870 1930 938 comitentur
1976 870 2206 938 funera
2254 876 2504 952 nostra,
2553 862 2761 938 causa
2824 868 3105 939 honoris

514 973 747 1057 civilis,
795 974 992 1042 modo
1043 974 1280 1043 ritibus
1329 975 1575 1045 nostris
1624 996 1697 1046 se
1746 996 1878 1047 non
1951 977 2385 1061 immisceant.

588 1116 804 1178 9211.
850 1117 916 1192 Q.
957 1118 1014 1180 2.
1056 1118 1158 1181 An
1202 1119 1392 1181 liceat
1432 1118 1761 1183 catholicis
1803 1122 1936 1183 sinc
1974 1129 2230 1200 peccato
2258 1122 2482 1184 audire
2525 1120 2857 1201 religiosas
2895 1118 3087 1182 Itoerc·

510 1198 776 1262 cicorum
817 1199 1161 1273 conciones,
1206 1199 1405 1278 fanus
1449 1199 1708 1264 illorum
1748 1200 2069 1277 deducere,
2105 1200 2322 1266 Sacris
2355 1219 2567 1264 eorum
2609 1201 2936 1275 interesse,
2983 1207 3103 1264 aut

507 1278 787 1356 nuptiali
818 1295 1031 1341 corum
1072 1281 1399 1342 convivio?
1686 1316 1695 1325 ·

592 1357 661 1420 R.
706 1357 768 1420 Si
818 1376 896 1420 ex
942 1360 1225 1438 regionis
1269 1359 1735 1424 consuetudine
1779 1370 1843 1423 et
1884 1362 2208 1424 communi
2245 1361 2495 1440 judicio
2539 1361 2677 1424 haec
2726 1376 2921 1440 agere
2966 1376 3096 1422 non

511 1439 821 1519 habeatur
868 1449 936 1502 ut
979 1443 1234 1519 signum
1279 1440 1699 1520 professionis
1736 1438 1908 1518 fidei,
1951 1443 2044 1504 uti
2081 1444 2401 1521 contingit
2434 1443 2502 1503 in
2532 1439 2900 1517 Germania,
2938 1457 3100 1519 prae-

508 1519 685 1583 cluso
728 1521 898 1581 omni
946 1522 1179 1583 animae
1225 1520 1538 1601 periculo,
1575 1537 1689 1600 per
1732 1538 1800 1583 se
1846 1521 2166 1601 loquendo
2212 1522 2404 1596 licet3
2451 1537 2599 1583 nam
2645 1523 2711 1583 in
2767 1522 3094 1583 communi

507 1600 932 1662 {estimatione
986 1609 1140 1663 tnnc
1182 1601 1482 1664 catholici
1525 1603 1991 1664 interessentes
2057 1618 2185 1665 non
2242 1602 2562 1667 habentur
2605 1603 2699 1666 uti
2745 1603 3095 1663 communi-

508 1693 727 1742 cantes
771 1681 837 1742 in
883 1679 1150 1742 Divinis.
1197 1680 1356 1742 Hinc
1400 1681 1480 1744 de
1524 1698 1591 1744 se
1637 1698 1766 1744 non
1814 1691 2081 1761 peccant
2122 1694 2344 1747 contra
2392 1683 2583 1745 fldem
2618 1684 2727 1762 qui
2765 1683 3098 1744 intersunt

512 1762 807 1822 convivio
854 1760 1124 1840 nuptiali
1187 1771 1297 1825 aut
1338 1762 1684 1841 sepulturae
1751 1762 2247 1840 baereticorum;
2290 1765 2436 1843 quia
2501 1763 2639 1826 baec
2710 1779 2822 1844 pro
2875 1764 2969 1824 rie
3010 1761 3096 1824 ad

511 1840 703 1903 fldem
751 1857 875 1902 non
926 1850 1237 1920 spectant,
1282 1841 1392 1904 sed
1438 1843 1866 1905 adunationes
1912 1859 2086 1905 mere
2123 1843 2347 1907 civiles
2402 1852 2553 1907 sunt
2595 1842 2805 1905 baben
2857 1858 2930 1904 ae.

589 1921 745 1983 Item
789 1932 887 1983 est
922 1939 1033 2003 per
1081 1938 1142 1983 sc
1187 1921 1484 2002 quuendo
1530 1923 1608 1986 de
1655 1925 1732 1985 iis
1776 1924 1882 2003 qui
1930 1923 2166 2003 templa
2214 1926 2667 1987 haereticorum
2709 1922 3091 2000 ingrediun-

510 2012 654 2076 tur,
696 2016 919 2064 eorum
963 2005 1306 2065 conciones
1349 2004 1664 2079 audiunt,
1706 2013 1771 2066 et
1813 2006 2013 2066 sacris
2054 2021 2276 2068 eorum
2327 2010 2651 2067 intersunt
2706 2005 2849 2066 sine
2893 2019 3095 2081 pravo

508 2081 673 2156 fine3
719 2082 1036 2146 habentur
1081 2084 1171 2144 uti
1217 2084 1540 2162 simplices
1582 2092 1996 2164 spectatoreS,
2040 2086 2211 2165 quod
2258 2085 2516 2165 quidem
2549 2100 2700 2147 usus
2746 2084 3089 2163 permittit.

505 2161 687 2224 Esset
730 2164 782 2224 si
828 2179 968 2242 quis
1011 2165 1355 2225 interesset
1400 2163 1496 2226 vel
1542 2180 1622 2225 ex
1666 2166 2062 2240 curiositate,
2106 2175 2175 2228 nt
2210 2170 2371 2228 sciat
2448 2162 2554 2228 uid
2585 2173 2822 2244 agant;
2862 2162 2965 2224 vel
3008 2162 3090 2225 ad

511 2258 584 2305 ea
629 2243 968 2322 spectanda
1015 2245 1104 2304 nti
1150 2244 1560 2318 comoediam3
1602 2244 1704 2306 vel
1747 2244 1827 2307 ad
1869 2244 2199 2324 politicum
2239 2245 2411 2309 famu
2441 2254 2614 2309 atum
2660 2244 2925 2307 domino
2972 2260 3092 2305 suo

505 2323 957 2463 Praestandum,
1003 2332 1072 2385 ut
1114 2324 1182 2387 in
1225 2340 1401 2387 more
1446 2324 1720 2388 habebat
1764 2325 2041 2388 Naaman
2078 2324 2299 2405 Syrus,
2335 2328 2442 2407 qui
2478 2326 2862 2388 incurvabat
2897 2339 2989 2399 se,
3016 2331 3092 2386 ut

527 2402 640 2466 lex
683 2404 775 2466 illi
823 2405 1214 2466 inniteretur
1259 2405 1409 2467 dum
1451 2421 1667 2468 coram
1714 2405 1886 2468 idolo
1931 2408 2411 2485 genuflecteret.
2452 2406 2607 2467 ‘Hoc
2665 2407 2839 2468 enim
2895 2403 3093 2466 civile

506 2482 618 2546 obs
706 2486 879 2547 nium
926 2484 1257 2547 tenebatur
1303 2495 1611 2562 praestare
1655 2485 1853 2564 Regi,
1897 2488 2003 2566 qui
2060 2488 2309 2563 solebat
2351 2488 2488 2550 sive
2533 2488 2598 2547 in
2647 2485 2788 2547 foro
2834 2484 2975 2547 sive
3018 2486 3087 2546 in

510 2572 676 2644 temp
707 2582 741 2626 o
789 2565 992 2627 inniti¹
1025 2564 1292 2627 humero
1337 2565 1630 2643 alterius,
1670 2576 1735 2629 et
1777 2567 2180 2630 adstantibus
2236 2568 2301 2629 id
2351 2576 2570 2631 notum
2614 2575 2758 2629 erat
2794 2563 2847 2625 ².

583 2643 870 2706 Diximus
907 2660 1022 2724 per
1044 2663 1108 2707 se
1143 2646 1478 2724 tequemio,-
1524 2662 1675 2709 nam
1704 2645 1894 2709 aliter
1924 2652 2186 2710 omnino
2218 2647 2586 2722 dicendum,
2618 2648 2672 2710 si
2703 2647 2874 2709 adsit
2902 2660 3084 2707 scan-

505 2724 738 2801 dalum,
773 2726 940 2805 quod
987 2725 1245 2803 quidem
1301 2726 1402 2788 vel
1447 2728 1513 2789 in
1560 2727 1693 2807 ipsa
1763 2727 2129 2807 frequentia
2191 2728 2481 2805 adesset3
2522 2729 2678 2789 item
2724 2724 3085 2807 periculum

547 2808 939 2868 erversionis
982 2815 1046 2883 et
1089 2808 1581 2869 communicatio
1615 2809 1986 2886 impietatis,
2021 2808 2121 2871 vel
2153 2808 2450 2887 specialis
2494 2806 2870 2889 prohibitio.
2915 2802 3085 2866 Sane

529 2886 696 2949 nodie
741 2889 807 2948 in
849 2895 1022 2949 tanta
1069 2886 1517 2951 baereticorum
1566 2890 1969 2966 procacitate,
1999 2899 2063 2951 et
2097 2887 2566 2951 catholicorum
2603 2902 2854 2949 morum
2891 2885 3089 2947 disso-

502 2964 768 3043 lutione,
810 2982 952 3029 cum
995 2969 1344 3029 vehemens
1389 2967 1472 3029 sit
1515 2969 1957 3031 subversionis
2002 2969 2384 3049 periculum,
2420 2968 2566 3032 ideo
2602 2971 2834 3030 merito
2867 2964 3087 3045 plures

505 3047 624 3110 hoc
658 3048 1002 3127 probibent
1041 3045 1334 3127 Episcopi
1380 3048 1496 3111 sub
1539 3051 1721 3131 gravi
1768 3064 1974 3127 poena,
2022 3052 2143 3112 etsi
2188 3059 2413 3129 agatur
2460 3065 2540 3112 ex
2584 3046 2987 3120 curiositate;
3018 3043 3085 3107 id

503 3130 676 3191 enim
721 3127 906 3190 hodie
948 3131 1213 3190 evenire
1256 3144 1382 3189 non
1430 3136 1636 3208 potest
1682 3129 1821 3191 sine
1853 3130 2516 3207 haeretieorumansa,
2557 3131 2701 3191 sine
2746 3127 3091 3190 catholico·

504 3225 646 3272 rum
688 3206 988 3270 scandalo
1031 3216 1098 3270 et
1139 3210 1370 3270 animae
1414 3211 1694 3288 propriae
1738 3211 1925 3272 ruina
1963 3208 2015 3271 ⁸.

589 3342 786 3413 022.
834 3347 884 3425 Q
933 3345 994 3411 3.
1046 3345 1396 3433 Quotuplecc
1438 3346 1771 3432 disputatio
1817 3347 1889 3413 de
1933 3348 2114 3413 rebus
2155 3347 2317 3433 fidei,
2364 3358 2421 3414 et
2464 3365 2551 3412 cm
2598 3346 2777 3420 liceat
2793 3351 2825 3410 ?

591 3454 661 3520 R.
710 3451 1060 3537 Disputare
1108 3450 1190 3520 de
1239 3452 1437 3520 rebus
1484 3452 1635 3521 fidei
1685 3460 1786 3522 est
1853 3452 1933 3520 ad
2005 3471 2278 3521 examen
2347 3466 2659 3527 revocare
2725 3448 3090 3536 Religionis

504 3558 830 3643 dogmata,
880 3575 956 3625 ea
1003 3575 1226 3626 coram
1273 3558 1663 3629 adversariis
1700 3560 1869 3628 veris
1902 3559 2003 3628 vel
2037 3560 2209 3629 fictis
2259 3560 2582 3646 polemice
2651 3555 3089 3628 defendendo.

504 3664 668 3734 Hinc
715 3662 957 3751 duplex
1004 3663 1399 3750 disputatio:
1450 3667 1573 3734 alia
1617 3668 1931 3752 formalis,
1983 3684 2133 3753 quae
2185 3667 2563 3735 instituitur
2609 3665 2691 3733 ad
2735 3661 3091 3732 defenden-

503 3771 660 3840 dum
709 3770 978 3856 aliquod
1024 3769 1261 3857 dogma
1311 3771 1624 3841 adversus
1674 3790 1810 3854 eoS‚
1883 3774 1992 3858 qui
2042 3771 2204 3841 illud
2252 3778 2475 3841 revera
2522 3772 2929 3840 inficiantur:
2963 3767 3086 3834 alia

562 3983 584 4022 ¹
627 3985 681 4034 V.
714 3983 943 4047 Liguori,
981 3984 1072 4045 Op.
1105 3985 1259 4045 Moru,
1295 3985 1328 4035 l.
1357 3994 1449 4044 vn,
1487 3994 1540 4035 n.
1576 3986 1685 4037 138.
1729 3986 1787 4037 ln
1820 3987 2086 4051 aliquibus
2121 3988 2300 4039 tamen
2334 3985 2581 4038 Helvetiae
2635 3986 2769 4037 locis
2802 3985 2858 4036 in
2890 3984 3079 4038 eadem

502 4046 737 4097 Ecclesia
771 4047 903 4097 ritus
932 4058 1062 4098 snos
1095 4049 1345 4098 exercent
1377 4049 1488 4098 tum
1522 4047 1785 4107 catholici,
1824 4051 1935 4102 tum
1966 4050 2216 4111 haeretici,
2252 4049 2339 4101 alil
2374 4051 2494 4112 post
2525 4046 2659 4099 alios
2688 4062 2701 4100 :
2751 4046 2807 4098 id
2839 4046 2910 4099 ob
2939 4048 3081 4099 ioco-

502 4118 625 4159 rum
659 4110 1019 4171 paupertatem
1052 4110 1104 4161 et
1131 4108 1404 4161 inductam
1438 4110 1879 4162 consuetudinem
1913 4111 2071 4164 bodie
2107 4112 2398 4163 teneratur.

562 4169 586 4210 2
619 4181 690 4232 tv,
723 4171 847 4233 Reg.
881 4182 932 4220 v.
965 4196 1030 4208 -
1068 4171 1122 4221 V.
1158 4172 1386 4233 Liguori,
1422 4172 1512 4232 Op.
1546 4172 1698 4231 Mor„
1762 4171 1794 4221 l.
1832 4186 1886 4235 ιι,
1924 4187 1978 4225 ιι.
2016 4177 2090 4225 16.
2288 4220 2293 4228 .

565 4233 588 4272 ⁸
614 4233 1060 4296 Arcbiepiscopus
1095 4234 1438 4284 Taurinensls
1476 4235 1533 4285 ¹2
1570 4235 1691 4296 maji
1720 4236 1870 4295 1863,
1904 4235 2005 4287 sub
2040 4247 2195 4298 poena
2226 4232 2807 4285 excommunicationis
2833 4234 2949 4284 latae
2971 4244 3086 4284 sen·

501 4293 675 4345 tentiae
710 4306 772 4345 ac
804 4299 1106 4358 reservatas,
1138 4295 1389 4347 omnibus
1433 4294 1747 4347 dioecesanis
1778 4297 2240 4349 indiscriminatim
2275 4294 2517 4360 probibet
2559 4297 2721 4347 etiam
2752 4296 2821 4346 ob
2868 4296 3086 4346 curiosi·

503 4356 665 4407 tatem
700 4359 1099 4419 protestantium
1138 4359 1391 4421 templum
1435 4358 1581 4408 adire
1609 4362 1722 4410 sive
1756 4358 1823 4408 ad
1854 4359 2175 4423 spectandos
2209 4360 2364 4420 ritus,
2398 4358 2511 4409 sive
2548 4357 2844 4411 audiendos
2876 4368 3080 4409 sermo·

503 4427 615 4468 nes.
651 4417 821 4477 Quam
851 4419 1260 4480 prohibitionem
1293 4419 1436 4471 dedit
1466 4421 1626 4471 etiam
1660 4421 1955 4484 Episcopus
1988 4422 2275 4473 Nicaeensis
2308 4422 2363 4472 in
2394 4420 2519 4482 Syn.
2564 4422 2739 4482 Dioec.,
2790 4431 2832 4469 c.
2886 4423 2934 4481 6,
2995 4432 3080 4482 ap-

501 4478 659 4592 pend.
694 4491 749 4530 n.
782 4483 826 4532 3.
859 4482 916 4532 ln
951 4483 1169 4532 Dioecesi
1203 4483 1517 4533 Novariensi
1549 4481 1634 4533 bic
1668 4494 1824 4534 casus
1856 4488 1936 4537 est
1969 4485 2229 4547 Episcopo
2263 4485 2597 4536 reservatus:
2633 4482 2710 4535 lit.
2740 4486 2771 4534 2
2798 4494 2911 4545 apr.
2935 4484 3081 4534 1757.

528 4543 630 4593 tem
663 4542 900 4604 Neapoli.
933 4568 995 4580 —-
1036 4545 1090 4593 V.
1127 4542 1354 4606 Lignori‚
1393 4543 1481 4607 op.
1517 4545 1674 4607 Mor„
1713 4546 1747 4596 1.
1784 4557 1842 4605 ιι,
1877 4559 1929 4597 n.
1967 4549 2043 4598 16.
2190 4546 2217 4573 ⁵

624 4606 695 4656 De
728 4607 1209 4657 communicatione
1241 4607 1486 4668 religiosa
1507 4617 1643 4658 cum
1675 4607 1942 4670 haerettcis,
1988 4600 2299 4673 janffenistis
2325 4607 2381 4659 et
2409 4605 2745 4659 schismaticis
2775 4607 2951 4670 plures
2983 4605 3077 4655 da·

499 4676 622 4718 mus
655 4665 1010 4719 resolutiones
1042 4668 1091 4719 S.
1126 4666 1276 4719 Sedis
1309 4668 1422 4720 Lib.
1458 4680 1530 4731 iv,
1565 4669 1793 4733 Appenni.
1830 4671 1908 4722 73.
2716 4678 2727 4687 “
