3292 5167
507 194 645 262 178
1506 213 1622 259 ue.
1672 209 1738 260 11.
1786 213 1997 260 τιιΑοτ.
2045 212 2104 259 v.

591 316 661 379 R.
706 315 1031 379 Laudaudi
1091 315 1197 393 qui
1246 314 1344 394 pia
1378 316 1783 390 numismata,
1827 330 2041 378 sacras
2066 312 2331 392 effigies,
2361 330 2582 379 cruces
2611 323 2676 378 et
2710 314 2948 377 similia
2985 313 3099 377 de·

505 406 658 461 ⁴rote
699 406 954 475 gestant
991 394 1071 456 ad
1118 394 1410 457 divinum
1453 394 1769 459 auxilium
1800 393 2280 474 efflagitandum
2314 396 2379 456 in
2414 394 2903 458 necessitatibus
2943 408 3099 457 cuu-

509 480 647 540 ctis.
693 476 906 556 Neque
967 478 1339 553 superstitio
1384 486 1482 536 est
1536 484 1788 553 gestare
1857 475 2191 552 scapulare
2258 473 2519 549 Ordinis
2582 475 3102 551 carmelitarum,

507 559 686 637 quasi
737 557 879 618 ideo
925 558 1210 618 moriens
1245 565 1559 619 aeternum
1687 559 1733 619 ti
1770 571 1897 617 non
1941 555 2172 619 debeat
2217 556 2610 632 incendium,
2641 566 2706 618 et
2733 559 2819 617 sit
2848 557 2913 618 in
2949 568 3100 635 pur·

509 639 756 715 gatorio
803 636 1218 716 peculiariter
1260 635 1573 698 sublevan
1627 653 1701 699 us
1736 638 1942 713 primo
1972 636 2237 699 sabbato
2281 637 2359 697 ab
2402 636 2541 714 eJus
2586 644 2812 710 morte,
2872 647 2940 699 ut
2982 635 3099 700 Or·

509 718 681 779 dinis
726 717 1046 780 institutio
1092 717 1301 778 babet.
1353 718 1515 779 >Sane
1561 716 1682 778 boc
1716 725 1816 779 est
1844 716 2024 795 juxta
2072 714 2420 796 Scripturae
2454 717 2756 797 loquendi
2794 718 3097 792 modum;

508 814 677 877 saepe
720 800 893 861 euim
936 796 1263 877 Scriptura
1309 800 1435 860 vim
1477 798 1876 875 justificandi
1927 797 2154 860 tribuit
2196 797 2472 859 diversis
2507 797 2722 871 rebus,
2756 812 2882 859 uon
2912 796 3090 878 quod

508 877 662 940 ⁵01ae
701 877 1078 956 justificent,
1112 875 1220 939 sed
1268 878 1435 956 quod
1482 877 1610 941 illae
1656 879 1781 940 vim
1829 877 2107 941 babeant
2162 880 2504 940 maximam
2546 874 2626 940 ad
2671 878 3102 942 obtinendam

505 957 778 1022 salutem
811 1005 828 1032 ‚
877 959 927 1019 si
976 967 1184 1020 tamen
1243 967 1452 1020 cetera
1510 962 1867 1020 necessaria
1917 974 2044 1020 nou
2072 957 2321 1021 desint.
2367 957 2551 1020 Certo
2595 963 2703 1037 qui
2756 957 2916 1022 illud
2967 972 3097 1025 soa·

507 1039 729 1118 pulare
772 1047 979 1116 gestat
1020 1054 1049 1099 a
1098 1038 1161 1100 B.
1204 1028 1472 1117 Virgine
1514 1038 1861 1113 donatum,
1906 1049 1969 1101 et
2011 1047 2225 1101 cetera
2274 1041 2338 1100 in
2383 1056 2459 1101 eo
2501 1037 2744 1102 Ordine
2799 1032 3096 1118 praesorl·

509 1129 618 1198 pta
660 1120 945 1181 studiose
988 1117 1305 1185 observat,
1353 1117 1764 1197 peculiariter
1807 1119 1889 1181 ab
1934 1120 2068 1198 ipsa
2113 1119 2523 1197 adjuvabitur
2580 1119 2655 1180 ad
2706 1138 2817 1183 sua
2867 1120 3091 1183 munia

508 1199 903 1278 complenda,
946 1215 1020 1261 ac
1065 1198 1209 1261 ideo
1243 1199 1319 1259 ad
1367 1198 1638 1261 salutem
1682 1209 1992 1262 aeteruam
2033 1215 2223 1278 quam
2269 1202 2476 1271 citius,
2525 1216 2637 1276 per
2683 1200 2860 1264 illius
2898 1202 3098 1263 iuter·

508 1283 882 1354 cessionem,
927 1278 1461 1359 consequendam.
1497 1279 1625 1342 Hac
1669 1278 1751 1342 de
1794 1296 1864 1342 re
1906 1280 2053 1342 vide
2097 1279 2477 1343 Benedictus
2521 1279 2657 1342 XIV
2686 1329 2702 1355 ‚
2744 1280 2830 1343 De
2882 1280 3093 1343 Festis

504 1359 579 1423 B.
621 1361 704 1423 M.
762 1360 844 1439 V,
888 1360 995 1422 lib.
1041 1377 1111 1434 ιι,
1154 1377 1205 1422 c.
1253 1376 1334 1420 V1.
1379 1392 1454 1404 —
1499 1359 1777 1438 Liguori,
1826 1360 1993 1439 Opus
2036 1360 2216 1434 Mor„
2267 1359 2305 1421 l.
2352 1377 2448 1435 111,
2486 1376 2546 1421 n.
2596 1360 2668 1421 17
2712 1370 2832 1424 etc.

584 1440 800 1520 Neque
845 1439 1183 1502 ridendum
1230 1440 1394 1519 quod
1446 1439 1677 1503 talibus
1740 1443 1940 1520 signis
2001 1441 2062 1502 B.
2125 1439 2321 1519 Virgo
2364 1458 2493 1504 usa·
2533 1442 2650 1501 sit:
2702 1457 2918 1504 noune
2963 1441 3087 1520 ipsi

506 1523 1010 1662 principeflsuis
1052 1520 1326 1583 subditis
1362 1521 1627 1583 honoris
1673 1526 1903 1600 gratia,
1944 1538 2207 1599 cruces„
2234 1520 2559 1600 ligamina,
2595 1523 2790 1584 vittas
2820 1532 2885 1584 et
2913 1521 3095 1583 simi-

541 1604 594 1662 ia
640 1603 820 1679 signa
869 1600 1202 1663 tribuunt?
1245 1610 1310 1661 et
1354 1602 1417 1662 iu
1461 1611 1665 1664 veteri
1715 1602 1853 1678 lege
1889 1605 1954 1664 in
2000 1605 2252 1679 siguum
2297 1603 2534 1663 amoris
2576 1599 2770 1664 Jacob
2810 1601 3098 1680 Josepbo

507 1682 638 1743 fllio
685 1699 798 1743 suo
842 1694 1083 1744 vestem
1131 1681 1483 1760 polimitam
1552 1681 1741 1755 fecit,
1782 1681 2328 1744 JonatbasDavid
2374 1682 2597 1745 babitu
2641 1699 2756 1745 suo
2800 1684 3095 1757 vestivit,

505 1761 676 1823 Elias
718 1779 900 1824 suum
949 1762 1208 1840 pallium
1255 1761 1483 1823 Elisaeo
1529 1763 1813 1833 donavit,
1845 1772 1967 1824 etc.

579 1840 792 1902 265.
839 1842 903 1916 Q.
947 1843 1000 1905 3.
1049 1841 1209 1916 Ouid
1237 1842 1309 1903 de
1348 1842 1664 1904 chartulis
1695 1841 1897 1907 verbis
1928 1844 2130 1905 sacris
2161 1849 2276 1905 aut
2302 1842 2535 1913 devotis
2567 1843 2919 1921 inscriptis,
2957 1857 3097 1922 quoe

501 1938 543 1984 a
583 1923 904 1985 nonnullis
946 1923 1179 1985 devotis
1224 1924 1569 1985 traduntur
1607 1924 2014 2002 deplutiendoe
2048 1923 2130 1986 ad
2161 1924 2499 1986 sanitatem
2539 1923 2942 1986 obtinendam
2994 1922 3099 1985 vel

502 2001 669 2064 alias
711 2005 1084 2082 spirituales
1117 2005 1417 2082 qratias?
2480 2023 2489 2031 ·

583 2081 654 2144 R.
698 2082 759 2144 Si
809 2084 870 2146 id
918 2085 1045 2161 fiat,
1088 2086 1266 2162 quasi
1312 2083 1441 2144 illis
1484 2084 1723 2145 cbartis
1767 2085 1922 2146 insit
1964 2086 2168 2146 virtus
2215 2083 2525 2145 naturalis
2575 2082 2677 2145 vel
2737 2085 2943 2145 virtus
2988 2082 3092 2144 iu·
3210 2092 3219 2099 ·

504 2161 796 2226 tailibilis
841 2165 1176 2227 obtinendi
1224 2164 1387 2243 quod
1435 2166 1787 2243 quaeritur,
1832 2168 2053 2244 utique
2115 2164 2572 2243 superstitione
2639 2179 2764 2225 non
2810 2172 3091 2225 careret.

500 2242 740 2306 Verum
786 2245 924 2324 pius
968 2257 1029 2308 et
1076 2244 1452 2308 laudabilis,
1496 2253 1686 2325 atque
1751 2246 2095 2323 proborum
2158 2244 2490 2321 exemplo,
2549 2252 2615 2305 et
2668 2243 3077 2308 mirabilibus

503 2325 838 2387 effectibus
885 2325 1185 2405 probatus
1229 2332 1329 2386 est
1371 2324 1623 2387 illarum
1672 2342 1843 2398 usus,
1885 2327 1938 2387 si
1985 2326 2094 2385 fiat
2136 2342 2215 2387 ex
2266 2325 2641 2399 devotione,
2699 2334 2891 2404 atque
2938 2339 3086 2387 cum

501 2404 630 2466 fide
675 2404 1005 2467 obtinendi
1051 2424 1083 2468 a
1132 2405 1257 2467 Deo
1302 2421 1414 2482 per
1458 2405 1521 2466 B.
1567 2405 1897 2485 VirginiS,
1946 2405 2046 2486 vel
2096 2404 2475 2467 Sanctorum
2556 2405 3084 2468 intercessionem

501 2485 584 2563 (si
627 2486 952 2565 expediat)
994 2502 1135 2566 quae
1182 2485 1584 2564 postulantur
1626 2489 1869 2565 gratiae.
1911 2519 1984 2531 —
2034 2484 2096 2546 V.
2138 2485 2420 2562 Liguori,
2467 2482 2678 2546 Glorie
2732 2485 2801 2548 di
2841 2485 3092 2562 Maria,

501 2581 561 2644 p.
602 2565 686 2639 2⁸,
730 2566 882 2628 disc.
915 2584 969 2628 ιε
1000 2565 1563 2629 Dell't'mmacolata
1596 2567 2009 2638 Concezione;
2052 2598 2131 2611 —-
2163 2564 2501 2641 Meritone,
2550 2564 2733 2628 Della
2759 2566 3090 2629 divozione

498 2646 599 2708 dei
643 2644 963 2709 Sacerdoti
1003 2664 1044 2710 a
1086 2646 1303 2711 Maria
1351 2645 1482 2722 SS.,
1530 2647 1565 2708 l.
1611 2666 1681 2724 ιι,
1725 2664 1775 2708 c.
1820 2647 1876 2710 3.
2942 2648 2949 2651 *

576 2725 795 2787 286.
841 2727 907 2801 Q.
939 2728 1007 2789 4.
1053 2726 1213 2802 Quid
1254 2729 1326 2790 de
1371 2727 1578 2790 literis
1622 2745 1779 2807 quas
1820 2728 2022 2790 devoti
2076 2723 2415 2799 scribunt,
2474 2743 2589 2805 pro
2641 2727 2858 2808 qratia
2919 2724 3083 2789 obti-

497 2807 720 2881 nenda,
760 2808 874 2870 Deo
916 2816 978 2870 et
1007 2806 1282 2885 Sanctis,
1329 2826 1434 2870 eas
1475 2809 1838 2886 deponentes
1880 2807 1964 2870 ad
2004 2823 2215 2868 eorum
2254 2807 2739 2869 simulacrorum
2777 2807 3009 2887 pedes?

578 2885 647 2950 R.
689 2888 825 2950 Nou
873 2891 1090 2966 utique
1139 2891 1264 2951 buc
1305 2890 1600 2968 ponimus
1645 2905 1814 2950 verae
1859 2887 2217 2949 devotionis
2279 2889 2662 2963 essentiam;
2706 2887 2817 2948 sed
2869 2902 3082 2966 neque

498 2966 844 3031 inanitates
887 2968 1156 3031 dicimus
1199 2982 1308 3031 aut
1352 2970 1486 3030 risu
1527 2967 1959 3047 excipiendas,
2001 2978 2111 3029 aut
2176 2970 2635 3046 superstitione
2699 2968 3081 3046 culpandas

496 3045 660 3111 Sunt
703 3049 840 3111 baec
883 3054 1129 3128 pletatis
1180 3050 1566 3112 industriosa
1629 3049 1838 3111 media
1866 3095 1883 3124 ,
1924 3048 2155 3127 quibus
2209 3058 2478 3111 utuntur
2540 3046 2781 3123 Sancti,
2835 3057 2902 3109 et
2938 3062 3086 3127 quae

379 3154 408 3178 ι
497 3124 909 3208 acceptabilia
954 3139 1104 3191 sunt
1146 3128 1301 3190 Deo:
1360 3155 1382 3183 c
1430 3128 1474 3189 ll
1522 3129 1624 3207 pio
1656 3146 1725 3190 re
1754 3129 2022 3205 Ezecbia
2060 3128 2309 3190 avendo
2354 3132 2642 3192 ricevuto
2678 3128 2906 3192 lettere
2942 3128 3080 3191 dal·

498 3207 771 3288 l'empio
815 3207 1355 3284 Sennacheribe,
1400 3208 1459 3269 le
1503 3212 1686 3288 porto
1733 3209 1836 3271 uel
1885 3210 2117 3287 tempio
2149 3208 2339 3269 ecosi
2384 3219 2604 3289 aperte
2651 3211 2710 3273 le
2755 3226 2912 3290 pose
2941 3209 3080 3272 sul·

496 3286 767 3363 l’altarc,
799 3293 974 3368 quasi
1027 3290 1355 3353 invitando
1399 3289 1514 3351 Dio
1557 3305 1591 3351 a
1639 3289 1954 3369 leggerle;
1998 3306 2033 3350 e
2080 3289 2121 3350 il
2166 3286 2437 3366 Siguore
2470 3292 2556 3368 gli
2606 3289 2742 3353 fece
2786 3289 2931 3354 dire
2963 3306 3079 3369 per

495 3379 675 3448 parte
718 3370 822 3432 del
868 3368 1109 3449 profeta
1155 3369 1334 3447 Isaia‚
1367 3370 1486 3432 cbe
1520 3386 1628 3431 era
1675 3371 1963 3433 esaudito
2008 3370 2143 3447 (tv,
2187 3368 2338 3447 Reg.
2384 3374 2542 3450 xix).
2587 3402 2665 3416 —
2710 3369 2772 3431 L’
2800 3373 3079 3451 impera·

495 3457 597 3511 tor
637 3450 943 3513 Teodosio
979 3460 1153 3513 stava
1201 3467 1312 3529 per
1355 3449 1509 3512 dare
1555 3468 1683 3513 uua
1728 3466 1887 3529 gran
1925 3449 2228 3526 battaglia
2265 3449 2341 3511 ad
2374 3449 2683 3530 Eugeuio‚
2719 3467 2756 3513 e
2790 3451 3080 3531 sapeudo

496 3529 613 3591 cbe
656 3530 732 3592 da
783 3532 893 3592 Dio
939 3547 1229 3610 vengono
1275 3530 1333 3593 le
1378 3534 1658 3605 vittorie,
1696 3533 1928 3593 scrisse
1956 3548 1989 3590 a
2025 3528 2535 3610 sant'Ambrogio
2568 3546 2681 3610 per
2719 3547 3086 3595 raccomau·

496 3609 834 3688 dargliene
880 3611 923 3672 il
972 3612 1136 3673 buon
1184 3622 1492 3673 successo.
1539 3610 1586 3672 ll
1631 3611 1826 3673 Santo
1873 3611 2052 3689 porto
2098 3608 2153 3670 la
2201 3609 2428 3673 lettera
2496 3611 2651 3674 dell'
2684 3609 3079 3690 Imperatore

496 3690 888 3767 sull’altare‚
930 3708 965 3753 e
1008 3690 1262 3771 quaudo
1317 3701 1491 3754 stava
1539 3708 1654 3770 per
1714 3691 2174 3752 incominciare
2240 3689 2284 3752 il
2342 3703 2524 3755 santo
2588 3691 2915 3755 Sacrificio
2949 3740 2964 3768 ‚
3016 3693 3075 3755 la

494 3773 796 3850 presente
838 3788 871 3835 a
916 3771 1061 3847 Πίος
1105 3787 1141 3835 e
1185 3770 1241 3831 la
1288 3770 1590 3849 battaglia
1636 3771 1704 3832 fu
1749 3770 2132 3833 favor-evole.
2163 3804 2239 3815 —
2269 3768 2328 3832 S.
2372 3771 2705 3836 Tommaso
2749 3772 3075 3853 d'Aquiuo

495 3854 779 3916 scriveva
827 3861 986 3915 tutte
1032 3852 1088 3915 le
1132 3868 1244 3914 sue
1288 3850 1587 3914 difficolta
1634 3854 1696 3912 in
1743 3867 1864 3912 uua
1912 3860 2085 3913 carta
2129 3853 2248 3914 cbe
2287 3854 2337 3912 si
2384 3862 2657 3935 metteva
2702 3853 2799 3915 sul
2848 3869 3072 3929 cuore,
3118 3854 3131 3867 “

493 3932 778 3995 allorcbe
819 3932 1065 3996 andava
1108 3948 1144 3995 a
1188 3931 1551 4006 celebrare3
1593 3946 1628 3992 e
1680 3946 1762 3992 ne
1806 3932 2099 3994 ricavava
2144 3946 2393 4009 sempre
2439 3942 2615 3996 tauto
2681 3933 2851 3996 lume
2883 3980 2899 4008 ,
2948 3935 3072 3995 cbe

459 4012 659 4093 *dopo
683 4013 1149 4092 comprendeva
1176 4012 1524 4074 benissimo
1558 4021 1721 4074 tutto
1743 4011 1958 4091 quello
1982 4013 2099 4073 cbe
2125 4017 2325 4091 prima
2355 4013 2440 4090 gli
2475 4023 2738 4076 tornava
2761 4029 3013 4076 oscuro.
3040 4037 3062 4066 ι

493 4092 765 4173 fluguet,
804 4094 893 4157 La
932 4093 1251 4157 divozione
1283 4092 1350 4155 di
1391 4109 1440 4154 s.
1490 4090 1795 4172 Giuseppe
1837 4093 1905 4155 in
1945 4094 2191 4172 esempi,
2240 4108 2301 4154 n.
2347 4092 2480 4155 137,

1565 4295 1678 4385 (S)
1722 4298 1878 4379 Pap.
1918 4298 2017 4362 88.

570 4480 777 4542 26⁷.
821 4481 1107 4545 Audiunt
1133 4482 1328 4546 scioli,
1345 4484 1455 4562 qui
1492 4481 1855 4547 daemonum
1887 4495 2125 4562 negant
2160 4483 2607 4547 infestationes
2635 4484 3069 4549 clarissimum

494 4561 833 4625 medicinae
874 4561 1299 4640 professorem
1340 4564 1524 4626 Laur.
1567 4562 1821 4626 Martini
1865 4566 1965 4639 (iu
2030 4566 2161 4627 suis
2224 4564 2565 4629 Elementis
2609 4566 2935 4629 medicinas
2975 4564 3070 4646 fo·

461 4642 721 4734 ⁸remis,
754 4658 808 4721 c,
851 4642 986 4722 111):
1028 4660 1137 4706 nos
1177 4642 1472 4707 Ecclesia
1503 4643 1817 4723 integram
1855 4643 2033 4723 fidem
2070 4652 2481 4724 proestamus,·
2519 4646 2749 4709 iccirco
2776 4647 2849 4710 ae
2876 4662 3071 4710 encr-
