3292 5167
1424 189 1501 233 nu
1550 188 1687 233 sinn
1712 218 1719 223 .
2710 169 2838 236 627

323 287 754 355 Nihilominus
796 304 868 351 re
916 286 1040 351 ulae
1084 288 1375 369 quaedam
1409 305 1542 351 non
1581 288 1836 363 desunt,
1880 304 2148 368 quarum
2197 290 2466 370 primam
2497 339 2513 366 ,
2564 307 2839 370 genera-

241 366 368 432 lem
412 378 478 434 et
518 378 757 439 certam
803 385 886 431 no
938 370 989 431 is
1036 369 1299 432 tradidit
1342 369 1666 433 Christus:
1710 368 1814 431 Ex
1858 368 2186 447 fructibus
2217 387 2429 434 eorum
2458 389 2524 434 co
2571 374 2836 435 noscetis

241 467 376 513 eos:
417 450 718 531 numquid
760 449 1070 531 colliqunt
1112 450 1183 513 de
1226 451 1427 530 spinis
1470 468 1646 527 uvas,
1691 457 1807 513 aut
1839 450 1913 512 de
1946 449 2204 514 tribulis
2236 451 2439 529 ficus?
2534 470 2611 515 on
2638 460 2842 532 potest

238 529 433 595 arbor
477 530 637 595 bona
681 531 877 594 malos
930 528 1180 611 {ructus
1230 531 1490 673 (acere,
1531 548 1725 611 neque
1767 528 1962 594 arbor
2006 529 2175 594 mala
2216 530 2469 610 fructus
2517 530 2702 597 bonos
2747 533 2838 614 fa·

237 628 377 675 cere
407 611 455 674 ¹.
500 612 761 691 Regulae
807 620 1020 676 autem
1067 628 1226 691 pecu
1257 611 1422 675 iares
1468 627 1539 673 ac
1589 610 2061 691 coniecturales
2107 621 2259 676 sunt
2304 613 2681 692 praecipuae:

400 692 474 772 a)
509 692 740 768 Prima,
787 692 1059 755 fortasse
1102 695 1390 755 omnium
1449 695 1748 769 maxima,
1791 700 1889 755 est
1931 707 2104 755 amor
2155 695 2459 755 novitatis
2504 694 2675 757 circa
2723 693 2832 755 do-

237 776 482 836 ctrinas
527 773 906 854 religiosas3
950 772 1117 836 velle
1154 789 1383 853 nempe
1421 789 1581 835 nova
1620 773 1990 852 praedicare,
2024 774 2189 852 typis
2234 774 2449 850 edere,
2474 771 2835 851 juvenibus

237 854 496 919 tradere
540 863 604 916 et
647 855 714 917 in
763 854 1010 934 plebem
1043 854 1462 916 christianam
1499 853 1887 925 diffundere.
1922 852 2070 915 Haec
2104 854 2426 915 haereticis
2467 852 2600 917 fere
2639 857 2837 917 omni·

236 933 357 997 hus
403 937 465 997 in
515 952 692 997 more
736 933 936 998 fuisse
983 951 1098 996 nos
1143 934 1330 996 docet
1386 935 1688 997 historia:
1735 935 1864 1012 sic,
1911 942 1978 997 ut
2023 944 2270 1018 ceteros
2316 936 2708 1008 omittamuS,
2753 935 2833 997 de

233 1014 482 1080 Joanne
524 1015 705 1089 HuSS‚
747 1032 781 1078 a
847 1030 974 1095 quo
1023 1015 1317 1089 Hussitae‚
1361 1013 1599 1092 legitur
1643 1015 1804 1095 quod
1840 1016 2210 1094 pereqrinas
2254 1031 2493 1092 semper
2538 1022 2600 1077 et
2640 1032 2832 1079 novas

235 1097 556 1175 opiniones
599 1094 872 1159 amabat.
916 1094 1033 1168 Qui
1078 1094 1381 1158 novitatis
1412 1110 1610 1169 amor,
1643 1102 1709 1158 ut
1747 1094 2117 1175 plurimum,
2159 1098 2223 1157 in
2267 1097 2418 1174 ipsis
2455 1096 2670 1168 etiam,
2701 1099 2832 1174 qui·

235 1175 356 1243 hus
401 1179 833 1241 annuntiatur
877 1175 1205 1239 vocabulis
1248 1184 1434 1237 antea
1483 1191 1808 1254 nunquam
1876 1177 1943 1249 in
2006 1173 2235 1238 Schola
2301 1177 2593 1252 usitatis,
2639 1175 2832 1240 facile

235 1259 702 1337 perspicietur:
747 1273 943 1336 quare
988 1255 1324 1335 Apostolus
1367 1256 1771 1319 Timotheum
1818 1257 2149 1319 monebat:
2186 1255 2235 1320 Ο
2286 1254 2612 1333 Timothee,
2652 1257 2831 1335 depo·

236 1339 430 1401 situm
472 1338 754 1411 custodi„
777 1338 1064 1401 devitans
1100 1336 1406 1416 profanas
1449 1352 1663 1398 vocum
1722 1338 2070 1414 novitates,
2113 1346 2176 1400 et
2216 1338 2630 1417 oppositiones
2676 1337 2837 1416 salsi

232 1420 506 1481 nominis
548 1419 843 1494 scientioe,
884 1435 1071 1498 quam
1115 1418 1367 1497 quidam
1407 1418 1864 1495 promittentes,
1907 1419 2082 1480 circa
2141 1418 2319 1497 fidem
2376 1419 2752 1480 exciderunt
2782 1416 2832 1479 ².

233 1498 457 1563 Patres
502 1501 652 1562 item
697 1497 963 1562 africani
1013 1498 1088 1561 ad
1127 1497 1533 1563 Thedorum
1568 1514 1792 1577 papam
1838 1499 2238 1562 scribebant:
2268 1498 2498 1561 Notum
2526 1506 2636 1575 cst,
2668 1499 2831 1577 quod

238 1582 396 1644 tales
450 1596 799 1643 sermonum
840 1582 1149 1643 novitates
1204 1578 1276 1641 de
1315 1578 1480 1640 malo
1522 1595 1729 1641 amore
1790 1580 2006 1659 qlorioe
2073 1586 2471 1642 nascuntur:
2515 1582 2660 1640 dum
2702 1578 2832 1642 sibi

231 1660 526 1725 nonnulli
554 1661 770 1723 volunt
793 1662 991 1735 acuti,
1035 1660 1427 1740 perspicaces
1470 1666 1532 1721 et
1571 1662 1880 1738 sapientes
1923 1656 2146 1736 videri,
2180 1667 2471 1739 quaerunt
2504 1661 2654 1739 quid
2682 1661 2831 1722 novi

222 1743 580 1823 proferant.
624 1741 701 1804 Et
742 1741 1105 1820 Alphonsus
1148 1759 1179 1804 a
1227 1740 1478 1803 Castro:
1526 1738 1644 1814 Qui
1693 1739 1930 1804 talibus
2001 1738 2389 1805 novitatibus
2451 1741 2828 1818 delectatur,

231 1840 458 1903 easque
500 1822 773 1901 inquirit
811 1823 1067 1893 anxius,
1109 1829 1182 1884 ut
1222 1820 1363 1885 inde
1407 1822 1656 1885 inanem
1699 1828 1909 1900 captet
1941 1822 2236 1900 qloriam,
2275 1822 2392 1883 hac
2421 1822 2554 1884 sola
2582 1822 2834 1884 ratione

230 1905 501 1981 conjicio
527 1920 677 1964 eum
718 1920 847 1964 esse
890 1902 1270 1980 haereticum,
1313 1909 1429 1964 aut
1461 1901 1688 1965 saltem
1730 1904 1797 1964 in
1841 1902 2123 1965 hoeresim
2164 1919 2437 1981 pronum
2475 1911 2537 1964 et
2580 1902 2691 1981 qui
2731 1900 2830 1980 fa·

232 1985 354 2047 cile
390 1986 456 2046 in
498 1999 631 2045 eam
676 1980 926 2045 labetur
958 1983 1008 2043 ³.
1934 2004 1941 2011 ·

397 2063 466 2141 b)
507 2063 721 2126 Altera
761 2063 980 2141 regula
1026 2073 1123 2127 est
1154 2064 1347 2124 nimia
1382 2062 1674 2141 quaedam
1713 2062 1976 2125 libertas
2016 2067 2080 2126 in
2134 2060 2615 2143 pronuntiando
2662 2064 2835 2124 circa

231 2162 340 2208 res
385 2145 531 2207 fidei
577 2154 643 2206 et
684 2144 996 2207 doctrinae
1041 2145 1414 2205 christiana:
1459 2143 1775 2223 quidquid
1845 2147 1907 2204 in
1954 2160 2023 2208 os
2069 2147 2358 2206 venerit:
2407 2152 2471 2209 et
2514 2142 2680 2221 quod
2728 2159 2820 2204 se-

231 2225 362 2288 mel
409 2224 760 2302 improvida
800 2225 864 2285 in
912 2223 1284 2287 definiendo
1351 2226 1688 2286 temeritas
1738 2223 1991 2303 prodit,
2035 2224 2331 2303 superbia
2383 2218 2825 2300 tuetur,'per·

232 2306 470 2369 tinacia
510 2312 719 2383 anget,
755 2313 819 2367 et
848 2306 939 2366 sic
975 2304 1229 2367 demum
1261 2305 1466 2367 errori
1506 2305 1856 2383 pertinacia
1898 2304 2203 2385 adjuncta
2246 2305 2622 2367 haereticum
2655 2301 2827 2366 facit.

231 2386 369 2448 Huc
416 2390 696 2465 pestinet
737 2386 901 2462 quod
951 2385 1016 2447 in
1062 2385 1238 2448 Bulla
1299 2386 1631 2447 Auctorem
1714 2384 1894 2447 Fidei
1978 2382 2289 2464 legimus:
2356 2385 2606 2446 Procax
2647 2382 2828 2463 affir-

229 2467 449 2530 mandi
490 2474 553 2528 et
595 2466 864 2546 necandi
904 2482 981 2528 ac
1017 2483 1229 2528 secum
1270 2483 1383 2544 pro
1429 2463 1632 2528 dubito
1673 2466 2001 2546 puqnandi
2036 2468 2378 2529 licentia...
2407 2465 2826 2546 frandulenta

232 2565 478 2627 semper
513 2545 642 2627 fuit
673 2546 1060 2608 Novatorum
1103 2548 1335 2609 astutia
1380 2546 1461 2608 ad
1503 2546 2089 2609 circumventionem
2134 2547 2394 2609 erroris.
2443 2544 2576 2609 Huc
2621 2545 2816 2624 perti·
2903 2574 2915 2580 -

233 2638 347 2691 net
390 2628 554 2707 quod
592 2627 786 2690 tradit
821 2625 1049 2705 Borgo:
1088 2626 1387 2689 Conviene
1427 2642 1545 2705 por
1587 2635 1786 2690 mente
1822 2627 1903 2689 ad
1943 2644 2073 2691 una
2104 2627 2369 2694 malitia
2400 2627 2828 2689 usitatissima

231 2708 403 2789 deyli
443 2708 666 2771 cretici
705 2726 735 2771 e
768 2708 1250 2787 sinqolarmente
1292 2707 1360 2770 di
1383 2709 1523 2849 ἕπε’
1548 2707 1664 2770 viii
1702 2725 1732 2770 e
1776 2707 2148 2787 vialiacclti,
2194 2708 2303 2770 clte
2345 2724 2467 2771 non
2512 2706 2716 2769 hanno
2761 2708 2827 2769 ia

234 2789 431 2852 lealtci
472 2788 539 2850 di
578 2788 713 2852 dire
754 2788 1165 2851 interamente
1209 2789 1303 2849 cio
1346 2806 1378 2850 c
1424 2806 1454 2850 e
1493 2804 1789 2866 pensano,
1840 2790 2020 2866 quali
2062 2805 2212 2851 sono
2255 2787 2319 2865 (e
2360 2789 2480 2868 piis
2522 2787 2588 2849 di
2635 2789 2826 2864 tutti)

234 2870 262 2931 i
304 2869 710 2933 Giansenisti.
759 2867 1010 2931 Costoro
1095 2870 1296 2931 nando
1339 2870 1640 2932 insinuat·
1683 2867 1963 2948 voqliono
2009 2887 2095 2932 un
2158 2885 2372 2931 errore
2435 2868 2552 2946 piu
2613 2866 2824 2930 ribut-

234 2956 428 3013 tante.
476 2951 531 3012 lo
572 2965 887 3029 spazzano
933 2950 1000 3011 in
1087 2951 1275 3025 rani,
1317 2968 1347 3011 e
1392 2949 1437 3012 li
1482 2955 1700 3029 pettan
1743 2965 1865 3028 qua
1909 2967 1939 3011 e
1991 2950 2054 3011 ia
2097 2950 2507 3012 divisamente
2549 2948 2652 3011 nei
2696 2948 2827 3010 loro

229 3031 489 3093 scritti:
531 3046 605 3091 ne
645 3029 838 3109 fanno
883 3028 1024 3093 bere
1066 3030 1115 3093 il
1156 3032 1361 3093 velcno
1405 3047 1444 3093 a
1488 3031 1693 3098 sorsi,·
1736 3047 1811 3092 ne
1852 3032 1883 3091 e
1924 3032 2133 3109 percio
2193 3031 2324 3110 aqli
2370 3029 2615 3093 incauti
2655 3045 2828 3090 meno

229 3111 525 3173 dannoso.
569 3110 677 3174 Ma
720 3109 823 3172 chi
863 3127 901 3172 a
945 3109 1126 3190 fondo
1187 3128 1435 3175 conosce
1480 3109 1530 3172 il
1590 3110 1722 3172 loro
1787 3110 2101 3192 malvayio
2163 3112 2413 3191 diseyno
2440 3159 2455 3188 ,
2498 3126 2571 3172 sa
2615 3107 2728 3174 ben
2774 3110 2828 3171 ie

229 3208 450 3272 sparse
492 3189 768 3255 membra
808 3190 907 3252 del
945 3199 1179 3254 mostro
1222 3189 1608 3271 raccoqliere
1637 3210 1668 3251 e
1698 3194 2095 3264 avvtcinare:
2134 3192 2344 3254 allora
2376 3194 2427 3268 ἑ,
2458 3190 2564 3253 che
2610 3191 2632 3251 i
2674 3207 2820 3251 sem·

219 3272 386 3351 plici
430 3270 721 3351 leqqitori
761 3278 1012 3334 sentono
1069 3279 1232 3335 tutto
1274 3273 1324 3334 il
1366 3273 1659 3334 satutare
1701 3270 2019 3348 ribrezw,
2059 3290 2090 3335 e
2134 3273 2393 3335 l'orrore
2434 3272 2655 3334 dovuto
2692 3270 2827 3333 alla

230 3352 525 3414 ereticaIe
565 3351 858 3416 dottrina
897 3350 945 3414 ⁴.

390 3438 457 3510 c)
499 3432 709 3495 Tertia
754 3430 971 3510 regula
1024 3442 1142 3508 est,
1193 3430 1359 3510 quod
1409 3430 1616 3494 ferme
1644 3429 1943 3494 omnibus
1988 3433 2312 3495 haereticis
2343 3442 2442 3494 est
2471 3433 2823 3511 proprium,

229 3520 303 3574 ut
343 3513 396 3573 si
443 3513 585 3590 quis
628 3529 737 3574 eos
801 3512 1113 3575 benevole
1179 3512 1257 3574 de
1323 3529 1546 3574 errore
1611 3513 1980 3588 monuerit,
2030 3513 2150 3591 ipsi
2198 3513 2323 3575 cito
2371 3513 2483 3575 irae
2529 3511 2828 3573 fluctibus

229 3600 611 3668 exaestuent,
659 3608 773 3672 pro
820 3592 1155 3655 benefacto
1193 3592 1604 3655 maledictum
1654 3602 1998 3671 rogarant,
2042 3594 2351 3655 conviciis
2394 3604 2458 3655 et
2501 3603 2828 3654 contume-

228 3670 337 3732 liis
381 3683 600 3735 contra
650 3674 1028 3734 monitorem
1077 3674 1449 3749 insaniant,
1495 3688 1705 3751 neque
1752 3673 1971 3735 doceri
2032 3672 2166 3735 ullo
2232 3671 2420 3735 modo
2478 3674 2824 3751 patiantur.

227 3751 432 3830 Hujus
478 3754 570 3817 rei
617 3752 979 3830 exemplum
1027 3754 1334 3816 babemus
1378 3755 1445 3816 in
1490 3753 1772 3816 Luthero
1817 3752 2212 3817 Novatorum
2261 3752 2452 3815 facile
2498 3753 2824 3831 principe:

229 3849 491 3896 suorum
537 3849 766 3912 nempe
811 3849 1102 3896 errorum
1152 3834 1337 3896 initio
1384 3850 1416 3896 a
1467 3835 1623 3896 viris
1670 3833 1876 3896 doctis
1909 3836 2113 3896 amice
2147 3833 2536 3909 admonitus,
2580 3832 2822 3895 nedum

228 3929 298 3975 se
344 3914 759 3987 emendaret,
811 3914 936 3975 imo
985 3914 1047 3974 in
1098 3913 1348 3993 peiores
1396 3914 1637 3977 furiose
1687 3912 2017 3993 prolapsus
2063 3922 2191 3976 est:
2237 3929 2271 3976 a
2317 3914 2525 3975 Leone
2570 3928 2725 3992 papa
2772 3912 2820 3975 X

227 3993 698 4056 humanissime
741 4003 1086 4069 correctuS,
1127 4005 1352 4056 contra
1401 3995 1611 4073 ipsu-m
1658 4002 1879 4072 aperte
1924 3998 2118 4073 coepit
2160 3993 2566 4069 debacchari,
2587 3994 2827 4073 sicque,

227 4073 455 4153 abysso
500 4076 797 4155 abyssum
845 4077 1199 4150 invocante,
1246 4077 1310 4136 in
1358 4073 1756 4153 profundum
1805 4073 2063 4137 tandem
2111 4073 2378 4136 devenit
2419 4071 2472 4133 ⁵.

290 4400 314 4440 ¹
352 4401 528 4453 Mattn.
560 4412 653 4453 vn.
1274 4400 1299 4442 ²
1335 4414 1370 4464 1,
1406 4400 1637 4453 Timoth.
1675 4412 1747 4452 vn.

291 4464 314 4503 ⁸
347 4476 364 4514 t
401 4464 657 4515 Adversus
687 4465 922 4523 hoereses,
955 4474 999 4515 c.
1035 4476 1149 4515 xiv.

290 4525 314 4566 ⁴
348 4527 555 4578 Lettera
585 4539 620 4576 11
654 4526 735 4579 sul
773 4522 971 4578 Sinodo
1001 4526 1054 4578 di
1093 4525 1312 4589 Pistoja.

290 4587 313 4627 ⁸
356 4589 408 4637 V.
446 4589 663 4648 Gaume,
699 4588 1007 4641 catechismo
1038 4596 1169 4650 ecc„
1207 4603 1254 4653 p.
1287 4589 1363 4650 3⁸,
1395 4585 1490 4637 lez.
1528 4598 1653 4639 xcv.
1690 4612 1753 4626 -
1784 4587 1847 4635 Et
1880 4587 2121 4638 maxime
2171 4588 2418 4647 Bossuet,
2459 4586 2635 4641 Storia
2689 4589 2821 4639 tiene

233 4649 583 4702 Vaniazioni...
618 4649 705 4702 ubi
741 4652 806 4702 ad
845 4653 1027 4703 vivum
1063 4651 1349 4716 pinguntur
1382 4649 1596 4701 Lutheri
1634 4648 1825 4701 rabies
1852 4650 2012 4713 atque
2043 4649 2278 4703 furores,
